2184 3840
851 190 1307 234 onruch.
1844 183 1964 242 821

187 324 377 384 ollis
425 323 691 385 vultus
735 333 916 383 erat.
1022 320 1175 396 Quis
1229 340 1379 384 vero
1435 320 1556 382 sibi
1600 324 1968 403 persuadeat

184 423 555 496 Arnobium‚
610 441 798 504 quum
855 433 1056 484 cetera
1097 424 1543 504 perspexisset,
1586 423 1857 484 haesisse
1899 427 1965 485 in

184 524 492 583 facillimis
534 529 679 594 παῖς
721 524 786 587 δ’
831 520 941 604 ᾖεν
970 526 1199 605 Ἴακχος
1242 535 1424 605 atque
1467 524 1608 583 hinc
1638 523 1965 584 ridiculam

181 624 351 682 illam
397 623 476 683 de
514 624 786 701 levigato
832 642 1033 684 cunno
1077 625 1398 685 historiam
1439 622 1785 694 effinxisse?
1845 626 1965 684 Ita-

178 742 297 803 que
353 724 462 784 alii
503 732 614 789 aut
657 721 1035 784 Clementem
1079 735 1187 786 aut
1227 725 1575 786 Arnobium
1619 744 1658 786 a
1699 724 1968 784 librariis

178 834 534 904 corruptum
559 823 995 899 ··crediderunt;
1039 826 1216 886 illum
1260 825 1623 907 Leopardus
1666 828 1734 885 et
1767 821 1967 886 Hein-

178 927 336 998 sius,
392 943 654 1005 quorum
713 926 870 984 alter
923 926 1127 986 Emm.
1174 927 1276 985 VI.
1321 922 1422 986 25.
1480 932 1625 997 παῖς
1667 925 1964 1006 νηπίαχος

176 1026 244 1088 δ’
289 1024 388 1107 ἦν)
432 1025 728 1085 Heinsius
771 1023 1064 1105 παιὸήιον
1107 1028 1310 1097 ἄνθος
1353 1024 1538 1087 scribi
1573 1026 1762 1103 jussit
1804 1027 1966 1084 etin

176 1146 298 1205 seq.
348 1126 512 1209 χειρί
562 1152 627 1187 τε
682 1149 794 1206 μιν
848 1125 1181 1204 ῥίπτασκεν
1235 1131 1302 1208 ἑῇ
1358 1125 1602 1208 Βαυβιὸ
1655 1125 1776 1189 ὑπὸ
1822 1123 1964 1188 κόλ-

174 1251 329 1296 πους
348 1222 444 1310 [‘¹].
531 1223 878 1285 Arnobium
923 1226 1213 1287 emendat
1253 1226 1562 1288 Meursi-us
1605 1226 1800 1286 Lectt.
1835 1224 1962 1285 Att.

172 1328 219 1386 1.
270 1324 366 1386 15.
418 1325 609 1386 1046.
665 1344 852 1406 quas
897 1345 1088 1388 cava
1131 1329 1576 1389 succutiens
1619 1326 1961 1386 Bacchus

172 1445 429 1501 manu,
474 1427 606 1500 vel,
650 1446 729 1487 ne
773 1438 1040 1488 metrum
1082 1428 1353 1516 laboret,
1396 1428 1673 1489 Bacchi
1716 1444 1959 1488 manu.

174 1526 300 1588 Sed
344 1525 423 1586 de
456 1527 694 1587 Baccho
739 1529 876 1589 sive
909 1529 1125 1589 Iaccho
1169 1530 1326 1590 nihil
1370 1530 1590 1608 legisse
1613 1527 1962 1588 Arnobium

174 1627 509 1688 ostendunt
564 1626 759 1688 verba
801 1629 962 1706 ejus:
1027 1640 1325 1710 partem
1382 1629 1603 1690 illam
1657 1629 1965 1706 levigat

172 1732 248 1789 in
302 1730 642 1809 speciem
695 1727 1033 1789 nondum
1092 1729 1266 1788 duri
1312 1730 1690 1812 pusionis.
1748 1726 1961 1807 Neque

171 1830 424 1890 omnino
493 1829 817 1908 quisquam
877 1837 1159 1890 veterum
1215 1831 1281 1888 in
1335 1830 1450 1889 hac
1509 1847 1697 1889 causa
1737 1829 1960 1902 Iacchi,

170 1929 489 1990 daemonis
532 1928 799 2010 mystici,
842 1929 1222 2005 mentionem
1264 1931 1495 2010 injecit,
1540 1931 1647 2011 qui
1690 1928 1826 1992 sive
1867 1939 1961 1989 est

171 2019 429 2092 Cereris
467 2029 628 2088 filius
650 2029 726 2109 [⁰]
786 2029 920 2115 sive
979 2030 1418 2114 Proserpinae,
1495 2033 1632 2094 sive
1687 2031 1960 2108 Dionysi

170 2135 307 2195 sive
348 2131 671 2206 Dionysus
725 2130 895 2210 ipse,
954 2140 1117 2191 certe
1158 2132 1305 2194 huic
1344 2131 1594 2193 fabulae
1637 2150 1763 2193 non
1806 2132 1959 2192 deus

291 2298 354 2361 [d]
387 2301 560 2344 Pauwii
601 2300 923 2344 emendationes
964 2302 1019 2345 ad
1063 2304 1222 2347 Anacr.
1252 2317 1297 2360 p.
1331 2302 1430 2348 181.
1472 2310 1518 2347 et
1545 2302 1867 2348 Eschenbachii
1893 2303 1958 2346 in-

170 2361 504 2420 terpretationes
534 2358 692 2416 Epigr.
723 2374 766 2416 p.
797 2358 868 2401 23.
899 2361 1078 2417 perinde
1106 2361 1277 2417 ineptas
1306 2366 1552 2419 praetereo.

288 2430 355 2488 [θ]
388 2427 535 2472 Schol.
566 2427 702 2470 Arist.
730 2427 871 2471 Rann.
901 2425 1000 2471 326.
1040 2428 1306 2485 συνίδρυται
1334 2430 1389 2489 τῇ
1417 2425 1625 2489 Δήμητρι
1655 2428 1679 2475 ὃ
1710 2427 1955 2481 Διόνυσος·

168 2492 257 2536 εἰσὶ
295 2491 411 2548 γοῦν
450 2488 581 2541 οἵπερ
620 2487 767 2544 φασὶν
803 2484 942 2530 αὐτὸν
981 2485 1282 2546 Περσεφόνης
1318 2483 1451 2533 εἶναι.
1494 2490 1540 2533 οἱ
1581 2488 1632 2533 δὲ
1670 2492 1722 2550 τῇ
1751 2486 1822 2541 Δή
1861 2505 1960 2548 ητρι,

169 2549 506 2608 συγγενέσθαι,
547 2542 677 2589 ἄλλοι
706 2543 758 2589 δὲ
786 2543 941 2606 ἕτερον
969 2548 1050 2590 τοῦ
1079 2543 1308 2592 Διονύσου
1338 2541 1454 2590 εἶναι
1483 2545 1564 2592 τὸν
1581 2543 1780 2606 Ἴακχον.
1847 2549 1959 2592 chol.

169 2610 299 2652 Arist.
344 2621 387 2664 p.
416 2603 517 2649 213.
556 2601 637 2649 τὸν
667 2597 851 2662 Ἴακχον
889 2605 1103 2663 λέγουσιν
1141 2600 1259 2650 εἶναι
1299 2602 1563 2666 Δήμητρος,
1601 2605 1682 2651 τὸν
1711 2606 1850 2653 αὐτὸν
1880 2608 1958 2651 καὶ

170 2664 419 2721 Διόνυσον,
459 2659 587 2708 ἄλλοι
628 2662 680 2707 δὲ
719 2661 866 2706 παῖδα
906 2661 1153 2709 Διονύσου.
1210 2665 1420 2708 Arrianus
1449 2665 1571 2708 Alex.
1606 2666 1673 2709 16.
1704 2666 1955 2723 Dionysum,

168 2726 350 2770 Athenis
389 2723 574 2774 cultum3
620 2721 708 2764 cui
748 2722 1000 2765 Iacchus
1042 2724 1365 2777 accinitur,
1415 2722 1537 2767 Jovis
1581 2730 1628 2768 et
1666 2724 1955 2782 Proserpinae

166 2786 301 2829 filium
331 2783 459 2835 dicit,
488 2788 539 2824 ut
566 2780 713 2823 Schol.
743 2779 851 2824 Eur.
882 2781 1029 2824 Orest.
1059 2780 1161 2826 952.
1202 2784 1441 2832 καλλίπαις
1468 2782 1569 2827 θεὰν
1587 2781 1614 2832 ἠ
1642 2787 1955 2843 Περσέφασσα

167 2844 194 2900 ἡ
224 2839 482 2903 γεννήσασα
511 2837 592 2885 τὸν
609 2835 805 2896 Ἴακχον.
847 2840 1028 2884 Nonnus
1059 2840 1112 2884 L.
1141 2840 1347 2885 XLVIII.
1376 2840 1478 2885 950.
1507 2857 1573 2904 sq.
1618 2841 1802 2900 Dionysi
1832 2843 1953 2886 The-

164 2905 267 2947 bani
297 2909 342 2946 et
369 2903 537 2953 Aurae,
568 2914 595 2941 a
623 2898 809 2941 Bacchis
837 2897 1074 2942 Eleusiniis
1103 2900 1357 2943 educatum:

420 2961 496 3002 καὶ
525 2957 639 3002 θεὸν
667 2953 905 3003 ἱλάσκοντο
933 2956 1039 3018 μεθ’
1074 2961 1174 3005 υἱέα
1203 2961 1541 3019 Περσεφονείης

418 3019 496 3062 καὶ
524 3017 726 3076 Σεμέλης
752 3015 868 3076 μετὰ
897 3017 1058 3074 παῖδα,

420 3078 497 3120 καὶ
526 3071 712 3135 τριτάτῳ
743 3078 848 3120 νέον
875 3073 1024 3136 ὕμνον
1052 3072 1439 3136 ἔπεσμαράγησαν
1464 3073 1635 3135 Ἰάκχῳ,

420 3137 606 3195 Ζαγρέα
635 3134 926 3185 κυδαίνοντες
953 3133 982 3179 ἅ
1021 3152 1050 3180 α
1079 3139 1176 3193 Βρο
1217 3140 1269 3191 ίῳ
1300 3135 1376 3179 καὶ
1399 3128 1572 3193 Ἰάκχα).

171 3196 242 3238 sed
272 3196 354 3238 hoc
384 3194 610 3238 discrimen
640 3193 758 3238 tollit
785 3208 935 3237 rursus
963 3152 1017 3238 lq
1046 3152 1214 3238 XXXf
1240 3193 1311 3236 66.
1347 3208 1472 3251 quum
1501 3196 1710 3239 Junonem
1740 3194 1793 3237 de
1824 3194 1950 3238 semi-

171 3253 248 3295 deo
279 3255 492 3297 Thebano
521 3253 587 3296 ita
616 3250 861 3309 loquentem
891 3252 1080 3296 inducitt

421 3310 556 3365 Μηδὲ
587 3306 699 3371 λάχῃ
729 3314 864 3371 γέρας
893 3309 994 3356 ἶσον
1021 3311 1274 3367 Ἐλευσινίῳ
1304 3309 1524 3369 Διονύσῳ,

419 3368 482 3425 μὴ
512 3369 685 3419 τελετὰς
715 3374 950 3431 προτέροιο
984 3367 1259 3420 διαλλάξειεν
1283 3365 1471 3426 Ἰάκχου.
