2150 3814
816 223 1266 270 onPnch.
1496 207 1547 298 Ἰ
1667 231 1669 234 ·
1765 210 1990 294 10694

152 364 286 442 pita
326 359 564 420 radiata
602 375 719 440 pro
760 354 1033 416 cornutis
1071 351 1266 431 accipi
1303 352 1609 431 potuisse,
1653 354 1755 414 vel
1798 354 1934 413 Mo·
1984 390 1987 395 ,

155 464 241 521 sis
300 460 584 539 exemplo
638 455 1018 534 cognoscitur
1053 453 1147 534 [⁰].
1234 451 1363 512 Nec
1416 453 1644 516 minus.
1677 454 1936 513 manife-

154 571 318 621 stum
367 558 791 637 Trophonium
819 562 1090 635 -quoque‘
1141 561 1204 611 et
1257 552 1318 612 S.
1374 551 1713 613 Martinum
1771 553 1936 612 Solis

153 658 438 736 symbola
480 674 645 729 esse,
705 674 849 715 nam
893 656 989 714 his
1046 652 1217 713 idem
1273 671 1459 730 genus
1516 653 1939 732 placentarum

151 777 390 818 sacrum
432 757 651 836 fuit[1’]
710 757 778 814 in
825 754 1008 814 rebus
1052 763 1258 814 autem
1301 753 1734 830 mythologicis
1778 751 1937 811 obti-

149 868 273 931 net,
304 876 462 938 quae
485 875 788 937 nusquam
813 855 981 927 alibi,
1017 853 1227 932 regula
1256 872 1461 926 aurea,
1499 864 1569 912 ut
1596 871 1696 912 res
1726 852 1934 914 diver-

151 959 462 1031 sissimae,
517 959 573 1017 si
614 956 805 1016 modo
848 973 1048 1036 parva
1101 954 1305 1031 aliqua
1346 955 1413 1010 in
1455 962 1632 1030 parte
1675 955 1835 1012 inter
1870 971 1936 1012 se

151 1068 502 1137 congruant,
547 1076 738 1116 unum
783 1063 847 1114 et
886 1053 1052 1112 idem
1096 1052 1307 1112 valere
1349 1052 1789 1132 existimentur.

322 1157 527 1216 Verbo
569 1165 832 1232 tangam.
857 1153 1179 1228 Galaxiam
1217 1151 1569 1210 Diaconion
1609 1159 1671 1210 et
1704 1151 1940 1227 Encry-

151 1258 359 1336 phion.
385 1255 762 1332 Hesychius:
801 1251 1077 1324 Γαλάξια
1109 1252 1288 1335 ἑορτὴ
1325 1247 1458 1333 ἕνῇ
1489 1254 1712 1335 ἕψουσι
1747 1259 1940 1338 γαλα-

151 1357 308 1427 ξίαν·
336 1360 471 1420 ἔστι·
488 1355 557 1419 δὲ
583 1353 805 1449 πόλτος
834 1353 1120 1438 κρίθινος
1145 1356 1212 1416 ἓν
1228 1339 1507 1438 γάλακτι.
1540 1350 1706 1434 quod
1725 1351 1940 1411 Meur-

150 1458 278 1516 sius
318 1456 400 1516 ad
431 1456 742 1537 Apollinis
780 1454 1027 1514 Galaxii
1063 1453 1366 1513 solemnia
1386 1454 1622 1527 retulit,
1659 1451 1939 1518 nondum

151 1559 395 1635 cognito
420 1557 778 1616 testimonio
795 1552 1026 1615 Anecd.
1052 1552 1246 1615 Bekk.
1271 1572 1333 1633 p.
1357 1552 1499 1611 229.
1523 1550 1786 1638 γαλάξια
1807 1556 1941 1635 ἑορ-
1988 1618 1990 1620 μ

1495 1649 1523 1657 ω

152 1658 227 1736 τὴ
262 1655 558 1737 Ἀθήνῃσι
583 1655 803 1737 Μητρὶ
841 1659 1016 1721 θεῶν
1054 1654 1346 1737 ἀγομένη,
1383 1656 1450 1716 ἐν
1483 1658 1522 1732 ῂ
1564 1655 1787 1735 ἕψουσι
1824 1651 1941 1731 τὴν

151 1757 454 1842 γαλαξίαν
479 1765 589 1815 etc.
632 1755 732 1814 De
761 1751 1029 1814 secundo
1059 1751 1309 1811 Suidas:
1329 1754 1650 1830 Ἀθηναῖοι
1673 1751 1828 1814 ὅταν
1849 1758 1942 1833 τῷ

147 1855 477 1920 Ἀπόλλωνι
521 1856 637 1934 τὴν
680 1850 1036 1937 εἶρεσιιόνην
1072 1859 1317 1924 ποιᾶσι,
1364 1849 1704 1914 πλάττουσι
1741 1848 1941 1933 λύραν

151 1957 257 2019 καὶ
285 1954 551 2035 κοτύλην
579 1954 685 2017 καὶ
710 1962 911 2035 κλῆμα
938 1953 1044 2015 καὶ
1072 1954 1228 2015 ἄλλα
1262 1960 1595 2036 κυκλοτερῆ
1627 1953 1937 2035 πέμματα.

152 2057 530 2134 Hesychius:
587 2052 924 2118 Διακόνιον
978 2053 1150 2135 μᾶζα
1203 2052 1243 2131 ’ἢ
1302 2053 1504 2134 ζωμὸς
1563 2052 1673 2114 καὶ
1709 2052 1748 2131 ἡ
1791 2076 1940 2135 κρη-

154 2159 255 2227 πὶς
282 2159 357 2238 [¹¹]
412 2163 527 2219 τοῦ
589 2162 1002 2226 πλακοῦντος,
1064 2156 1122 2215 οἱ
1175 2152 1244 2214 δὲ
1299 2154 1592 2234 πέμματα
1641 2159 1749 2231 τῆς
1792 2157 1940 2234 εἶρε-

156 2255 396 2336 σιώνης.
482 2256 581 2314 De
624 2255 808 2313 tertio
852 2253 1074 2313 Athen.
1117 2251 1220 2310 IH.
1269 2251 1407 2314 110.
1453 2252 1521 2310 Β.
1582 2250 1936 2336 ἐγκρυφίας·

128 2359 234 2420 ’ὃν
276 2356 381 2419 καὶ
416 2355 824 2438 Ἀλεξανδρεῖς
866 2362 956 2436 τῷ
999 2351 1225 2435 Κρόνῳ
1251 2354 1670 2435 ,ἀφιεροῦντες
1723 2375 1939 2435 προτι-

156 2458 382 2520 θέασιν
424 2455 661 2519 ἐσθίειν
702 2463 793 2537 τῷ
834 2452 1199 2536 βουλομένῳ
1255 2455 1323 2515 ἐν
1376 2460 1467 2534 τῷ
1521 2460 1635 2515 τοῦ
1688 2450 1942 2536 Κρόνου

276 2697 349 2755 [0]
395 2712 437 2739 v.
468 2694 657 2751 Deiling.
716 2694 784 2737 De
814 2693 937 2736 vultu
964 2692 1103 2737 Mosis
1132 2692 1331 2735 radiante
1361 2656 1548 2736 Observ.
1579 2692 1702 2736 VIII.
1732 2693 1783 2736 P.
1812 2692 1895 2735 111.

278 2798 351 2856 [Ρ]
396 2798 463 2840 De
493 2794 746 2853 Trophonio
776 2809 819 2838 v,
850 2793 1096 2839 Hemsterh.
1139 2793 1195 2836 ad
1232 2793 1413 2837 Lucian.
1455 2794 1569 2836 Dial.
1609 2794 1744 2841 Mort.
1773 2794 1937 2849 111..§.

155 2857 199 2901 2.
241 2858 293 2900 si
321 2871 427 2910 vera
464 2861 534 2899 est
562 2855 820 2898 Middletoni
858 2854 1071 2896 sententia
1109 2853 1422 2910 (conformites
1451 2853 1506 2896 de
1535 2853 1702 2895 Cerem.
1741 2867 1783 2912 p.
1816 2853 1939 2909 122.)

160 2917 208 2958 S.
247 2916 430 2960 Martini
466 2914 674 2958 solemnia
711 2912 1034 2968 Pithoegiorum
1073 2912 1338 2955 imitamenta
1378 2926 1498 2964 esse,
1547 2911 1753 2956 Sanctum
1797 2913 1938 2969 ipsum

157 2974 396 3032 Dionysum
411 2971 559 3018 'fuisse
590 2975 761 3031 oportet
790 2977 835 3015 et
862 2971 1034 3028 quidem
1062 2971 1257 3014 solarem.

279 3075 355 3131 [q]
401 3078 451 3117 K
474 3077 579 3129 ηπίς
614 3073 687 3117 hic
726 3086 811 3115 non
839 3072 1027 3116 balteum
1058 3072 1277 3128 significat
1305 3071 1382 3115 sed
1409 3070 1608 3115 infusum.
1665 3070 1937 3129 Hesychius:

162 3135 338 3193 Κρηπὶς
365 3131 414 3177 τὸ
467 3136 645 3192 πιθεμα
673 3134 764 3176 τῶν
792 3128 992 3190 ἐγχύτων
1021 3128 1338 3175 πλακούντων·
1395 3144 1505 3187 quae
1535 3130 1750 3188 hodieque
1777 3145 1939 3175 vocan-

158 3196 232 3233 tur
260 3191 652 3238 Gueskuchen.
711 3190 779 3233 De
803 3191 870 3232 his
894 3191 1121 3246 jamsatis
1152 3189 1310 3232 dictum
1341 3188 1395 3231 ad
1427 3188 1525 3231 Cat.
1554 3189 1608 3232 R.
1637 3190 1759 3239 R.‚c.
1790 3189 1861 3233 80.
1891 3193 1937 3232 et

161 3262 269 3305 quos
295 3250 521 3293 Jacobsius
549 3250 745 3295 nominat·
768 3249 824 3292 ad
852 3249 1061 3293 Palladae
1090 3249 1244 3305 Epigr.
1273 3248 1332 3290 ΙΙ.
1364 3247 1421 3290 T.
1451 3247 1505 3290 X.
1534 3263 1578 3306 p.
1609 3248 1708 3293 213.
1751 3249 1938 3292 Glossae

162 3307 488 3352 Subitillum
515 3310 855 3367 interpretantur
883 3309 1089 3363 ἕνθυτον,
1121 3321 1199 3364 pro
1231 3321 1315 3363 quo
1346 3307 1538 3364 ἔγχυτον
1561 3307 1854 3362 substituunt;
1883 3307 1937 3350 de

161 3366 234 3408 illo
265 3365 508 3410 Athenaeus
536 3367 684 3411 eadem
714 3370 807 3411 fere
836 3381 947 3423 quae
976 3368 1134 3410 Festus
1165 3366 1219 3408 de
1249 3365 1480 3409 Subucula.
