2150 3814
741 230 1303 277 sAMornnAclA.
1765 224 1923 286 1161

147 366 266 448 Ap.
325 368 364 426 Ι.
422 387 470 427 c.
527 381 785 446 quorum
840 363 957 422 etsi
1011 362 1253 421 numeri
1297 360 1678 443 discrepant,
1723 375 1931 429 tamen

149 486 361 527 omnes
417 465 820 542 Dactylorum
882 472 944 521 et
998 479 1225 521 nomen
1283 471 1345 521 et
1389 474 1591 526 ortum
1640 484 1679 525 a
1722 464 1930 545 digitis

148 554 507 647 repetivisse
550 573 1023 624 consentaneum
1068 570 1178 622 est.

940 807 994 888 ξ.
1080 810 1139 867 2.

308 979 707 1062 Antiquiores
749 982 935 1060 igitur
977 981 1327 1060 scriptoreS,
1371 981 1426 1038 si
1455 978 1722 1043 Hesiodi
1753 994 1932 1064 prae-

141 1082 544 1142 termittimus
599 1081 1041 1141 testimoniumv
1069 1096 1294 1156 anceps
1339 1086 1403 1136 et
1446 1088 1932 1158 controversum,

140 1181 441 1257 Dactylos
497 1189 650 1240 natu
706 1180 976 1256 Phryges
1035 1177 1228 1237 fuisse
1272 1181 1662 1241 consentiunt
1678 1184 1777 1264 [⁶⁸]
1820 1183 1933 1244 sed

137 1281 545 1338 secessionem
587 1280 735 1339 facit
773 1278 1168 1359 Apollonius,
1214 1277 1444 1339 Titiam
1489 1290 1551 1340 et
1585 1278 1933 1359 Cyllenum‚

138 1397 292 1460 quos
309 1410 316 1415 -
334 1377 731 1457 Argonautae
775 1381 843 1439 in
867 1378 1113 1456 Mysiae
1157 1377 1426 1459 quadam
1471 1398 1581 1439 ora
1624 1381 1749 1443 una
1792 1404 1933 1446 cum

137 1488 335 1538 matre
377 1478 791 1558 Dindymene·
808 1480 1102 1560 precibus
1161 1490 1225 1539 et
1266 1482 1576 1542 sacrificiis
1618 1485 1932 1560 invocant,

139 1580 484 1639 omnium
540 1579 1062 1656 Dactylorum
1121 1577 1357 1640 Creta
1415 1583 1931 1646 oriundorum

136 1679 556 1740 nobilissimos
600 1679 964 1760 praedicans
1009 1691 1070 1740 et
1112 1684 1580 1777 potentissimos

390 1821 448 1873 οἳ
474 1824 656 1887 μοῦνοι
690 1823 894 1872 πολλῶν
926 1821 1226 1890 μοιραγέται
1261 1820 1353 1889 ἠδὲ
1388 1818 1636 1914 πάρεδροό

390 1905 612 1976 μητέρος
643 1903 833 1972 Ἰδαίης
867 1901 1139 1972 κεκλήαται
1177 1904 1324 1958 ὅσσοι
1358 1903 1469 1959 ἴασι

392 1989 654 2044 Δάκτυλοι
685 1988 862 2042 Ἰδαῖοι
897 1990 1180 2062 Κρηταιέες
1220 2023 1280 2031 -

135 2127 320 2208 idque
382 2137 515 2186 tum
559 2126 669 2184 alii
710 2127 1127 2205 posteriorum
1170 2127 1534 2208 subsequuti
1577 2138 1752 2202 suut,
1798 2137 1932 2190 tum

138 2229 327 2287 etiam
387 2224 676 2287 Chronici
730 2225 895 2284 Parii
950 2234 1214 2285 structor
1269 2227 1386 2308 Ep.
1431 2227 1537 2288 XI.
1592 2229 1822 2300 Μίνως
1867 2231 1930 2307 [ὃ

137 2331 408 2411 πρῶτος]
455 2326 811 2409 ἐβασίλευσε
853 2327 960 2388 καὶ
1003 2326 1343 2391 Κυδωνίαν
1388 2331 1568 2411 ᾤκισε
1612 2330 1719 2391 καὶ
1754 2329 1931 2410 σίδη-

138 2452 246 2511 ρος
290 2428 517 2511 εὑρέθη
563 2431 631 2490 ἐν
672 2435 747 2507 τῇ
779 2426 910 2506 Ἴδῃ
954 2424 1271 2508 εὑρόντων
1313 2436 1447 2492 τῶν
1482 2428 1728 2493 Ἰδαίων
1758 2435 1932 2493 Δακ-

134 2526 340 2591 τύλων
383 2529 642 2610 Κέλμιος
688 2527 822 2605 [καὶ
864 2529 1370 2608 Δαμναμενέως].
1460 2527 1633 2602 Quae
1677 2549 1776 2590 res
1819 2549 1932 2591 no-

136 2627 232 2688 bis
276 2629 516 2709 Ephori
573 2627 766 2690 verba
809 2629 874 2686 in
919 2629 1288 2688 memoriam
1331 2629 1521 2688 refert
1561 2631 1708 2701 τοὺς
1745 2631 1931 2694 Ἰδαί-

139 2753 248 2800 ους
290 2728 652 2799 Δακτύλους
710 2729 1007 2814 γενέσθαι
1064 2727 1184 2810 μὲν
1238 2731 1400 2792 κατὰ
1455 2729 1571 2809 τὴν
1600 2730 1770 2811 Ἴδην
1813 2731 1931 2813 τὴν

139 2830 205 2890 ἐν
248 2828 525 2914 Φρυγίᾳ,
571 2830 872 2911 διαβῆναι
917 2828 985 2892 δὲ
1029 2830 1185 2911 μετὰ
1226 2830 1490 2900 Μίνωος
1534 2835 1619 2900 εἷς
1649 2830 1767 2911 τὴν
1797 2833 1939 2896 Er}-¹

140 2925 352 3009 ρώπην
406 2926 594 2988 Diod.
640 2927 712 2987 V.
757 2927 859 2989 64.
917 2948 1106 3009 quae,
1167 2930 1287 2988 nisi
1344 2928 1638 2990 mendum
1697 2930 1928 3008 subest,

140 3045 214 3086 eo
270 3021 525 3088 consilio
583 3028 749 3089 dicta
799 3026 1093 3089 videntur
1146 3038 1217 3087 ut
1270 3028 1556 3091 diversae
1600 3041 1928 3094 auctorum

142 3125 219 3185 de
263 3124 445 3210 Creta
498 3137 560 3188 et
615 3128 693 3189 de
737 3129 1002 3207 Phrygia
1044 3132 1384 3190 sententiae
1426 3133 1492 3191 in
1536 3132 1929 3196 concordiam

187 3390 239 3433 ,η
263 3331 355 3386 [⁶0]
389 3331 668 3377 Levissimum
699 3333 923 3378 Plutarchi
954 3336 1238 3380 testimonium
1272 3333 1336 3374 De
1367 3331 1492 3378 Fluv.
1525 3348 1562 3377 c.
1575 3333 1696 3379 XIII.
1727 3339 1922 3395 praeter-

145 3404 197 3432 ιηι
241 3405 277 3431 ο.
