<?xml version="1.0" encoding="UTF-8"?>
<!DOCTYPE html PUBLIC "-//W3C//DTD XHTML 1.0 Transitional//EN"
    "http://www.w3.org/TR/xhtml1/DTD/xhtml1-transitional.dtd">
<html xmlns="http://www.w3.org/1999/xhtml" xml:lang="en" lang="en">
 <head>
  <title>
</title>
<meta http-equiv="Content-Type" content="text/html;charset=utf-8" />
  <meta name='ocr-system' content='tesseract 3.04.00' />
  <meta name='ocr-capabilities' content='ocr_page ocr_carea ocr_par ocr_line ocrx_word'/>
</head>
<body>
  <div class='ocr_page' id='page_1' title='image "./aglaophamussived02lobeuoft_0456.png"; bbox 0 0 2150 3814; ppageno 0'>
   <div class='ocr_carea' id='block_1_1' title="bbox 262 217 1484 281">
    <p class='ocr_par' dir='ltr' id='par_1_1' title="bbox 262 217 1484 281">
     <span class='ocr_line' id='line_1_1' title="bbox 262 217 1484 281; baseline -0.016 1"><span class='ocrx_word' id='word_1_1' title='bbox 262 217 424 281; x_wconf 82' lang='lat'><strong>1232</strong></span> <span class='ocrx_word' id='word_1_2' title='bbox 847 221 1078 267; x_wconf 80' lang='lat' dir='ltr'>LIBER</span> <span class='ocrx_word' id='word_1_3' title='bbox 1124 220 1484 264; x_wconf 83' lang='lat' dir='ltr'><strong>TERTIUS.</strong></span> 
     </span>
    </p>
   </div>
   <div class='ocr_carea' id='block_1_2' title="bbox 182 351 2129 2706">
    <p class='ocr_par' dir='ltr' id='par_1_2' title="bbox 182 351 2129 2706">
     <span class='ocr_line' id='line_1_2' title="bbox 182 351 2094 437; baseline 0.001 -23"><span class='ocrx_word' id='word_1_4' title='bbox 182 412 185 414; x_wconf 73' lang='grc'><strong>,</strong></span> <span class='ocrx_word' id='word_1_5' title='bbox 266 361 501 423; x_wconf 80' lang='lat' dir='ltr'><strong><em>Aelian.</em></strong></span> <span class='ocrx_word' id='word_1_6' title='bbox 547 356 617 415; x_wconf 84' lang='lat' dir='ltr'><strong><em>V.</em></strong></span> <span class='ocrx_word' id='word_1_7' title='bbox 663 355 742 418; x_wconf 92' lang='lat' dir='ltr'><strong><em>H.</em></strong></span> <span class='ocrx_word' id='word_1_8' title='bbox 789 355 833 414; x_wconf 89' lang='lat' dir='ltr'><strong><em>I.</em></strong></span> <span class='ocrx_word' id='word_1_9' title='bbox 878 354 976 415; x_wconf 84' lang='lat'><strong><em>30.</em></strong></span> <span class='ocrx_word' id='word_1_10' title='bbox 1038 351 1398 436; x_wconf 84' lang='grc' dir='ltr'><strong><em>Διόςκουροι</em></strong></span> <span class='ocrx_word' id='word_1_11' title='bbox 1438 359 1564 423; x_wconf 77' lang='grc' dir='ltr'><strong><em>τοῖς</em></strong></span> <span class='ocrx_word' id='word_1_12' title='bbox 1607 353 2030 437; x_wconf 48' lang='grc' dir='ltr'><strong><em>ὃειλαίοιςγει</em></strong></span> <span class='ocrx_word' id='word_1_13' title='bbox 2088 420 2094 434; x_wconf 50' lang='grc'><em>,</em></span> 
     </span>
     <span class='ocr_line' id='line_1_3' title="bbox 268 443 2029 544; baseline -0.007 -19"><span class='ocrx_word' id='word_1_14' title='bbox 268 460 526 544; x_wconf 76' lang='grc' dir='ltr'><strong><em>νώμεθα</em></strong></span> <span class='ocrx_word' id='word_1_15' title='bbox 580 462 843 538; x_wconf 82' lang='grc' dir='ltr'><strong><em>σωτῆρες</em></strong></span> <span class='ocrx_word' id='word_1_16' title='bbox 900 457 1061 518; x_wconf 72' lang='grc' dir='ltr'><strong><em>ἔνθα</em></strong></span> <span class='ocrx_word' id='word_1_17' title='bbox 1115 451 1184 534; x_wconf 84' lang='lat' dir='ltr'><strong><em>(f.</em></strong></span> <span class='ocrx_word' id='word_1_18' title='bbox 1229 451 1447 531; x_wconf 64' lang='grc' dir='ltr'><strong><em>εὐθύς)</em></strong></span> <span class='ocrx_word' id='word_1_19' title='bbox 1502 443 1805 539; x_wconf 55' lang='grc' dir='ltr'><strong><em>κάγαθοί</em></strong></span> <span class='ocrx_word' id='word_1_20' title='bbox 1830 476 2029 534; x_wconf 87' lang='grc' dir='ltr'><strong><em>παρα-</em></strong></span> 
     </span>
     <span class='ocr_line' id='line_1_4' title="bbox 272 526 2035 636; baseline -0.009 -11"><span class='ocrx_word' id='word_1_21' title='bbox 272 558 490 625; x_wconf 69' lang='grc' dir='ltr'><strong><em>στάται</em></strong></span> <span class='ocrx_word' id='word_1_22' title='bbox 518 555 613 636; x_wconf 78' lang='lat'><strong>[†].</strong></span> <span class='ocrx_word' id='word_1_23' title='bbox 698 553 994 614; x_wconf 83' lang='lat' dir='ltr'>Arrianus</span> <span class='ocrx_word' id='word_1_24' title='bbox 1047 551 1247 633; x_wconf 78' lang='lat' dir='ltr'><strong><em>Epict.</em></strong></span> <span class='ocrx_word' id='word_1_25' title='bbox 1303 551 1377 615; x_wconf 85' lang='grc' dir='ltr'><strong><em>Π.</em></strong></span> <span class='ocrx_word' id='word_1_26' title='bbox 1442 552 1537 612; x_wconf 90' lang='lat'><strong><em>18.</em></strong></span> <span class='ocrx_word' id='word_1_27' title='bbox 1603 526 2035 635; x_wconf 55' lang='lat' dir='ltr'><strong><em>281.j„3423210v</em></strong></span> 
     </span>
     <span class='ocr_line' id='line_1_5' title="bbox 274 638 2039 737; baseline -0.006 -14"><span class='ocrx_word' id='word_1_28' title='bbox 274 656 606 723; x_wconf 77' lang='grc' dir='ltr'><em>ἐπεκάλουν</em></span> <span class='ocrx_word' id='word_1_29' title='bbox 660 654 909 737; x_wconf 74' lang='grc' dir='ltr'><strong><em>βοηθὸν</em></strong></span> <span class='ocrx_word' id='word_1_30' title='bbox 961 649 1067 714; x_wconf 84' lang='grc' dir='ltr'><strong><em>καὶ</em></strong></span> <span class='ocrx_word' id='word_1_31' title='bbox 1107 650 1509 734; x_wconf 80' lang='grc' dir='ltr'><em>παραστάτην</em></span> <span class='ocrx_word' id='word_1_32' title='bbox 1552 654 1633 723; x_wconf 79' lang='grc' dir='ltr'><strong><em>ὥς</em></strong></span> <span class='ocrx_word' id='word_1_33' title='bbox 1674 638 1820 722; x_wconf 70' lang='grc' dir='ltr'><strong><em>τοὺς</em></strong></span> <span class='ocrx_word' id='word_1_34' title='bbox 1861 656 2039 720; x_wconf 89' lang='grc' dir='ltr'><strong><em>Διος-</em></strong></span> 
     </span>
     <span class='ocr_line' id='line_1_6' title="bbox 273 750 2042 842; baseline -0.008 -19"><span class='ocrx_word' id='word_1_35' title='bbox 273 756 534 842; x_wconf 81' lang='grc' dir='ltr'><strong><em>κούρους</em></strong></span> <span class='ocrx_word' id='word_1_36' title='bbox 595 758 661 819; x_wconf 79' lang='grc' dir='ltr'><strong><em>ἐν</em></strong></span> <span class='ocrx_word' id='word_1_37' title='bbox 709 761 970 835; x_wconf 81' lang='grc' dir='ltr'><strong><em>χειμῶνι</em></strong></span> <span class='ocrx_word' id='word_1_38' title='bbox 1025 752 1084 813; x_wconf 81' lang='grc' dir='ltr'><strong><em>οἱ</em></strong></span> <span class='ocrx_word' id='word_1_39' title='bbox 1123 752 1418 821; x_wconf 80' lang='grc' dir='ltr'><strong><em>πλέοντες.</em></strong></span> <span class='ocrx_word' id='word_1_40' title='bbox 1504 750 1774 811; x_wconf 82' lang='lat' dir='ltr'>Eosdem</span> <span class='ocrx_word' id='word_1_41' title='bbox 1818 751 2042 828; x_wconf 84' lang='lat' dir='ltr'>signifi-</span> 
     </span>
     <span class='ocr_line' id='line_1_7' title="bbox 273 849 2111 931; baseline -0.006 -13"><span class='ocrx_word' id='word_1_42' title='bbox 273 877 408 919; x_wconf 86' lang='lat' dir='ltr'>care</span> <span class='ocrx_word' id='word_1_43' title='bbox 461 852 708 916; x_wconf 82' lang='lat' dir='ltr'>videtur</span> <span class='ocrx_word' id='word_1_44' title='bbox 759 849 1118 931; x_wconf 80' lang='lat' dir='ltr'>&#39;Simplicius</span> <span class='ocrx_word' id='word_1_45' title='bbox 1162 851 1342 928; x_wconf 86' lang='lat' dir='ltr'><strong>Phys.</strong></span> <span class='ocrx_word' id='word_1_46' title='bbox 1386 850 1566 910; x_wconf 81' lang='lat' dir='ltr'>Auso.</span> <span class='ocrx_word' id='word_1_47' title='bbox 1609 850 1678 909; x_wconf 92' lang='lat' dir='ltr'><strong><em>L.</em></strong></span> <span class='ocrx_word' id='word_1_48' title='bbox 1721 851 1794 908; x_wconf 89' lang='lat' dir='ltr'><strong><em>H.</em></strong></span> <span class='ocrx_word' id='word_1_49' title='bbox 1823 851 1939 909; x_wconf 82' lang='lat'><strong><em>77.</em></strong></span> <span class='ocrx_word' id='word_1_50' title='bbox 1963 850 2041 908; x_wconf 85' lang='lat' dir='ltr'><strong><em>b.</em></strong></span> <span class='ocrx_word' id='word_1_51' title='bbox 2107 864 2111 868; x_wconf 77' lang='grc'><em>“</em></span> 
     </span>
     <span class='ocr_line' id='line_1_8' title="bbox 273 949 2047 1040; baseline -0.006 -19"><span class='ocrx_word' id='word_1_52' title='bbox 273 958 497 1040; x_wconf 76' lang='grc' dir='ltr'><strong><em>ἐτίμων</em></strong></span> <span class='ocrx_word' id='word_1_53' title='bbox 565 954 710 1023; x_wconf 75' lang='grc' dir='ltr'><strong><em>τοὺς</em></strong></span> <span class='ocrx_word' id='word_1_54' title='bbox 776 952 947 1035; x_wconf 80' lang='grc' dir='ltr'><strong><em>παρὰ</em></strong></span> <span class='ocrx_word' id='word_1_55' title='bbox 998 950 1223 1033; x_wconf 84' lang='grc' dir='ltr'><strong><em>μικρὸν</em></strong></span> <span class='ocrx_word' id='word_1_56' title='bbox 1276 952 1691 1031; x_wconf 76' lang='grc' dir='ltr'><strong><em>καλουμένους</em></strong></span> <span class='ocrx_word' id='word_1_57' title='bbox 1745 949 1933 1018; x_wconf 75' lang='grc' dir='ltr'><strong><em>θεοὺς</em></strong></span> <span class='ocrx_word' id='word_1_58' title='bbox 1989 951 2047 1011; x_wconf 79' lang='grc' dir='ltr'><strong><em>οἱ</em></strong></span> 
     </span>
     <span class='ocr_line' id='line_1_9' title="bbox 273 1051 2047 1137; baseline -0.006 -15"><span class='ocrx_word' id='word_1_59' title='bbox 273 1053 760 1137; x_wconf 76' lang='grc' dir='ltr'><strong><em>Λακεδαιμόνιοι</em></strong></span> <span class='ocrx_word' id='word_1_60' title='bbox 805 1053 887 1121; x_wconf 75' lang='grc' dir='ltr'><strong><em>ὥς</em></strong></span> <span class='ocrx_word' id='word_1_61' title='bbox 932 1059 1210 1135; x_wconf 80' lang='grc' dir='ltr'><strong><em>σωτῆρας</em></strong></span> <span class='ocrx_word' id='word_1_62' title='bbox 1252 1052 1347 1114; x_wconf 83' lang='grc' dir='ltr'><strong><em>ὅτι</em></strong></span> <span class='ocrx_word' id='word_1_63' title='bbox 1379 1051 1524 1121; x_wconf 77' lang='grc' dir='ltr'><strong><em>τοὺς</em></strong></span> <span class='ocrx_word' id='word_1_64' title='bbox 1557 1052 1889 1131; x_wconf 78' lang='grc' dir='ltr'><strong><em>μέλλοντας</em></strong></span> <span class='ocrx_word' id='word_1_65' title='bbox 1916 1072 2047 1112; x_wconf 85' lang='grc' dir='ltr'><strong><em>κιν-</em></strong></span> 
     </span>
     <span class='ocr_line' id='line_1_10' title="bbox 275 1145 2050 1233; baseline -0.007 -10"><span class='ocrx_word' id='word_1_66' title='bbox 275 1155 557 1223; x_wconf 75' lang='grc' dir='ltr'><strong><em>δυνεύειν</em></strong></span> <span class='ocrx_word' id='word_1_67' title='bbox 611 1155 680 1215; x_wconf 84' lang='grc' dir='ltr'><strong><em>τὸ</em></strong></span> <span class='ocrx_word' id='word_1_68' title='bbox 738 1152 908 1233; x_wconf 81' lang='grc' dir='ltr'><strong><em>παρὰ</em></strong></span> <span class='ocrx_word' id='word_1_69' title='bbox 960 1151 1186 1232; x_wconf 86' lang='grc' dir='ltr'><strong><em>μικρὸν</em></strong></span> <span class='ocrx_word' id='word_1_70' title='bbox 1240 1159 1352 1213; x_wconf 81' lang='grc' dir='ltr'><strong><em>τοῦ</em></strong></span> <span class='ocrx_word' id='word_1_71' title='bbox 1395 1151 1795 1214; x_wconf 72' lang='grc' dir='ltr'><strong><em>κινδυνεῦσαι</em></strong></span> <span class='ocrx_word' id='word_1_72' title='bbox 1837 1145 2050 1210; x_wconf 70' lang='grc' dir='ltr'><strong><em>διδόν-</em></strong></span> 
     </span>
     <span class='ocr_line' id='line_1_11' title="bbox 278 1249 2128 1331; baseline -0.01 -10"><span class='ocrx_word' id='word_1_73' title='bbox 278 1283 375 1327; x_wconf 90' lang='grc' dir='ltr'><strong><em>τες</em></strong></span> <span class='ocrx_word' id='word_1_74' title='bbox 433 1253 661 1327; x_wconf 73' lang='grc' dir='ltr'><strong><em>ἔσωζον</em></strong></span> <span class='ocrx_word' id='word_1_75' title='bbox 691 1252 782 1331; x_wconf 70' lang='grc' dir='ltr'><strong><em>[Ἴ.</em></strong></span> <span class='ocrx_word' id='word_1_76' title='bbox 886 1250 1058 1310; x_wconf 86' lang='lat' dir='ltr'>Haec</span> <span class='ocrx_word' id='word_1_77' title='bbox 1112 1251 1298 1327; x_wconf 86' lang='lat' dir='ltr'>igitur</span> <span class='ocrx_word' id='word_1_78' title='bbox 1352 1249 1900 1308; x_wconf 88' lang='lat' dir='ltr'>beneficentissima</span> <span class='ocrx_word' id='word_1_79' title='bbox 1941 1264 2052 1305; x_wconf 88' lang='lat' dir='ltr'><strong><em>nu-</em></strong></span> <span class='ocrx_word' id='word_1_80' title='bbox 2123 1309 2128 1321; x_wconf 47' lang='grc'><em>,</em></span> 
     </span>
     <span class='ocr_line' id='line_1_12' title="bbox 278 1345 2053 1429; baseline -0.007 -14"><span class='ocrx_word' id='word_1_81' title='bbox 278 1357 446 1416; x_wconf 87' lang='lat' dir='ltr'>mina</span> <span class='ocrx_word' id='word_1_82' title='bbox 498 1350 904 1411; x_wconf 86' lang='lat' dir='ltr'>Doriensibus</span> <span class='ocrx_word' id='word_1_83' title='bbox 955 1351 1160 1429; x_wconf 84' lang='lat' dir='ltr'>patria</span> <span class='ocrx_word' id='word_1_84' title='bbox 1214 1348 1292 1407; x_wconf 85' lang='lat' dir='ltr'><strong><em>ab</em></strong></span> <span class='ocrx_word' id='word_1_85' title='bbox 1349 1349 1486 1407; x_wconf 90' lang='lat' dir='ltr'>aliis</span> <span class='ocrx_word' id='word_1_86' title='bbox 1546 1351 1731 1408; x_wconf 89' lang='lat' dir='ltr'>etiam</span> <span class='ocrx_word' id='word_1_87' title='bbox 1776 1345 2053 1424; x_wconf 86' lang='lat' dir='ltr'>gentibus</span> 
     </span>
     <span class='ocr_line' id='line_1_13' title="bbox 279 1447 2054 1534; baseline -0.007 -20"><span class='ocrx_word' id='word_1_88' title='bbox 279 1461 524 1534; x_wconf 86' lang='lat' dir='ltr'>recepta</span> <span class='ocrx_word' id='word_1_89' title='bbox 580 1460 642 1509; x_wconf 89' lang='lat' dir='ltr'><strong><em>et</em></strong></span> <span class='ocrx_word' id='word_1_90' title='bbox 698 1468 835 1509; x_wconf 87' lang='lat' dir='ltr'><strong><em>cum</em></strong></span> <span class='ocrx_word' id='word_1_91' title='bbox 890 1448 1173 1528; x_wconf 87' lang='lat' dir='ltr'>pluribus</span> <span class='ocrx_word' id='word_1_92' title='bbox 1217 1447 1472 1506; x_wconf 88' lang='lat' dir='ltr'>deorum</span> <span class='ocrx_word' id='word_1_93' title='bbox 1514 1448 1869 1507; x_wconf 89' lang='lat' dir='ltr'>tutelarium</span> <span class='ocrx_word' id='word_1_94' title='bbox 1914 1462 2054 1504; x_wconf 88' lang='lat' dir='ltr'>con-</span> 
     </span>
     <span class='ocr_line' id='line_1_14' title="bbox 280 1540 2054 1630; baseline -0.006 -15"><span class='ocrx_word' id='word_1_95' title='bbox 280 1554 420 1615; x_wconf 88' lang='lat' dir='ltr'>fusa</span> <span class='ocrx_word' id='word_1_96' title='bbox 461 1558 620 1612; x_wconf 88' lang='lat' dir='ltr'>sunt.</span> <span class='ocrx_word' id='word_1_97' title='bbox 706 1549 1039 1607; x_wconf 85' lang='lat' dir='ltr'>Pausanias</span> <span class='ocrx_word' id='word_1_98' title='bbox 1081 1545 1159 1606; x_wconf 91' lang='lat' dir='ltr'><strong><em>X.</em></strong></span> <span class='ocrx_word' id='word_1_99' title='bbox 1205 1546 1305 1606; x_wconf 84' lang='lat'><strong><em>33.</em></strong></span> <span class='ocrx_word' id='word_1_100' title='bbox 1349 1547 1407 1606; x_wconf 86' lang='lat'><strong><em>3.</em></strong></span> <span class='ocrx_word' id='word_1_101' title='bbox 1444 1546 1853 1630; x_wconf 73' lang='grc' dir='ltr'><strong><em>χαραδραίοις</em></strong></span> <span class='ocrx_word' id='word_1_102' title='bbox 1892 1540 2054 1627; x_wconf 79' lang='grc' dir='ltr'><strong><em>ἡρώ-</em></strong></span> 
     </span>
     <span class='ocr_line' id='line_1_15' title="bbox 285 1644 2056 1733; baseline -0.006 -17"><span class='ocrx_word' id='word_1_103' title='bbox 285 1678 374 1718; x_wconf 91' lang='grc' dir='ltr'><strong><em>ων</em></strong></span> <span class='ocrx_word' id='word_1_104' title='bbox 425 1650 825 1733; x_wconf 78' lang='grc' dir='ltr'><strong><em>καλουμένων</em></strong></span> <span class='ocrx_word' id='word_1_105' title='bbox 879 1647 1034 1711; x_wconf 77' lang='grc' dir='ltr'><strong><em>εἰσὶν</em></strong></span> <span class='ocrx_word' id='word_1_106' title='bbox 1077 1650 1142 1710; x_wconf 79' lang='grc' dir='ltr'><strong><em>ἐν</em></strong></span> <span class='ocrx_word' id='word_1_107' title='bbox 1185 1652 1261 1725; x_wconf 83' lang='grc' dir='ltr'><strong><em>τῇ</em></strong></span> <span class='ocrx_word' id='word_1_108' title='bbox 1307 1649 1503 1730; x_wconf 74' lang='grc' dir='ltr'><strong><em>αἴθρᾳ</em></strong></span> <span class='ocrx_word' id='word_1_109' title='bbox 1545 1647 1754 1730; x_wconf 81' lang='grc' dir='ltr'><strong><em>βωμοὶ</em></strong></span> <span class='ocrx_word' id='word_1_110' title='bbox 1794 1645 1900 1708; x_wconf 79' lang='grc' dir='ltr'><strong><em>καὶ</em></strong></span> <span class='ocrx_word' id='word_1_111' title='bbox 1941 1644 2056 1706; x_wconf 81' lang='grc' dir='ltr'><strong><em>αὗ·-</em></strong></span> 
     </span>
     <span class='ocr_line' id='line_1_16' title="bbox 284 1742 2061 1830; baseline -0.006 -15"><span class='ocrx_word' id='word_1_112' title='bbox 284 1752 428 1822; x_wconf 79' lang='grc' dir='ltr'><strong><em>τοὺς</em></strong></span> <span class='ocrx_word' id='word_1_113' title='bbox 494 1753 553 1813; x_wconf 81' lang='grc' dir='ltr'><strong><em>οἱ</em></strong></span> <span class='ocrx_word' id='word_1_114' title='bbox 610 1749 727 1830; x_wconf 73' lang='grc' dir='ltr'><strong><em>μὲν</em></strong></span> <span class='ocrx_word' id='word_1_115' title='bbox 781 1745 1208 1830; x_wconf 82' lang='grc' dir='ltr'><strong><em>Λιοςκούρων,</em></strong></span> <span class='ocrx_word' id='word_1_116' title='bbox 1266 1749 1324 1808; x_wconf 82' lang='grc' dir='ltr'><strong><em>οἱ</em></strong></span> <span class='ocrx_word' id='word_1_117' title='bbox 1377 1746 1447 1809; x_wconf 73' lang='grc' dir='ltr'><strong><em>δὲ</em></strong></span> <span class='ocrx_word' id='word_1_118' title='bbox 1504 1746 1868 1830; x_wconf 74' lang='grc' dir='ltr'><strong><em>ἐπιχωρίων</em></strong></span> <span class='ocrx_word' id='word_1_119' title='bbox 1902 1742 2061 1808; x_wconf 84' lang='grc' dir='ltr'><strong><em>εἶναι’</em></strong></span> 
     </span>
     <span class='ocr_line' id='line_1_17' title="bbox 287 1843 2061 1935; baseline -0.008 -20"><span class='ocrx_word' id='word_1_120' title='bbox 287 1873 480 1935; x_wconf 85' lang='grc' dir='ltr'><strong><em>φασιν</em></strong></span> <span class='ocrx_word' id='word_1_121' title='bbox 521 1847 761 1931; x_wconf 80' lang='grc' dir='ltr'><strong><em>ἡρώων.</em></strong></span> <span class='ocrx_word' id='word_1_122' title='bbox 819 1845 1199 1925; x_wconf 78' lang='lat' dir='ltr'>eandemque</span> <span class='ocrx_word' id='word_1_123' title='bbox 1243 1844 1691 1906; x_wconf 86' lang='lat' dir='ltr'>dubitationem</span> <span class='ocrx_word' id='word_1_124' title='bbox 1714 1863 1868 1905; x_wconf 87' lang='lat' dir='ltr'>-esse</span> <span class='ocrx_word' id='word_1_125' title='bbox 1911 1843 2061 1903; x_wconf 85' lang='lat' dir='ltr'>dicit</span> 
     </span>
     <span class='ocr_line' id='line_1_18' title="bbox 287 1945 2061 2027; baseline -0.003 -17"><span class='ocrx_word' id='word_1_126' title='bbox 287 1969 415 2010; x_wconf 93' lang='lat' dir='ltr'><strong><em>non</em></strong></span> <span class='ocrx_word' id='word_1_127' title='bbox 471 1947 674 2007; x_wconf 90' lang='lat' dir='ltr'>solum</span> <span class='ocrx_word' id='word_1_128' title='bbox 742 1945 819 2004; x_wconf 88' lang='lat' dir='ltr'><strong><em>de</em></strong></span> <span class='ocrx_word' id='word_1_129' title='bbox 873 1945 1288 2006; x_wconf 85' lang='lat' dir='ltr'>Brasiatarum</span> <span class='ocrx_word' id='word_1_130' title='bbox 1332 1946 1551 2005; x_wconf 86' lang='lat' dir='ltr'>statuis</span> <span class='ocrx_word' id='word_1_131' title='bbox 1593 1946 1697 2004; x_wconf 88' lang='lat'><strong><em>111.</em></strong></span> <span class='ocrx_word' id='word_1_132' title='bbox 1742 1945 1842 2006; x_wconf 84' lang='lat'><strong><em>24.</em></strong></span> <span class='ocrx_word' id='word_1_133' title='bbox 1900 1947 2061 2027; x_wconf 82' lang='grc' dir='ltr'><strong><em>ἄκρα</em></strong></span> 
     </span>
     <span class='ocr_line' id='line_1_19' title="bbox 288 2038 2058 2127; baseline -0.005 -13"><span class='ocrx_word' id='word_1_134' title='bbox 288 2049 455 2114; x_wconf 79' lang='grc' dir='ltr'><strong><em>’ἐστὶν</em></strong></span> <span class='ocrx_word' id='word_1_135' title='bbox 510 2038 582 2111; x_wconf 78' lang='grc' dir='ltr'><strong><em>ἐν</em></strong></span> <span class='ocrx_word' id='word_1_136' title='bbox 632 2050 766 2114; x_wconf 81' lang='grc' dir='ltr'><strong><em>ταῖς</em></strong></span> <span class='ocrx_word' id='word_1_137' title='bbox 820 2046 1126 2127; x_wconf 86' lang='grc' dir='ltr'><strong><em>Βρασίαις</em></strong></span> <span class='ocrx_word' id='word_1_138' title='bbox 1177 2045 1282 2107; x_wconf 81' lang='grc' dir='ltr'><strong><em>καὶ</em></strong></span> <span class='ocrx_word' id='word_1_139' title='bbox 1336 2046 1422 2107; x_wconf 67' lang='grc' dir='ltr'><strong><em>ἐπ’</em></strong></span> <span class='ocrx_word' id='word_1_140' title='bbox 1481 2047 1636 2124; x_wconf 75' lang='grc' dir='ltr'><strong><em>αὐτῇ</em></strong></span> <span class='ocrx_word' id='word_1_141' title='bbox 1685 2050 1909 2125; x_wconf 79' lang='grc' dir='ltr'><strong><em>χαλκοῖ</em></strong></span> <span class='ocrx_word' id='word_1_142' title='bbox 1945 2067 2058 2106; x_wconf 81' lang='grc' dir='ltr'><strong><em>πο-</em></strong></span> 
     </span>
     <span class='ocr_line' id='line_1_20' title="bbox 289 2141 2062 2226; baseline -0.004 -15"><span class='ocrx_word' id='word_1_143' title='bbox 289 2147 512 2212; x_wconf 82' lang='grc' dir='ltr'><strong><em>ὃιαίων</em></strong></span> <span class='ocrx_word' id='word_1_144' title='bbox 563 2141 894 2223; x_wconf 76' lang='grc' dir='ltr'><strong><em>ἑστήκασιν</em></strong></span> <span class='ocrx_word' id='word_1_145' title='bbox 948 2145 1023 2206; x_wconf 80' lang='grc' dir='ltr'><strong><em>οὗ</em></strong></span> <span class='ocrx_word' id='word_1_146' title='bbox 1077 2143 1350 2226; x_wconf 81' lang='grc' dir='ltr'><strong><em>μείζονες</em></strong></span> <span class='ocrx_word' id='word_1_147' title='bbox 1404 2143 1617 2214; x_wconf 85' lang='grc' dir='ltr'><strong><em>πίλους</em></strong></span> <span class='ocrx_word' id='word_1_148' title='bbox 1659 2144 1756 2207; x_wconf 79' lang='grc' dir='ltr'><strong><em>ἐπὶ</em></strong></span> <span class='ocrx_word' id='word_1_149' title='bbox 1795 2150 1930 2214; x_wconf 83' lang='grc' dir='ltr'><strong><em>ταῖς</em></strong></span> <span class='ocrx_word' id='word_1_150' title='bbox 1969 2167 2062 2205; x_wconf 88' lang='grc' dir='ltr'><strong><em>κε-</em></strong></span> 
     </span>
     <span class='ocr_line' id='line_1_21' title="bbox 292 2242 2061 2332; baseline -0.003 -21"><span class='ocrx_word' id='word_1_151' title='bbox 292 2251 518 2332; x_wconf 79' lang='grc' dir='ltr'><strong><em>φαλαῖς</em></strong></span> <span class='ocrx_word' id='word_1_152' title='bbox 577 2246 845 2324; x_wconf 72' lang='grc' dir='ltr'><strong><em>ἔχοντες,</em></strong></span> <span class='ocrx_word' id='word_1_153' title='bbox 903 2245 1018 2306; x_wconf 75' lang='grc' dir='ltr'><strong><em>οὐκ</em></strong></span> <span class='ocrx_word' id='word_1_154' title='bbox 1071 2244 1215 2307; x_wconf 76' lang='grc' dir='ltr'><strong><em>οἶδα</em></strong></span> <span class='ocrx_word' id='word_1_155' title='bbox 1270 2249 1324 2306; x_wconf 74' lang='grc' dir='ltr'><strong><em>εἰ</em></strong></span> <span class='ocrx_word' id='word_1_156' title='bbox 1364 2242 1785 2329; x_wconf 82' lang='grc' dir='ltr'><strong><em>Διοςκούρους</em></strong></span> <span class='ocrx_word' id='word_1_157' title='bbox 1817 2251 1982 2327; x_wconf 84' lang='grc' dir='ltr'><strong><em>σφᾶς</em></strong></span> <span class='ocrx_word' id='word_1_158' title='bbox 2022 2243 2061 2322; x_wconf 82' lang='grc' dir='ltr'>ἢ</span> 
     </span>
     <span class='ocr_line' id='line_1_22' title="bbox 289 2341 2122 2431; baseline -0.003 -20"><span class='ocrx_word' id='word_1_159' title='bbox 289 2345 703 2431; x_wconf 77' lang='grc' dir='ltr'><strong><em>Κορύβαντας</em></strong></span> <span class='ocrx_word' id='word_1_160' title='bbox 756 2341 1106 2425; x_wconf 84' lang='grc' dir='ltr'><strong><em>νομίζουσι·</em></strong></span> <span class='ocrx_word' id='word_1_161' title='bbox 1161 2348 1322 2426; x_wconf 84' lang='grc' dir='ltr'><strong><em>τρεῖς</em></strong></span> <span class='ocrx_word' id='word_1_162' title='bbox 1374 2343 1440 2405; x_wconf 74' lang='grc' dir='ltr'><strong><em>δ’</em></strong></span> <span class='ocrx_word' id='word_1_163' title='bbox 1499 2343 1614 2410; x_wconf 83' lang='grc' dir='ltr'><strong><em>οὗν</em></strong></span> <span class='ocrx_word' id='word_1_164' title='bbox 1657 2345 1803 2418; x_wconf 79' lang='grc' dir='ltr'><strong><em>εἶσὶ,</em></strong></span> <span class='ocrx_word' id='word_1_165' title='bbox 1845 2345 2063 2426; x_wconf 78' lang='grc' dir='ltr'><strong><em>τέταρ-</em></strong></span> <span class='ocrx_word' id='word_1_166' title='bbox 2115 2381 2122 2406; x_wconf 72' lang='lat'>2</span> 
     </span>
     <span class='ocr_line' id='line_1_23' title="bbox 291 2442 2129 2526; baseline -0.005 -16"><span class='ocrx_word' id='word_1_167' title='bbox 291 2471 402 2511; x_wconf 92' lang='grc' dir='ltr'><strong><em>τον</em></strong></span> <span class='ocrx_word' id='word_1_168' title='bbox 457 2445 525 2508; x_wconf 76' lang='grc' dir='ltr'><strong><em>δὲ</em></strong></span> <span class='ocrx_word' id='word_1_169' title='bbox 575 2447 843 2521; x_wconf 72' lang='grc' dir='ltr'><strong><em>Ἀθηνᾶς</em></strong></span> <span class='ocrx_word' id='word_1_170' title='bbox 901 2445 1187 2526; x_wconf 76' lang='grc' dir='ltr'><strong><em>ἄγαλμα,</em></strong></span> <span class='ocrx_word' id='word_1_171' title='bbox 1246 2442 1357 2503; x_wconf 86' lang='lat' dir='ltr'><strong><em>sed</em></strong></span> <span class='ocrx_word' id='word_1_172' title='bbox 1398 2447 1588 2503; x_wconf 87' lang='lat' dir='ltr'>etiam</span> <span class='ocrx_word' id='word_1_173' title='bbox 1634 2442 1711 2502; x_wconf 87' lang='lat' dir='ltr'><strong><em>de</em></strong></span> <span class='ocrx_word' id='word_1_174' title='bbox 1754 2443 1872 2502; x_wconf 88' lang='lat' dir='ltr'>diis</span> <span class='ocrx_word' id='word_1_175' title='bbox 1912 2443 2062 2502; x_wconf 82' lang='lat' dir='ltr'>&#39;Am-</span> <span class='ocrx_word' id='word_1_176' title='bbox 2118 2503 2129 2522; x_wconf 25' lang='grc'><strong><em>,-</em></strong></span> 
     </span>
     <span class='ocr_line' id='line_1_24' title="bbox 293 2538 2123 2627; baseline -0.002 -21"><span class='ocrx_word' id='word_1_177' title='bbox 293 2545 701 2627; x_wconf 75' lang='lat' dir='ltr'>Phissensium</span> <span class='ocrx_word' id='word_1_178' title='bbox 760 2538 1047 2600; x_wconf 88' lang='lat' dir='ltr'>Cabirine</span> <span class='ocrx_word' id='word_1_179' title='bbox 1103 2543 1226 2600; x_wconf 88' lang='lat' dir='ltr'>sint</span> <span class='ocrx_word' id='word_1_180' title='bbox 1286 2559 1365 2600; x_wconf 87' lang='lat' dir='ltr'><strong><em>an</em></strong></span> <span class='ocrx_word' id='word_1_181' title='bbox 1391 2589 1395 2593; x_wconf 76' lang='lat'><em>,</em></span> <span class='ocrx_word' id='word_1_182' title='bbox 1418 2543 1707 2602; x_wconf 82' lang='lat' dir='ltr'>Dioscuri</span> <span class='ocrx_word' id='word_1_183' title='bbox 1749 2561 1829 2602; x_wconf 88' lang='lat' dir='ltr'><strong><em>an</em></strong></span> <span class='ocrx_word' id='word_1_184' title='bbox 1872 2540 2063 2619; x_wconf 87' lang='lat' dir='ltr'>Cory-</span> <span class='ocrx_word' id='word_1_185' title='bbox 2113 2602 2123 2622; x_wconf 24' lang='grc' dir='ltr'>ὲ</span> 
     </span>
     <span class='ocr_line' id='line_1_25' title="bbox 294 2638 2066 2706; baseline -0.002 0"><span class='ocrx_word' id='word_1_186' title='bbox 294 2646 509 2706; x_wconf 87' lang='lat' dir='ltr'>bantes</span> <span class='ocrx_word' id='word_1_187' title='bbox 562 2661 641 2703; x_wconf 90' lang='lat' dir='ltr'><strong><em>an</em></strong></span> <span class='ocrx_word' id='word_1_188' title='bbox 702 2638 997 2701; x_wconf 88' lang='lat' dir='ltr'>Curetes.-</span> <span class='ocrx_word' id='word_1_189' title='bbox 1053 2638 1282 2701; x_wconf 86' lang='lat' dir='ltr'>Verum</span> <span class='ocrx_word' id='word_1_190' title='bbox 1335 2642 1475 2702; x_wconf 87' lang='lat' dir='ltr'>hinc</span> <span class='ocrx_word' id='word_1_191' title='bbox 1516 2644 1582 2703; x_wconf 89' lang='lat' dir='ltr'><strong><em>in</em></strong></span> <span class='ocrx_word' id='word_1_192' title='bbox 1625 2643 1810 2702; x_wconf 83' lang='lat' dir='ltr'>aliam</span> <span class='ocrx_word' id='word_1_193' title='bbox 1852 2642 2066 2703; x_wconf 86' lang='lat' dir='ltr'>incidi-</span> 
     </span>
    </p>
   </div>
   <div class='ocr_carea' id='block_1_3' title="bbox 298 2804 2059 2930">
    <p class='ocr_par' dir='ltr' id='par_1_3' title="bbox 298 2804 2059 2930">
     <span class='ocr_line' id='line_1_26' title="bbox 298 2804 2059 2930; baseline -0.002 -56"><span class='ocrx_word' id='word_1_194' title='bbox 298 2828 496 2930; x_wconf 45' lang='lat' dir='ltr'><strong><em>&amp;GH-13]</em></strong></span> <span class='ocrx_word' id='word_1_195' title='bbox 556 2822 849 2884; x_wconf 82' lang='grc' dir='ltr'><strong><em>Παραστάται</em></strong></span> <span class='ocrx_word' id='word_1_196' title='bbox 900 2826 977 2868; x_wconf 88' lang='grc' dir='ltr'><strong><em>καὶ</em></strong></span> <span class='ocrx_word' id='word_1_197' title='bbox 1028 2826 1221 2884; x_wconf 87' lang='grc' dir='ltr'><strong><em>σωτῆρες</em></strong></span> <span class='ocrx_word' id='word_1_198' title='bbox 1283 2825 1463 2884; x_wconf 85' lang='lat' dir='ltr'><strong><em>Procop.</em></strong></span> <span class='ocrx_word' id='word_1_199' title='bbox 1519 2804 1630 2872; x_wconf 73' lang='lat' dir='ltr'><strong>Bell.</strong></span> <span class='ocrx_word' id='word_1_200' title='bbox 1681 2826 1815 2870; x_wconf 80' lang='lat' dir='ltr'><strong><em>Goth.</em></strong></span> <span class='ocrx_word' id='word_1_201' title='bbox 1865 2827 1941 2870; x_wconf 91' lang='lat' dir='ltr'><strong><em>IV.</em></strong></span> <span class='ocrx_word' id='word_1_202' title='bbox 1991 2826 2059 2870; x_wconf 89' lang='lat'><strong><em>19.</em></strong></span> 
     </span>
    </p>
   </div>
   <div class='ocr_carea' id='block_1_4' title="bbox 305 2981 2063 3333">
    <p class='ocr_par' dir='ltr' id='par_1_4' title="bbox 305 2981 2063 3333">
     <span class='ocr_line' id='line_1_27' title="bbox 419 2981 2062 3043; baseline -0.001 -16"><span class='ocrx_word' id='word_1_203' title='bbox 419 2985 492 3041; x_wconf 74' lang='lat' dir='ltr'><strong><em>[x]</em></strong></span> <span class='ocrx_word' id='word_1_204' title='bbox 547 2984 740 3027; x_wconf 85' lang='lat' dir='ltr'>Galenus</span> <span class='ocrx_word' id='word_1_205' title='bbox 769 2982 910 3025; x_wconf 87' lang='lat' dir='ltr'>Defin.</span> <span class='ocrx_word' id='word_1_206' title='bbox 953 2981 1068 3025; x_wconf 83' lang='lat' dir='ltr'><strong><em>Med.</em></strong></span> <span class='ocrx_word' id='word_1_207' title='bbox 1110 2996 1152 3038; x_wconf 85' lang='lat' dir='ltr'><strong><em>p.</em></strong></span> <span class='ocrx_word' id='word_1_208' title='bbox 1192 2982 1289 3025; x_wconf 74' lang='lat'><strong>271.</strong></span> <span class='ocrx_word' id='word_1_209' title='bbox 1331 2983 1388 3026; x_wconf 91' lang='grc' dir='ltr'><strong><em>Τ.</em></strong></span> <span class='ocrx_word' id='word_1_210' title='bbox 1427 2983 1488 3027; x_wconf 92' lang='grc' dir='ltr'><strong><em>ΙΙ.</em></strong></span> <span class='ocrx_word' id='word_1_211' title='bbox 1529 2983 1778 3040; x_wconf 79' lang='grc' dir='ltr'><strong><em>παρωτίδές</em></strong></span> <span class='ocrx_word' id='word_1_212' title='bbox 1814 2984 1901 3028; x_wconf 78' lang='grc' dir='ltr'><strong><em>εἰσι</em></strong></span> <span class='ocrx_word' id='word_1_213' title='bbox 1938 2982 2062 3043; x_wconf 80' lang='grc' dir='ltr'><strong><em>παρὰ</em></strong></span> 
     </span>
     <span class='ocr_line' id='line_1_28' title="bbox 305 3036 2063 3101; baseline 0 -15"><span class='ocrx_word' id='word_1_214' title='bbox 305 3048 395 3092; x_wconf 76' lang='grc' dir='ltr'><strong><em>τοῖς</em></strong></span> <span class='ocrx_word' id='word_1_215' title='bbox 424 3042 535 3086; x_wconf 83' lang='grc' dir='ltr'><strong><em>ὠσὶν</em></strong></span> <span class='ocrx_word' id='word_1_216' title='bbox 567 3036 862 3099; x_wconf 79' lang='grc' dir='ltr'><strong><em>ἀποστήματα</em></strong></span> <span class='ocrx_word' id='word_1_217' title='bbox 891 3041 968 3084; x_wconf 74' lang='grc' dir='ltr'><strong><em>ἐπὶ</em></strong></span> <span class='ocrx_word' id='word_1_218' title='bbox 995 3045 1201 3097; x_wconf 69' lang='grc' dir='ltr'><strong><em>πυρετοῖς</em></strong></span> <span class='ocrx_word' id='word_1_219' title='bbox 1228 3038 1454 3100; x_wconf 78' lang='grc' dir='ltr'><strong><em>γενόμενα</em></strong></span> <span class='ocrx_word' id='word_1_220' title='bbox 1485 3039 1540 3084; x_wconf 83' lang='grc' dir='ltr'><strong><em>τὰ</em></strong></span> <span class='ocrx_word' id='word_1_221' title='bbox 1567 3040 1711 3086; x_wconf 82' lang='grc' dir='ltr'><strong><em>πολλὰ</em></strong></span> <span class='ocrx_word' id='word_1_222' title='bbox 1739 3043 1831 3085; x_wconf 76' lang='grc' dir='ltr'><strong><em>τῶν</em></strong></span> <span class='ocrx_word' id='word_1_223' title='bbox 1857 3045 2063 3101; x_wconf 73' lang='grc' dir='ltr'><strong><em>πυρετῶν</em></strong></span> 
     </span>
     <span class='ocr_line' id='line_1_29' title="bbox 306 3096 2062 3158; baseline -0.001 -15"><span class='ocrx_word' id='word_1_224' title='bbox 306 3098 699 3146; x_wconf 80' lang='grc' dir='ltr'><strong><em>ιἰπαλλάσσουσαι·</em></strong></span> <span class='ocrx_word' id='word_1_225' title='bbox 731 3102 868 3142; x_wconf 84' lang='grc' dir='ltr'><strong><em>ταῦτα</em></strong></span> <span class='ocrx_word' id='word_1_226' title='bbox 890 3098 1186 3158; x_wconf 84' lang='grc' dir='ltr'><strong><em>Διοςκούρους</em></strong></span> <span class='ocrx_word' id='word_1_227' title='bbox 1215 3096 1445 3144; x_wconf 74' lang='grc' dir='ltr'><strong><em>ἐκάλεσαν.</em></strong></span> <span class='ocrx_word' id='word_1_228' title='bbox 1475 3100 1589 3142; x_wconf 87' lang='lat' dir='ltr'>Hinc</span> <span class='ocrx_word' id='word_1_229' title='bbox 1617 3101 1764 3144; x_wconf 82' lang='lat' dir='ltr'>sumsit</span> <span class='ocrx_word' id='word_1_230' title='bbox 1786 3100 1960 3143; x_wconf 79' lang='lat' dir='ltr'>Cassius</span> <span class='ocrx_word' id='word_1_231' title='bbox 1990 3101 2062 3142; x_wconf 85' lang='lat' dir='ltr'><strong><em>Ia—</em></strong></span> 
     </span>
     <span class='ocr_line' id='line_1_30' title="bbox 305 3156 2059 3218; baseline -0.001 -17"><span class='ocrx_word' id='word_1_232' title='bbox 305 3158 590 3215; x_wconf 80' lang='lat' dir='ltr'>trosophista‚</span> <span class='ocrx_word' id='word_1_233' title='bbox 633 3158 753 3212; x_wconf 84' lang='lat' dir='ltr'>cujus</span> <span class='ocrx_word' id='word_1_234' title='bbox 782 3158 919 3201; x_wconf 82' lang='lat' dir='ltr'>verba</span> <span class='ocrx_word' id='word_1_235' title='bbox 948 3157 1163 3200; x_wconf 79' lang='lat' dir='ltr'><strong><em>Meursius</em></strong></span> <span class='ocrx_word' id='word_1_236' title='bbox 1193 3159 1324 3201; x_wconf 83' lang='lat' dir='ltr'>affert</span> <span class='ocrx_word' id='word_1_237' title='bbox 1350 3159 1406 3201; x_wconf 86' lang='lat' dir='ltr'><strong><em>ad</em></strong></span> <span class='ocrx_word' id='word_1_238' title='bbox 1426 3158 1615 3218; x_wconf 66' lang='lat' dir='ltr'><strong><em>Hesych.</em></strong></span> <span class='ocrx_word' id='word_1_239' title='bbox 1645 3159 1698 3201; x_wconf 86' lang='lat' dir='ltr'><strong><em>de</em></strong></span> <span class='ocrx_word' id='word_1_240' title='bbox 1719 3159 1877 3201; x_wconf 85' lang='lat' dir='ltr'><strong><em>Illustr.</em></strong></span> <span class='ocrx_word' id='word_1_241' title='bbox 1897 3173 1940 3216; x_wconf 84' lang='lat' dir='ltr'><strong><em>p.</em></strong></span> <span class='ocrx_word' id='word_1_242' title='bbox 1959 3156 2059 3217; x_wconf 48' lang='lat'><strong><em>2255</em></strong></span> 
     </span>
     <span class='ocr_line' id='line_1_31' title="bbox 306 3213 2061 3274; baseline 0.001 -17"><span class='ocrx_word' id='word_1_243' title='bbox 306 3218 377 3273; x_wconf 85' lang='lat' dir='ltr'><strong><em>qui</em></strong></span> <span class='ocrx_word' id='word_1_244' title='bbox 405 3216 609 3272; x_wconf 85' lang='lat' dir='ltr'>Byzantii</span> <span class='ocrx_word' id='word_1_245' title='bbox 634 3215 837 3272; x_wconf 80' lang='lat' dir='ltr'>templum</span> <span class='ocrx_word' id='word_1_246' title='bbox 868 3215 1092 3260; x_wconf 83' lang='lat' dir='ltr'>Castorum</span> <span class='ocrx_word' id='word_1_247' title='bbox 1123 3222 1327 3261; x_wconf 84' lang='lat' dir='ltr'>memorat</span> <span class='ocrx_word' id='word_1_248' title='bbox 1356 3217 1407 3264; x_wconf 76' lang='grc' dir='ltr'><strong><em>ἐν</em></strong></span> <span class='ocrx_word' id='word_1_249' title='bbox 1437 3219 1472 3274; x_wconf 85' lang='grc' dir='ltr'>ᾡ</span> <span class='ocrx_word' id='word_1_250' title='bbox 1502 3218 1578 3261; x_wconf 84' lang='grc' dir='ltr'><strong><em>καὶ</em></strong></span> <span class='ocrx_word' id='word_1_251' title='bbox 1606 3213 1730 3268; x_wconf 83' lang='grc' dir='ltr'><strong><em>λύσις</em></strong></span> <span class='ocrx_word' id='word_1_252' title='bbox 1767 3219 1857 3263; x_wconf 78' lang='grc' dir='ltr'><strong><em>τῶν</em></strong></span> <span class='ocrx_word' id='word_1_253' title='bbox 1895 3219 2061 3260; x_wconf 74' lang='grc' dir='ltr'><strong><em>παθῶν</em></strong></span> 
     </span>
     <span class='ocr_line' id='line_1_32' title="bbox 305 3270 896 3333; baseline -0.002 -15"><span class='ocrx_word' id='word_1_254' title='bbox 305 3279 394 3325; x_wconf 80' lang='grc' dir='ltr'><strong><em>τοῖς</em></strong></span> <span class='ocrx_word' id='word_1_255' title='bbox 421 3270 679 3333; x_wconf 74' lang='grc' dir='ltr'><strong><em>ἀνθρώποις</em></strong></span> <span class='ocrx_word' id='word_1_256' title='bbox 705 3272 896 3332; x_wconf 72' lang='grc' dir='ltr'><strong><em>ἐγένετο.</em></strong></span> 
     </span>
    </p>
   </div>
  </div>
 </body>
</html>
