2150 3814
779 213 1240 258 οΒΡΗιοΑ.
1777 201 1900 262 945

111 351 325 452 ωρῶν
359 347 516 431 μίαν
578 345 693 424 τὴν
743 339 1103 425 χειμερινὴν
1158 345 1234 404 οὗ
1289 345 1717 426 παραδέχεται.
1818 349 1902 407 Et

110 450 266 509 hanc
299 430 709 528 partitionem
752 445 1026 523 sequitur
1071 441 1355 523 Orpheus
1398 443 1479 503 H.
1523 444 1817 506 XXXIII.

240 571 482 643 Ἀρμονίῃ
517 566 738 639 κεράσας
773 567 1091 638 παγκόσμιον
1128 566 1346 639 ἀνδράσι
1380 576 1585 641 μοῖραν,

242 657 398 723 μίξας
426 656 678 722 χειμῶνος
711 651 895 725 θέρεός
929 652 971 706 τ’
1013 652 1126 706 ἴσον
1161 652 1545 725 ἀμφοτέροισιν,

219 739 316 803 ἐἰς
349 737 553 800 ὖπάτας
580 744 844 807 χειμῶνα,
882 739 1042 809 θέρος
1076 735 1280 800 νεάταις
1317 741 1580 810 διακρίνας

243 822 453 896 Δώριον
488 827 558 886 εἷς
593 824 744 894 ἔαρος
779 821 1104 894 πολυήρατον
1140 822 1293 893 ὥριον
1329 824 1593 893 ἄνθος[ῗ].

105 941 301 1000 Varro
345 940 589 1018 Fragm.
634 937 883 1019 p..304.
928 937 1066 1016 Bip.
1112 946 1376 1016 quatuor
1418 948 1769 1020 temporum
1800 937 1902 1003 vi-

108 1060 226 1114 ceS‚
271 1040 491 1121 quibus
537 1056 733 1098 annus
775 1036 1128 1108 includitur,
1173 1037 1655 1099 tetrachordium
1698 1050 1901 1114 vocat,

105 1150 169 1199 et
221 1142 457 1218 majore
515 1139 701 1196 etiam
738 1135 1102 1195 -subtilitate
1144 1137 1223 1208 ii,
1287 1138 1393 1216 qui
1448 1148 1721 1216 systema
1763 1159 1902 1220 per-

101 1239 320 1298 fectius
363 1237 498 1298 XV.
544 1234 911 1296 chordarum
956 1236 1322 1315 respiciunt,
1383 1248 1646 1318 quatuor
1689 1258 1899 1313 sonos,

101 1340 265 1398 intra
318 1357 471 1419 quos
515 1339 635 1397 tria
676 1336 1046 1417 principalia
1090 1341 1629 1399 consonantiarum
1674 1359 1902 1418 genera

104 1440 526 1512 continentur,
596 1456 733 1498 cum
802 1446 1067 1516 quatuor
1131 1437 1451 1500 elementis
1519 1450 1581 1500 et
1637 1440 1900 1500 totidem

105 1539 504 1618 qualitatibus
581 1539 801 1620 primis
883 1537 1219 1597 conferunt.
1336 1538 1752 1612 Quintilianus
1827 1540 1906 1600 de

104 1639 263 1699 Mus.
317 1639 387 1698 L.
441 1638 547 1698 ΪΠ.
593 1658 655 1718 p.
705 1635 846 1697 145.
900 1646 1032 1701 τῶν
1076 1638 1411 1703 ἐνιαυσίων
1456 1630 1639 1723 ὡρῶν
1676 1639 1901 1720 ἑκάστη

106 1740 221 1802 τὸν
276 1748 390 1803 τοῦ
443 1737 878 1821 παραπλησίου
942 1737 1247 1817 στοιχείου
1294 1739 1579 1822 ἀριθμὸν
1623 1737 1901 1823 λήψεται,

108 1841 217 1923 ἔαρ
271 1840 386 1903 τὸν
425 1837 546 1921 μὲν
589 1839 742 1920 ἀέρα
787 1837 983 1906 ἐοικὸς
1027 1839 1200 1919 αὐτῷ
1244 1837 1333 1899 δι’
1382 1836 1746 1918 ἁπαλότηταΔ
1788 1840 1903 1904 τὸν

107 1937 290 2014 ὀκτώ,
333 1941 523 2023 θέρος
567 1936 636 1999 δὲ
680 1937 878 2020 πυρὸς
919 1937 1026 2001 διὰ
1071 1932 1460 2021 θερμότητος
1502 1939 1618 2002 τὸν
1648 1941 1731 2014 ἓξ,
1770 1958 1902 2021 χει-

104 2040 247 2121 μών
314 2039 384 2103 δὲ
451 2039 682 2109 ὕδατος
749 2038 840 2101 δι’
908 2035 1223 2123 ὑγρότητα
1292 2039 1408 2102 τὸν
1460 2037 1709 2103 δώδεκα
1767 2042 1900 2112 ἕξει.

114 2140 346 2206 Τοίνυν
387 2140 459 2203 τὸ
506 2142 646 2220 ἔαρ,
689 2138 866 2201 καθὰ
909 2138 1015 2200 καὶ
1059 2138 1467 2224 Πυθαγόραν
1512 2142 1756 2222 ἔφασαν
1804 2142 1898 2203 λέ-

107 2265 272 2327 γειν,
327 2240 482 2323 πρὸς
535 2237 654 2321 μὲν
706 2239 779 2300 τὸ
836 2235 1204 2321 μετόπωρον
1258 2239 1329 2301 τὸ
1385 2240 1493 2302 διὰ
1552 2237 1901 2323 τεσσάρων,

109 2342 264 2424 πρὸς
317 2340 388 2403 δὲ
435 2346 716 2421 χειμῶνα
758 2337 830 2400 τὸ
876 2337 983 2399 διὰ
1027 2339 1239 2411 πέντε,
1283 2340 1438 2422 πρὸς
1479 2338 1550 2402 δὲ
1591 2341 1782 2423 θέρος
1823 2341 1896 2402 τὸ

107 2440 216 2503 διὰ
280 2447 519 2503 πασῶν.
635 2439 720 2498 Et
776 2446 988 2517 aperte
1043 2436 1548 2518 pythagorissant
1608 2436 1903 2499 Chaldaei

106 2539 232 2613 illi,
286 2538 366 2599 de
419 2537 642 2619 quibus
698 2534 1058 2598 Plutarchus
1113 2537 1330 2614 Psych.
1387 2559 1436 2599 c.
1474 2537 1594 2598 31.
1642 2538 1784 2599 326.
1833 2539 1902 2598 Τ.

109 2638 278 2699 ΧΠΙ.
332 2641 645 2703 Χαλδαῖοι
701 2639 947 2724 λέγουσι
1000 2639 1072 2702 τὸ
1134 2640 1243 2722 ἔαρ
1289 2643 1356 2703 ἒν
1397 2647 1488 2721 τῷ
1519 2639 1638 2710 «διὰ
1681 2638 1903 2702 τεσσά-

112 2764 244 2824 ρων
294 2740 593 2829 γίνεσθαι
629 2739 785 2824 πρὸς
837 2740 909 2802 τὸ
964 2737 1362 2863 μετόπωρον,
1421 2742 1488 2802 ἐν
1542 2738 1612 2802 δὲ
1656 2747 1746 2821 τῷ
1790 2740 1898 2802 διὰ

112 2842 289 2906 πέντε
356 2841 511 2925 πρὸς
578 2839 694 2904 τὸν
743 2847 1059 2922 χειμῶνα,
1121 2839 1277 2922 πρὸς
1336 2838 1405 2901 δὲ
1461 2839 1532 2900 τὸ
1593 2840 1778 2922 θέρος
1837 2864 1903 2901 εν

110 2949 202 3028 τῷ
269 2940 377 3004 δια
431 2948 654 3005 πασῶν
686 2938 799 3021 [8].
888 2937 1101 3020 Neque
1169 2939 1393 2999 Linum
1451 2939 1591 2999 talis
1663 2946 1904 2998 senten-

113 3042 208 3104 tin
249 3039 544 3101 dedecere
586 3042 728 3102 visa
770 3048 879 3100 est.
947 3039 1385 3101 Nicomachus
1397 3039 1608 3099 Theol.
1637 3038 1900 3099 Arithm.

119 3160 167 3199 c.
209 3138 342 3201 VII.
387 3139 487 3202 51.
530 3161 591 3223 p.
636 3139 736 3201 50.
779 3139 913 3200 Ast.
956 3141 1225 3225 τέσσαρα
1268 3164 1346 3202 τα
1394 3146 1692 3221 στοιχεῖα,
1736 3144 1899 3224 τρεῖς

204 3291 308 3480 1[ἑ]
353 3299 408 3340 cf.
438 3299 544 3354 Wyt
545 3297 744 3341 tenbach.
775 3296 832 3340 ad
861 3295 974 3340 Plut.
1005 3296 1060 3338 de
1091 3295 1201 3338 Virt.
1231 3297 1343 3351 prof.
1374 3299 1483 3340 sont.
1514 3311 1557 3354 p.
1587 3295 1687 3340 599.

235 3354 310 3409 L]
353 3355 481 3398 Hunc
507 3356 645 3400 locum
672 3355 866 3398 illustrat
893 3355 1139 3397 Pontedera
1170 3354 1345 3411 Antiqq.
1375 3355 1488 3413 Epp.
1518 3354 1615 3399 XV.
1646 3369 1689 3411 p.
1724 3351 1819 3396 175.

1482 3428 1557 3487 ll
