2150 3814
250 209 377 270 904
807 221 1031 266 mmm
1070 220 1476 266 SECUNDUS.

252 354 420 413 runis
462 352 686 411 nostris
702 351 775 431 [¹¹]
821 347 1040 422 iidem,
1085 359 1155 408 ut
1195 348 1590 409 Dioscorides
1633 347 1838 423 tradit,
1880 369 2022 430 pro-

251 463 390 535 pter
443 452 705 511 formam
759 447 1207 528 prodigiosam,
1267 449 1718 528 superstitionis
1776 469 2022 511 causam

253 549 807 633 ἀνθρωπόμορφον
862 546 1146 606 dixerunt
1198 547 1548 622 symbolice.
1646 547 1782 622 Quo
1838 569 2026 630 quum

252 652 451 711 multa
520 651 640 708 alia
712 645 985 722 ejusdem
1059 646 1354 705 familiaer
1397 646 1639 708 decreta
1694 660 2026 727 congruant

252 742 668 830 praestigiosa
709 755 770 804 et
824 746 1237 817 circulatoria,
1315 764 1625 826 quumque
1687 750 1838 809 haec
1905 769 2028 810 una

255 868 327 907 ex
373 856 468 905 tot
513 846 805 904 Graeciae
850 845 1075 903 scholis
1120 842 1401 905 eafama
1445 846 1656 918 fuerit,
1716 858 1787 907 ut
1830 852 2027 927 cujus-

253 965 485 1025 cunque
529 946 677 1005 artis
724 962 978 1003 arcanae
1006 946 1340 1022 jactatores
1379 932 1775 1022 Pythagoreis
1803 949 2028 1007 adscri-

250 1044 573 1117 berentur,
630 1043 794 1103 haud
851 1045 1106 1103 erraturi
1150 1043 1466 1117 videmur,
1521 1048 1574 1104 si
1630 1046 1784 1106 hanc
1825 1067 2030 1107 rerum

253 1146 671 1206 abstrusarum
742 1146 1187 1204 affectationem
1256 1154 1318 1203 et
1389 1163 1719 1225 supparem
1787 1145 2029 1206 dicendi
2119 1172 2122 1174 *

251 1246 513 1306 formam
581 1246 952 1324 figuramque
1009 1247 1066 1303 ei
1121 1246 1454 1324 antiquitus
1513 1254 1574 1303 et
1627 1246 1889 1305 fortasse
1948 1244 2027 1305 ab

252 1347 392 1426 ipsa
435 1346 627 1424 stirpe
668 1346 1083 1421 ingeneratam
1127 1346 1316 1404 fuisse
1361 1343 1650 1403 dicamus.

1024 1572 1077 1651 ς.
1168 1509 1262 1631 16.

424 1744 495 1801 In
538 1742 686 1801 haec
730 1742 1094 1803 diverticula
1137 1760 1333 1821 paene
1375 1743 1600 1802 inscios
1633 1761 1746 1803 nos
1778 1741 2032 1806 deduxit

255 1845 393 1922 ipsa
437 1844 815 1901 continuatio
861 1844 1169 1920 seriesque
1211 1861 1434 1900 rerum.
1521 1841 1677 1902 Nam
1724 1862 1907 1922 quum
1954 1842 2032 1902 de

260 1940 490 2021 Orphei
545 1942 840 2019 symbolis
899 1942 1100 2001 dicere
1155 1943 1540 2021 propositum
1601 1951 1761 2001 esset
1817 1962 1855 2002 a
1898 1940 2032 2003 Cle-

257 2050 463 2102 mente
509 2045 1028 2114 comtnemoratiS‚
1089 2041 1254 2099 haud
1312 2041 1814 2100 committendum
1858 2042 2033 2102 vide-

257 2141 441 2201 batur
482 2151 551 2199 ut
595 2161 699 2200 eos
743 2144 1236 2221 praeteriremUS‚
1281 2159 1430 2219 quos
1474 2142 1578 2199 ille
1620 2143 1753 2220 ipse
1784 2141 2034 2203 Patrum

259 2259 611 2319 graecorum
675 2241 1062 2301 doctissimus
1118 2239 1364 2319 Orpheo
1422 2251 1710 2319 tanquam
1757 2240 2033 2317 ejusdem

259 2342 513 2400 rationis
566 2343 894 2420 participes
950 2341 1357 2418 adjunxisset3
1401 2339 1563 2398 unde
1606 2339 1907 2417 gradatim
1953 2340 2032 2400 ad

262 2439 605 2500 sacerdotes
666 2441 1165 2518 oraculorumque
1224 2441 1526 2498 antistites
1579 2441 1915 2518 erepsimus
1971 2449 2034 2498 et

261 2550 573 2624 postremo
643 2538 724 2598 ad
781 2539 928 2598 deos
985 2542 1187 2619 ipsos,
1247 2539 1719 2615 symbolicarum
1777 2539 2034 2600 locutio-

386 2766 460 2823 [u]
494 2766 640 2840 Apud
650 2747 903 2807 Caesaream
927 2764 1141 2807 invenitur
1171 2765 1266 2833 ῥίζα
1297 2764 1580 2823 φλογοειὸης,
1612 2781 1668 2819 ην
1697 2767 1882 2810 καλοῦσι
1907 2770 2031 2809 Bar-

269 2829 461 2883 ταρῒτιν,
505 2825 581 2883 ἀφ’
615 2841 665 2878 ης
693 2823 773 2877 τὴν
802 2825 996 2892 ἑσπέραν
1025 2825 1071 2872 ἐξ
1073 2836 1197 2880 αστρ
1199 2819 1327 2866 {mov
1369 2827 1467 2881 (μῦς
1507 2822 1744 2895 ἀπρόςιτον
1782 2821 1835 2867 εἶ
1841 2840 1897 2866 αι
1935 2840 2029 2867 πα-

271 2865 552 2950 ρασκευάζει,
595 2881 660 2926 (51
625 2900 670 2925 ια
700 2880 748 2925 τὸ
780 2880 1052 2951 παράχοημα
1084 2880 1162 2924 τὸν
1191 2883 1420 2938 ἐγγίζοντα
1451 2879 1776 2936 ἀποθνήσκειν·
1808 2878 2032 2925 κυκλόθεν

273 2934 354 2983 οὖν
383 2940 514 2991 αὐτῆς
541 2917 890 3011 περιορύξαντες
927 2937 1038 2983 κύνα
1078 2939 1323 2997 δεσιιοῦσιν
1362 2942 1411 2983 ἐκ
1452 2943 1526 2991 τῆς
1569 2942 1709 2999 ῥίζης,
1752 2937 1775 2983 ὃ
1819 2940 1868 2983 δὲ
1910 2938 2031 2984 κύων

274 2997 455 3054 &vaona
487 3002 560 3041 καὶ
591 2998 720 3047 αὐτὸς
746 3001 832 3058 μὲν
853 3003 900 3041 θ·
893 3011 1038 3052 νησκει
1068 3013 1299 3054 παοαυτα,
1341 3013 1422 3049 την
1461 3000 1584 3055 ῥίζαν
1623 2998 1670 3042 δὲ
1714 2995 1949 3052 περιάπτοι
1951 3013 2032 3048 τες

273 3061 366 3105 τοῖς
395 3057 775 3115 δαιμονιζοιιένοις
802 3053 1101 3115 θεραπεύουσι
1134 3057 1313 3098 Cedren.
1346 3057 1493 3112 Comp.
1527 3056 1582 3098 Τ.
1607 3057 1643 3098 Ι.
1674 3070 1716 3112 p.
1734 3055 2030 3098 305.Α1ιιι-

275 3128 390 3157 nam
431 3115 520 3157 die
572 3117 804 3158 Veneris
857 3121 982 3158 ante
1037 3114 1177 3156 solis
1227 3121 1479 3156 exortum
1514 3140 1572 3149 —
1617 3114 2031 3158 circumfodere

272 3173 495 3228 jubent,
526 3179 631 3216 tum
661 3174 871 3217 caudae
902 3172 1058 3217 canis
1088 3173 1358 3228 alligare,
1389 3172 1716 3242 statimque
1729 3174 2029 3228 aufugere,

276 3231 415 3274 Delrii
452 3231 573 3288 Disq.
616 3233 734 3288 Mag.
765 3233 840 3275 IV.
869 3233 911 3275 2.
941 3230 1038 3274 547.
1076 3232 1418 3274 Rhizotomorum
1458 3231 1676 3273 cautiones
1703 3231 1749 3274 in
1779 3231 2032 3274 effodiendis

278 3289 423 3332 herbis
452 3299 683 3333 memorant
714 3291 1038 3348 Theophrastus
1067 3296 1111 3332 et
1138 3289 1326 3343 Plinius,
1375 3289 1548 3331 herbam
1586 3289 1838 3333 noctilucam
1869 3296 1914 3335 et
1942 3303 2030 3333 am·

279 3347 553 3401 bulatricem‚
594 3350 757 3393 nomine
786 3349 1098 3407 Aglaophotin,
1126 3347 1306 3392 Photius
1335 3347 1575 3391 CCXXIII.
1604 3346 1705 3395 353.
