2150 3814
739 220 1292 265 SAMOTHRACIA.
1759 211 1920 272 1291

145 353 445 431 singuloS,
501 352 607 431 qui
658 367 885 409 nomen
939 350 1398 430 profiterentur,
1453 359 1796 429 percontati
1838 361 1931 417 vi-

148 451 402 525 dentur,
445 447 741 530 numquid
784 452 1033 529 gravius
1072 450 1525 522 commisissent
1541 448 1628 532 [‘].
1704 454 1931 516 Munus

148 562 356 612 autem
399 553 745 631 imputatos
790 548 1098 610 lustrandi
1137 548 1376 610 Cabiris
1417 553 1573 631 ipsis
1619 552 1932 632 delegatur

146 654 211 710 in
254 659 613 730 portentosa
655 649 895 723 fabula,
939 665 1124 730 quam
1168 648 1369 710 Schol.
1416 648 1668 712 Theocr.
1709 654 1787 713 II.
1836 654 1931 715 12.

147 746 334 809 refert
388 769 462 809 ex
518 750 859 831 Sophronis
917 750 1180 809 fortasse
1231 753 1432 811 mimo>
1479 752 1768 814 muliebri
1824 753 1929 814 de-

146 861 485 930 promtam,
547 861 755 931 aptam
801 860 962 910 certe
1006 850 1360 927 Gynaeceo:
1404 850 1710 931 Angelum
1755 851 1931 916 Jovis

148 959 211 1010 et
265 949 523 1011 Junonis
578 953 768 1012 filiam
819 952 1004 1011 matri
1044 951 1310 1011 furatam
1355 968 1490 1012 esse
1533 964 1931 1031 unguentum,

147 1069 269 1130 quo
311 1051 422 1110 illa
464 1051 689 1111 faciem
727 1050 1038 1110 delibuere
1071 1051 1314 1123 soleret,
1359 1061 1422 1109 et
1454 1052 1783 1113 tradidisse
1807 1056 1933 1115 Eu*-

145 1170 368 1232 ropae‚
422 1171 491 1209 re
544 1160 752 1210 autem
807 1150 1118 1229 patefacta
1170 1167 1410 1229 poenae
1451 1161 1826 1216 metuentem
1866 1156 1934 1212 in

147 1268 486 1330 puerperae
529 1249 802 1328 domum,
851 1258 998 1328 post
1038 1248 1120 1309 ad
1161 1248 1583 1311 Libitinarius
1608 1270 1676 1319 se
1720 1262 1933 1314 contu-

150 1353 325 1425 lisse,
369 1352 526 1414 ὅθεν
566 1349 682 1430 τὴν
723 1348 841 1431 μὲν
867 1349 1074 1432 (Ἠραν
1118 1350 1496 1430 ἀποστῆναι,
1541 1353 1652 1416 τὸν
1697 1352 1766 1416 δὲ
1809 1355 1933 1418 Δία

146 1453 293 1522 τοὺς
358 1450 707 1533 Καβείρους
777 1456 1058 1512 κελεῦσαι
1125 1449 1562 1534 ἀναλαβόντας
1629 1458 1930 1537 καθᾶραι·

149 1552 416 1622 ἐκείνους
458 1550 528 1614 δὲ
571 1550 670 1612 ἐπὶ
710 1549 826 1629 τὴν
861 1551 1254 1632 Ἀχερουσίαν
1307 1549 1531 1632 λίμνην
1574 1553 1933 1641 ἀπαγαγόν-

145 1678 257 1722 τας
300 1650 569 1737 ἁγνίσαι.
625 1651 698 1709 In
747 1646 1173 1710 Samothracia
1214 1653 1354 1729 ipsa
1383 1652 1749 1714 Dardanum
1790 1675 1933 1737 par-

143 1751 363 1811 ricidio
409 1760 716 1810 contracto
761 1752 1078 1829 expiatum
1121 1761 1332 1809 narrat
1372 1751 1652 1814 Eudocia
1693 1775 1754 1835 p.
1795 1741 1933 1815 196.

148 1853 335 1912 Sacra
377 1859 584 1910 autem
627 1849 967 1930 piacularia
1009 1848 1226 1907 eadem
1272 1849 1597 1927 orgiast‘ica
1638 1855 1830 1915 fuisse
1856 1872 1934 1915 ex

145 1954 260 2026 his,
306 1969 465 2031 quae
507 1951 586 2010 de
622 1949 872 2030 Orpheo
918 1947 1205 2021 diximm,
1250 1949 1494 2010 abunde
1529 1958 1931 2032 cognoscitur,

143 2052 430 2132 idemque
485 2050 563 2109 de
617 2049 1057 2109 samothraciis
1111 2049 1320 2110 valere
1373 2060 1506 2112 tum'
1566 2053 1799 2116 Statius
1844 2067 1933 2116 te-

146 2163 344 2212 statur
388 2149 607 2211 Achill.
652 2149 727 2208 11.
777 2146 915 2208 157.

291 2280 430 2328 Tunc
464 2277 658 2342 thyrsos
693 2278 969 2341 pariterque
1004 2279 1170 2325 levant
1203 2280 1476 2343 pariterque
1510 2286 1755 2346 reponunt

289 2364 702 2427 multiplicantque
736 2363 937 2429 gradum
970 2365 1110 2412 modo
1149 2379 1242 2428 quo
1279 2364 1483 2414 Curetes
1520 2369 1572 2415 in
1606 2374 1721 2416 actu

290 2465 477 2515 quoque
509 2451 582 2513 pii
619 2448 954 2499 Samothraces
991 2453 1122 2502 eun‘t.

148 2574 280 2623 tum
325 2560 547 2622 Strabo
602 2561 949 2633 confirmat,
994 2558 1251 2622 Cabirus
1293 2563 1519 2624 iterum
1563 2568 1930 2649 tertiumque

148 2678 287 2724 ‘cum
343 2660 701 2736 Curetibus,
759 2659 1215 2739 Corybantibus
1270 2668 1332 2722 et
1392 2662 1634 2742 Satyris
1680 2684 1928 2749 compo—

270 2844 336 2904 [ἱ]
380 2847 547 2890 Notum
578 2851 644 2890 est
670 2846 785 2891 illius
813 2844 1002 2903 Laconis
1032 2848 1373 2906 apophthegma‚
1412 2850 1526 2906 quod
1559 2849 1819 2895 Plutarchus
1847 2865 1927 2901 va-

154 2905 220 2948 rie
248 2913 396 2950 narrat
422 2906 468 2948 in
498 2906 715 2963 Apophth.
747 2921 791 2964 p.
825 2895 921 2950 19²7.
957 2906 1244 2956 Ἀνταλκίδας
1273 2908 1323 2951 ἐν
1351 2908 1636 2970 Σαμοθρᾴκῃ
1666 2907 1925 2971 μυούμενος

154 2965 392 3021 ἐρωτηθεὶς
417 2962 508 3010 ὑπὸ
538 2969 618 3010 τοῦ
649 2967 823 3023 ἱερέως,
865 2969 914 3008 τί
938 2964 1191 3026 δεινότερον
1221 2966 1442 3026 δέδρακεν
1471 2969 1522 3013 ἓν
1550 2971 1612 3026 τῷ
1641 2976 1724 3012 etc.
1765 2971 1843 3013 sed
1882 2985 1924 3029 p.

153 3022 254 3067 228.
294 3019 551 3083 Λυσάνδρῳ
582 3025 633 3068 ἐν
660 3021 945 3085 Σαμοθρᾴκῃ
977 3027 1402 3085 χρηστηριαζομένῳ
1446 3025 1470 3071 ὁ
1510 3025 1654 3087 ἱερεὺς
1692 3029 1924 3074 ἐκέλευσεν

149 3083 301 3125 ἐἰπεῖν
329 3078 396 3125 ὃτι
426 3080 719 3141 ἀνομώτατον
748 3081 868 3140 αὐτῷ
896 3086 1162 3142 πέπρακται.
1205 3089 1249 3127 et
1278 3099 1322 3142 p.
1353 3081 1454 3129 246.
1495 3086 1711 3130 Laconem
1737 3087 1922 3145 aliquem

154 3140 237 3183 boc
277 3154 304 3183 a
342 3145 596 3199 mystagogo
638 3157 715 3185 suo
754 3141 1063 3200 interrogatum
1102 3144 1219 3189 dicit.
1291 3144 1479 3190 Verbum
1518 3143 1926 3206 χρηστηριάζεσθαι

157 3197 279 3240 nobis
307 3196 352 3240 in
380 3201 619 3244 memoriam
648 3207 827 3244 revocat
855 3198 1080 3245 Athanasii
1110 3202 1247 3244 locum
1281 3201 1336 3245 de
1375 3203 1546 3247 Incarn.
1586 3219 1628 3262 p.
1658 3205 1727 3248 74.
1770 3205 1822 3248 C.
1865 3206 1921 3248 T.

156 3257 192 3298 I.
224 3256 290 3298 ed.
322 3256 523 3300 Commel.
574 3256 715 3303 πάλαι
752 3260 841 3318 μὲν
878 3258 934 3304 τὰ
973 3264 1207 3318 πανταχοῦ
1245 3264 1319 3315 τῆς
1355 3260 1525 3317 ἀπάτης
1575 3265 1665 3307 τῶν
1712 3281 1780 3323 μα
1814 3267 1920 3308 ειιῦν

155 3311 441 3374 ἐπεπλήρωτο
473 3317 550 3359 καὶ
578 3317 628 3361 ἔν
656 3319 857 3376 Δελφοῖς
885 3320 962 3362 καὶ
990 3319 1192 3381 Δωδώνῃ
1223 3321 1300 3363 καὶ
1329 3324 1525 3379 Βοιωτίᾳ
1562 3324 1637 3366 καὶ
1667 3327 1816 3383 Λιβυῃ
1848 3325 1922 3366 καὶ

160 3370 375 3429 Αἰγύπτῳ
405 3375 480 3416 καὶ
509 3378 746 3434 Καβείροις
773 3373 1079 3436 μαντεύματα.
