2150 3814
214 219 379 282 1214
762 229 997 275 mann
1053 226 1422 272 TERTms.

212 363 546 426 invaluisse
592 361 952 440 reperimus.
1041 357 1309 417 Dianam
1355 358 1675 420 Lemniam
1734 375 1999 418 comme-

171 473 414 524 ‘morat
470 460 740 520 Galenus
796 458 896 517 De
952 457 1168 517 medic.
1223 459 1424 539 simpl.
1491 460 1558 519 L.
1602 458 1707 519 IX.
1751 459 1811 518 2.
1855 457 2000 518 246.

218 564 286 624 Τ.
334 562 498 622 ΧΙΙΙ.
545 558 751 620 Chart.
806 559 885 637 ἣν
937 581 1100 626 τινες
1159 559 1478 643 σφραγῖδα
1521 558 1820 643 Λημνία-ν
1862 560 2007 622 ὀνο-

218 662 487 746 μᾶζουσι
555 659 665 723 διὰ
731 657 848 738 τὴν
915 658 1399 741 ἐπιβαλλομένην
1474 662 1630 741 αὐτῇ
1689 658 2009 744 σφραγῖδα

219 771 326 843 τῆς
387 760 735 847 Ἀρτέμιδος
805 755 1008 842 ἱεράν·
1074 755 1311 837 ταύτην
1377 760 1499 844 γὰρ
1566 767 1684 845 γῆν
1738 761 1777 839 ἡ
1831 761 2009 842 ἱέρεια

222 859 650 946 λαμβάνουσα
702 857 860 943 μετά
902 883 1071 929 τινος
1115 857 1444 942 ἐπιχωρίου
1487 867 1666 941 τιμῆς
1710 861 1785 921 οὗ
1831 857 2010 934 ζώων

221 964 560 1045 θυομένων
606 961 761 1024 ἄλλα
805 967 1026 1043 πυρῶν
1067 959 1174 1021 καὶ
1215 962 1464 1043 κριθῶν
1518 959 2013 1040 ἅντιὸιὸομένων

224 1071 313 1146 τῷ
365 1061 580 1146 χωρίῳ
626 1059 862 1143 κομίζει
917 1065 1002 1130 εἷς
1053 1059 1170 1138 τὴν
1225 1058 1408 1123 πόλιν
1439 1062 1532 1138 [“].
1641 1058 1864 1119 Notius
1922 1065 2016 1116 est

225 1164 466 1223 Dianae
511 1161 940 1232 simulacrum,
1005 1157 1171 1238 quod
1216 1154 1522 1236 Tyrrheni
1564 1158 1880 1220 Braurona
1920 1176 2018 1218 ra-

224 1273 402 1344 ptum
446 1265 511 1321 in
555 1245 857 1320 Lemnum
903 1257 1292 1319 abduxerunt
1332 1260 1636 1319 Plutarch.
1679 1259 1834 1319 virt.
1867 1258 2018 1319 Mul.

228 1383 275 1421 c.
319 1359 423 1419 IX.
487 1357 735 1431 Quaest.
783 1360 888 1418 Gr.
933 1379 982 1417 c.
1024 1358 1193 1417 XXI.
1238 1359 1590 1439 Stephanus
1631 1364 1892 1443 Λῆμνος
1933 1395 2017 1405 —-

228 1460 348 1524 ἀπὸ
406 1467 514 1539 τῆς
567 1456 836 1543 μεγάλης
897 1458 1223 1544 λεγομένης
1263 1461 1424 1521 θεοῦ
1464 1460 1546 1538 ἣν
1588 1459 1856 1543 Λῆμνόν
1893 1485 2017 1543 φα-

228 1582 288 1625 σι
307 1560 412 1642 [⁰]
473 1556 670 1638 ταύτῃ
715 1556 785 1620 δὲ
829 1559 934 1621 καὶ
977 1558 1338 1640 παρθένους
1382 1560 1606 1623 ἔθυον·
1656 1559 1900 1642 ᾠκίσθη
1946 1559 2016 1622 δὲ

227 1667 480 1744 πρῶτον
524 1658 646 1722 ὑπὸ
700 1664 995 1742 Θρᾳκῶν,
1041 1660 1101 1721 οἳ
1145 1657 1394 1728 Σίντιες
1440 1661 1801 1724 ἐκαλοῦντο·
1848 1662 1906 1723 οἱ
1950 1659 2015 1722 δ’

229 1760 410 1824 αὐτοὶ
464 1756 637 1823 οὗτοι
691 1758 798 1822 καὶ
852 1765 1161 1833 Σαπαῖοι,
1219 1777 1372 1839 quos
1430 1760 1712 1820 nonnulli
1765 1779 1804 1820 a
1858 1760 2023 1821 Saiis

230 1861 405 1921 Sami
447 1858 868 1919 conditoribus
912 1861 1067 1919 nihil
1111 1859 1393 1920 diversos
1436 1859 1840 1923 crediderunt.
1887 1861 2022 1921 Ste-

147 1967 153 1975 ’
228 1961 436 2041 phano
473 1960 606 2036 jam
653 1958 803 2020 olim
847 1958 1104 2037 adjunxi
1133 1958 1348 2020 Ovidii
1390 1961 1818 2020 testimonium
1853 1959 2021 2019 Fast.

229 2060 274 2118 J.
349 2059 493 2119 389.
563 2068 740 2118 exta
812 2077 1084 2120 canum
1160 2058 1329 2118 vidi
1385 2059 1708 2122 Triviae
1765 2060 2022 2120 libare

233 2159 584 2239 Sapaeos
629 2167 706 2218 et
748 2159 1175 2238 quicunque
1220 2169 1424 2232 tuaS,
1470 2160 1786 2232 accolit,
1830 2158 2021 2220 Hae—

231 2279 363 2333 me,
392 2261 638 2330 nives,
663 2257 1082 2337 Hesychiique
1109 2260 1377 2338 glossam
1399 2259 1667 2347 Μεγάλη
1695 2260 1846 2331 θεὸς
1866 2263 2022 2344 Ἀρι-

233 2357 548 2442 στοφάνης
593 2361 708 2441 ἔφη
735 2360 852 2438 τὴν
877 2359 1138 2423 Βένὸιν·
1192 2360 1426 2444 Θρᾳκία
1452 2361 1577 2447 γὰρ
1601 2362 1640 2442 ἦ
1678 2361 1849 2435 θεὸς,
1890 2362 2023 2440 qui-

230 2459 347 2518 bus
379 2457 636 2517 Photius
669 2457 862 2530 addit,
909 2459 1073 2538 quod
1098 2462 1404 2541 imprimis
1435 2461 1729 2533 notabile,
1773 2461 2024 2520 fabulae

231 2559 725 2638 Aristophaneae
749 2577 980 2620 nomen
1004 2564 1071 2623 ἐν
1081 2562 1413 2643 Λημνίαις.
1442 2562 1647 2641 Hujus
1662 2561 1906 2623 fabulae
1920 2581 2022 2622 su—

234 2666 440 2739 perest
483 2659 724 2737 Fragm.
770 2658 904 2719 XII.
959 2660 1074 2740 τὴν
1117 2662 1454 2744 κρατίστην
1497 2663 1742 2746 δαίμον’
1785 2659 1857 2742 ἧς
1899 2671 2021 2728 νῦν

233 2757 472 2842 θερμός
496 2761 631 2821 ἐσθ’
660 2760 692 2822 ὅ
718 2758 956 2842 βωμός,
1001 2759 1163 2840 quod
1210 2761 1290 2820 de
1331 2761 1450 2822 dea
1491 2763 1748 2822 Lemnia
1791 2762 2022 2823 dictum

236 2858 505 2932 videtur,
551 2868 613 2918 et
655 2859 756 2918 Fr.
801 2858 936 2920 XV.
981 2860 1076 2923 ὅτι
1119 2863 1185 2924 αἱ
1228 2861 1674 2946 ἄρκτευόμεναι
1714 2865 2023 2947 παρθένοι

238 2962 454 3041 ἄρκτοι
509 2967 864 3025 καλοῦνται.
920 2958 1108 3042 idque
1162 2963 1367 3043 ipsum
1422 2963 1826 3025 Brauroniam
1869 2963 2021 3023 Dia-

296 3198 306 3213 *
355 3141 423 3213 [ξι]
479 3139 626 3242 ῗοὶιοῐ.
668 3143 822 3187 Venet.
863 3144 923 3187 II.
967 3143 1066 3190 723.
1117 3153 1267 3190 narrat
1307 3142 1490 3190 Vulcani
1531 3147 1780 3193 sacerdotes
1819 3147 2021 3192 Lemnias

238 3215 341 3249 τους
354 3215 679 3315 [ἶῗιοΝφίιῇοέξῑ
706 3216 922 3306 Ἓὶἇωῗῦἱᾶ
964 3261 993 3305 ἰ.
1031 3277 1070 3304 e.
1107 3260 1284 3321 μεγάλη
1321 3261 1465 3323 μήτηρ
1506 3269 1773 3308 contractum
1814 3264 2019 3323 putavit?

236 3317 382 3418 831er
399 3331 483 3360 non
512 3319 798 3363 verecundius
827 3320 975 3377 Etym.
999 3321 1061 3364 M.
1092 3329 1138 3365 et
1160 3323 1278 3368 Gud.
1302 3325 1492 3381 Λῆμνος
1521 3338 1598 3380 pro
1630 3320 1830 3374 λᾶϋπνος
1859 3324 2017 3367 dictum
