2150 3814
265 199 427 260 1082
786 217 1022 259 mena
1064 217 1496 261 SECUNDUS.

254 345 354 404 70.
399 345 562 425 quod
607 365 823 407 vereor
866 364 942 403 ne
983 345 1211 410 falsum
1259 346 1367 419 sit3
1429 363 1570 404 nam
1615 349 1668 405 is
1712 365 1846 406 mos
1890 367 2023 426 per-

252 455 510 524 vagatus
566 447 686 505 fuit
739 463 849 503 nec
906 463 1043 503 cum
1070 443 1071 446 ’
1098 443 1393 504 Amaside
1450 447 1668 526 coepit.
1776 446 2027 509 Servius

251 546 325 604 Π.
372 545 509 603 116.
568 563 794 622 quum
835 542 939 601 *de
996 544 1514 618 animalibus,
1573 564 1768 624 quae
1812 544 2029 604 diffi-

251 646 402 704 cile
445 645 999 715 inveniuntur,
1057 652 1179 702 est
1222 642 1876 717 sacrificandum,
1939 643 2030 702 de

246 762 445 824 pane
500 743 630 802 vel
684 762 865 801 cera
919 742 1133 801 fiunt
1190 742 1262 800 cf.
1319 741 1566 802 Anthol.
1621 744 1754 804 Lat.
1811 744 1880 803 L.
1925 741 2028 802 VI.

245 843 364 921 Ep.
421 841 522 900 43.
578 841 930 916 Postremo,
995 860 1182 921 quum
1243 839 1360 900 deo
1425 841 1668 902 cuidam
1709 844 2028 922 placentae

246 942 635 1015 offerrentur,
661 969 663 971 ·
692 943 1052 1001 animalium
1106 961 1261 1022 quae
1306 943 1364 1000 ei
1407 951 1514 1000 aut
1555 950 1724 1018 grata
1768 953 1873 1000 aut
1914 944 2029 1027 ini-

243 1043 404 1101 mica
460 1041 855 1115 ducerentur,
913 1044 1085 1120 signa
1141 1044 1442 1122 impressa
1501 1061 1634 1101 esse
1691 1050 1951 1122 apparet
1995 1062 2028 1100 e

244 1142 546 1200 Plutarch.
593 1142 670 1200 de
711 1143 788 1201 Is.
825 1140 924 1201 50.
966 1142 1104 1202 174.
1147 1141 1414 1212 θύοντες
1458 1140 1698 1225 ἑβδόμῃ
1740 1150 1853 1204 τοῦ
1904 1148 2029 1204 Tv-

243 1242 316 1324 βὶ
384 1242 580 1321 μηνὸς
634 1279 716 1287 —-
774 1238 1208 1303 ἐπιπλάττουσι
1273 1249 1403 1311 τοῖς
1474 1241 1776 1311 ποπάνοις
1833 1245 2025 1304 ἵππον

242 1339 568 1420 ποτάμιον.

410 1439 715 1519 Exposita
755 1438 1175 1516 placentarum
1219 1442 1609 1517 figuratarum
1646 1448 1708 1497 et
1731 1457 1857 1497 non
1881 1441 2028 1516 figu-

239 1547 512 1598 ratarum
557 1540 859 1600 varietate
904 1547 966 1596 et
999 1539 1391 1598 multitudine
1409 1536 1472 1619 [i]
1518 1537 1895 1617 redditisque
1931 1557 2029 1596 ea—

238 1657 378 1698 rum
436 1640 634 1698 causis
692 1638 898 1699 brevis
957 1637 1296 1718 disputatio
1342 1649 1652 1719 superest,
1710 1658 1848 1698 mos
1891 1641 2028 1718 ipse

241 1738 487 1817 quando
556 1738 944 1797 increbuerit.
1055 1738 1307 1799 Veteres
1365 1739 1615 1819 quidem
1670 1741 1866 1799 nostri
1923 1741 2028 1818 qui

239 1838 449 1903 πάντα
505 1844 711 1901 ἴσαντι
767 1839 872 1900 καὶ
918 1839 1001 1908 (ὃς
1045 1840 1201 1908 Ζεὺς
1247 1839 1507 1924 ἀγάμεθ’
1539 1841 1774 1922 Ἥραν,
1819 1857 2027 1919 prom-

236 1940 475 1997 tissime
527 1938 935 2018 respondent‚
982 1941 1422 2017 antiquissimis
1466 1938 1847 2017 temporibus
1892 1937 2027 1995 nul-

236 2039 299 2096 la
358 2039 550 2097 fuisse
608 2040 729 2095 nisi
787 2040 950 2122 ἁγνὰ
1024 2038 1316 2119 θύματα,
1387 2040 1694 2118 primitias
1760 2038 2025 2114 frugum,

233 2138 441 2210 mella,
485 2138 781 2216 lactisque
824 2139 1094 2216 liquores
1141 2148 1202 2196 et
1245 2157 1321 2196 ex
1357 2138 1453 2196 his
1499 2139 1841 2216 composita
1873 2157 2021 2219 ψαι-

237 2236 355 2300 στοί
399 2246 462 2296 et
501 2237 771 2301 πόπανα.
820 2234 1010 2316 Cujus
1056 2239 1365 2317 opinionis
1410 2238 1582 2296 fuere
1622 2238 1797 2297 Plato
1826 2237 2024 2298 Theo-

234 2338 524 2417 phrastus
571 2357 902 2418 pmnesque
961 2340 1044 2411 ii,
1110 2341 1213 2418 qui
1256 2341 1491 2418 primos
1536 2337 1897 2398 mortalium.
1926 2339 2027 2415 ju-

235 2440 542 2497 stissimos
588 2448 650 2496 et
693 2440 1229 2497 innocentissimos
1273 2440 1504 2498 vixisse
1545 2437 1829 2499 arbitrati
1855 2448 2025 2512 sunt3

231 2537 400 2615 quod
470 2539 577 2597 alii
648 2547 858 2596 contra
913 2547 1163 2616 putant,
1220 2557 1407 2614 genus
1464 2548 1772 2611 nostrum,
1833 2556 2023 2617 quum

234 2637 424 2698 modo
483 2648 647 2697 terra
703 2637 938 2697 editum
985 2648 1176 2710 esset,
1221 2640 1392 2697 victu
1439 2647 1500 2696 et
1541 2637 1817 2698 moribus
1863 2639 2022 2698 fera-

230 2757 373 2797 rum
433 2726 820 2798 simillimum
875 2738 1065 2796 fuisse
1079 2758 1094 2812 3
1150 2740 1320 2817 pari,
1380 2748 1450 2797 ut
1504 2749 1710 2818 patet,
1779 2741 2022 2817 utrique

224 2841 394 2916 jure3
450 2859 592 2899 nam
653 2839 730 2898 de
773 2838 955 2898 rebus
1001 2833 1156 2916 quae
1200 2841 1340 2897 sciri
1383 2858 1509 2898 non
1553 2849 1845 2918 possunt,
1891 2857 2021 2897 om-

231 2959 340 3000 nes
398 2939 783 3000 tantumdem
842 2940 1056 2998 sciunt.
1142 2938 1331 3018 Apud
1385 2939 1725 3021 Homerum
1772 2938 2020 3018 quidem

351 3123 433 3181 [i]
481 3124 714 3168 Muellerus
757 3126 824 3168 De
865 3124 1015 3168 Dorib.
1058 3124 1115 3165 T.
1158 3125 1194 3167 Ι.
1237 3125 1337 3166 217.
1416 3123 1519 3166 Die
1570 3123 2017 3179 pataraeischen

233 3183 586 3227 Oblationen
626 3199 729 3227 von
768 3184 1003 3227 Kuchen
1034 3183 1296 3225 erinnern
1335 3198 1397 3225 an
1428 3182 1516 3224 die
1536 3181 1880 3226 ,aehnlichen
1911 3181 2017 3223 Ge-

232 3242 486 3286 briiuche
530 3258 635 3285 von
681 3243 849 3285 Delos
887 3242 998 3286 und
1040 3242 1371 3298 bestfitigen
1413 3242 1512 3284 das
1541 3240 2015 3283 verschwisterte

233 3301 606 3344 Verhsltniss
657 3302 850 3345 dieser
903 3301 1286 3343 Cultusiirter.
1362 3301 1459 3342 Hoc
1505 3299 1673 3355 quidem
1723 3306 2013 3355 argumentum

234 3361 373 3403 levius
404 3365 495 3411 est,
537 3374 663 3415 quum
696 3362 888 3404 omnibus
918 3360 1079 3415 ubique
1110 3359 1192 3401 diis
1224 3360 1312 3402 liba
1342 3359 1490 3402 oblata
1518 3371 1611 3400 esse
1642 3363 1819 3400 constet.
