2150 3814
227 216 389 277 1162
784 229 1020 272 menn
1081 229 1441 274 TERTlus.

217 362 583 440 redigantur.
672 357 797 417 Sed
851 377 924 418 eo
983 358 1120 418 loco
1176 358 1413 421 codices
1456 361 1664 441 plures
1709 379 1834 441 pro·
1866 365 2000 429 Μί-

217 489 378 532 νωος
434 458 781 545 Μύγδονος
836 457 1165 538 praebent,
1208 477 1319 519 nec
1361 451 1750 524 disconvenit
1791 461 2001 524 Midae

216 581 473 634 nomen,
518 576 832 619 sacrorum
879 556 1181 634 Cybelae,
1235 569 1305 619 ut
1349 560 1600 637 dicitur,
1645 564 2005 624 constituto-

214 667 300 723 ris
357 660 671 721 Ammian.
727 657 914 717 Marc.
971 657 1171 717 XXII.
1229 659 1286 718 9.
1373 662 1473 721 De
1516 663 1750 723 artibus
1795 675 2004 723 autem

214 762 624 839 Dactylorum
668 766 854 837 atque
897 759 1166 818 inventis
1208 760 1379 819 nulla
1423 771 1744 821 auctorum
1770 761 2005 822 dissen-

217 865 310 923 sio
356 871 476 935 est3
532 857 759 928 πάντες
804 858 1062 941 σίδηρον
1106 858 1442 945 εἰργάσθαι
1483 862 1604 924 ὑπὸ
1648 860 1893 926 τούτων
1937 867 2004 926 ἐν

201 964 332 1045 Ἴδῃ
380 959 635 1046 πρῶτόν
690 980 878 1043 φασι,
936 957 1162 1029 πάντες
1205 959 1274 1022 δε
1317 959 1546 1046 γόητας
1587 960 2006 1043 ὑπειλήφεσαν

214 1065 322 1129 καὶ
390 1063 530 1146 περὶ
592 1061 707 1140 τὴν
760 1061 994 1143 μητέρα
1050 1068 1181 1124 τῶν
1238 1064 1414 1126 θεῶν
1467 1061 1574 1124 καὶ
1627 1064 1695 1124 ἐν
1749 1062 2006 1147 Φρυγίᾳ

215 1160 688 1247 κατῳκηκότας,
734 1160 1030 1245 Φρυγίαν
1072 1161 1188 1240 τὴν
1238 1161 1510 1244 Τρῳάδα
1550 1170 1885 1233 καλοῦντες
1926 1160 2006 1221 Χ.

211 1287 275 1347 p.
334 1263 478 1325 214.
539 1279 799 1340 quorum
856 1262 1031 1339 prius
1087 1262 1408 1322 confirmat
1449 1261 1770 1323 Diodorus
1811 1261 2008 1324 XVII.

213 1368 272 1424 7.
318 1365 432 1423 hos
476 1363 711 1442 primos
755 1359 903 1420 Idae
942 1359 1199 1421 Troicae
1243 1363 1480 1424 accolas
1522 1363 1714 1423 fuisse
1758 1361 2008 1424 tradens

213 1485 253 1526 a
307 1473 510 1525 matre
564 1461 822 1521 deorum
877 1459 1027 1519 ferri
1081 1459 1426 1525 fabricandi
1483 1472 1615 1522 arte
1657 1463 2008 1537 instructos,

212 1565 554 1647 Sophocles
615 1580 769 1625 vero
831 1558 1000 1641 apud
1055 1560 1423 1623 Strabonem
1481 1560 1678 1639 (213.)
1722 1579 1850 1623 non
1886 1562 2010 1624 hoc

214 1668 415 1728 solum
485 1663 598 1725 sed
651 1664 844 1723 etiam
900 1663 1057 1724 ἄλλα
1113 1663 1310 1725 πολλὰ
1365 1669 1497 1726 τῶν
1554 1667 1638 1734 εἷς
1692 1664 1807 1727 τὸν
1860 1663 2009 1746 βίον

205 1767 533 1852 χρησίμων
566 1763 654 1825 'ab
698 1765 776 1824 iis
818 1765 1078 1824 inventa
1122 1781 1272 1823 esse.
1317 1762 1482 1822 Hinc
1522 1763 1786 1831 fortasse
1831 1761 2010 1820 fluxit

213 1867 379 1947 quod
446 1866 805 1925 Plutarchus
873 1863 1062 1923 refert
1121 1862 1200 1921 de
1258 1862 1417 1922 Mus.
1476 1861 1549 1921 V.
1605 1861 1750 1923 214.
1811 1859 2008 1941 (654.)

208 1968 602 2051 Ἀλέξανδρος
671 1969 738 2028 ἐν
807 1972 882 2044 τῇ
942 1970 1278 2049 συναγωγῇ
1334 1971 1466 2026 τῶν
1521 1962 1663 2046 περὶ
1720 1961 2008 2046 Φρυγίας

214 2067 539 2150 κρούματα
585 2068 912 2146 ’Όλυμπον
958 2066 1074 2146 ἔφη
1120 2070 1372 2145 πρῶτον
1415 2068 1500 2133 εἷς
1541 2063 1688 2132 τοὺς
1713 2061 2008 2140 Ἕλληνας

213 2169 467 2249 κομίσαι
479 2214 501 2241 ,
561 2168 648 2228 ἔτι
692 2165 733 2227 δ
736 2164 761 2226 ὲ
805 2164 911 2226 καὶ
951 2163 1098 2232 τοὺς
1134 2162 1396 2232 Ἰδαίους
1439 2159 1819 2231 Δακτύλους.
1895 2159 2009 2220 So-

214 2271 377 2329 linus
448 2289 494 2327 c.
562 2266 668 2326 XI.
740 2263 1098 2325 studium
1155 2264 1541 2322 musicum
1597 2263 2010 2323 inventum

217 2375 444 2450 quum
499 2367 723 2427 Idaei
779 2366 839 2424 D
858 2365 1113 2442 actyli
1156 2362 1522 2423 modulos
1568 2363 1880 2444 crepitu
1925 2380 2010 2422 ac

217 2471 522 2530 tinnitu
566 2468 775 2525 aeris
822 2465 1365 2546 deprehensos
1408 2465 1488 2521 in
1532 2462 2007 2523 versificum

208 2565 571 2630 'ordinem
642 2565 1121 2625 transtuliss
1139 2573 1298 2635 ent,
1368 2580 1526 2641 quae
1593 2564 2010 2644 transscripsit

212 2667 491 2730 Isidorus
562 2667 764 2746 Origg.
832 2667 902 2726 L.
957 2664 1123 2725 XIV.
1195 2685 1242 2723 c.
1300 2662 1358 2721 6.
1445 2661 1564 2722 His
1623 2655 2007 2724 consentiens

210 2759 420 2830 Schol.
465 2767 710 2828 Townl.
755 2766 837 2827 ad
879 2767 948 2826 Il.
992 2764 1188 2826 ΧΧΠ.
1230 2764 1373 2824 391.
1418 2781 1654 2836 eorum,
1700 2765 1808 2843 qui
1843 2763 2004 2824 bello

214 2871 633 2931 inclaruerunt
689 2869 992 2947 TrOJano,
1051 2867 1208 2925 duos
1253 2867 1523 2925 musicae
1567 2864 1718 2923 artis
1761 2867 2008 2944 peritis·
2095 2867 2105 2869 ⁴

216 2973 406 3033 simos
474 2971 665 3030 fuisse
722 2968 903 3043 dicit,
975 2967 1277 3028 Achillem
1334 2976 1395 3025 et
1447 2962 1764 3037 Paridem,
1826 2961 1917 3031 ὧν
1970 2966 2004 3029 ὅ

217 3072 335 3157 μὲν
377 3072 498 3135 ὑπὸ
543 3071 860 3156 Χείρωνος
901 3078 1014 3133 τοῦ
1048 3069 1154 3132 καὶ
1191 3068 1420 3151 Ὀρφέα
1452 3063 1922 3139 παιδεύσαντος,
1968 3067 2002 3129 ὅ

212 3159 291 3237 Ιδὲ
336 3176 403 3236 ἐν
431 3173 562 3252 Ἴδῃ
605 3172 908 3255 τραφεὶς,
939 3165 1014 3233 οὗ
1058 3169 1388 3255 διέτριψαν
1426 3170 1485 3230 οἱ
1519 3168 1730 3230 Ἰδαῖοι
1754 3165 2003 3230 Δάκτυ-

223 3282 316 3336 λοι
381 3270 836 3355 μουσικώτατοι
917 3268 1264 3358 γεγονότες,
1336 3264 1426 3331 ὧν
1494 3270 1602 3331 ἕνα
1659 3265 2003 3349 Κρινόεντα

223 3373 452 3456 φασίν,
507 3375 575 3445 ὃς
631 3381 873 3457 πρῶτος
930 3370 1223 3441 Μούσαις
1267 3373 1529 3442 ἔθυσεν,
1575 3364 1650 3432 οὗ
1695 3365 2000 3452 ἀπόγονος
