2150 3814
801 205 1339 255 curulem*
1793 198 1956 265 1103

169 340 558 418 Dionysiaca·
592 336 890 410 bacchica,
932 346 1059 399 tres
1100 337 1372 397 rationes
1410 335 1595 417 reddi
1635 357 1821 419 posse
1859 345 1956 406 vi-

171 440 364 516 deret,
406 451 515 502 aut
555 436 719 520 quod
762 454 806 498 a
846 437 1100 501 Graecis
1122 436 1419 518 Aegyptii
1445 447 1568 500 ÷aut
1610 438 1688 506 ab
1720 440 1818 502 his
1860 443 1955 503 illi

170 542 544 622 acceperint,
606 547 718 599 aut
758 537 928 620 quod
967 549 1227 620 utraque
1263 557 1445 604 *sacra
1478 541 1775 605 αυνέπεσε
1815 567 1958 607 ποι-

167 639 429 723 εύμενα,
455 671 461 683 ,
481 638 550 700 id
597 628 700 699 'est
751 652 1034 705 seorsum
1051 638 1258 722 :apud
1310 650 1634 722 utramque
1686 652 1951 722 gentem,

163 749 382 801 neutra
423 739 682 800 alteram
723 742 1042 815 imitante,
1077 743 1368 803 instituta
1408 743 1532 804 sim
1542 743 1639 825 [⁰]‚
1681 746 1954 824 primam

158 841 493 901 rationem·
535 846 827 903 continuo
894 844 1096 922 rejicit
1160 852 1232 903 ut
1293 842 1784 919 intolerabilem,
1824 864 1954 915 ,nec

157 939 387 1020 probat
427 943 701 1018 tertiam,
740 945 888 1024 quia
928 953 992 1003 et
1025 957 1341 1004 sacrorum
1384 944 1557 1004 011101
1596 947 1954 1024 peregrinus

156 1048 223 1099 et
275 1039 385 1106 dei
432 1043 632 1123 ipsius
683 1045 934 1106 novitas
989 1051 1294 1105 monstret
1351 1043 1485 1120 ejus
1540 1043 1772 1104 cultum
1825 1064 1955 1106 11011

160 1140 233 1199 in
287 1140 582 1203 Graeciae
632 1144 772 1203 solo
824 1152 1046 1204 natum
1084 1160 1252 1217 esse3
1306 1144 1520 1222 itaque
1560 1161 1754 1205 11110111
1795 1144 1955 1206 illud

155 1239 540 1328 relinquitim
579 1251 658 1303 vut
694 1246 781 1303 ex
795 1241 1086 1325 Aegypto
1101 1261 1114 1272 ·“
1131 1251 1476 1305 assumtum
1493 1275 1495 1278 ·
1513 1242 1702 1305 dicat.
1749 1242 1954 1318 Quum

154 1356 307 1400 vero
360 1343 565 1405 *sciret
635 1342 999 1406 Herodnffls
1038 1363 1257 1406 sacra.
1305 1344 1532 1406 Bacchi
1592 1348 1953 1424 *graecanica

154 1440 490 1518 prm-ihm
528 1449 968 1524 110οἐ100101.
1004 1465 1155 1512 cum
1209 1445 1629 1527 Aegyptiacis.
1663 1446 1954 1508 habuisse

160 1540 683 1624 similitudinem,
700 1557 938 1626 quanm
971 1555 1143 1608 1111110
1187 1547 1537 1621 obtineret,¹
1566 1549 1786 1608 statuit
1825 1549 1953 1628 pri-

155 1658 332 1700 mum
372 1652 613 1704 eorum
680 1655 1002 1708 auctorem
1062 1647 1527 1729 Melampodem
1596 1657 1659 1707 et
1703 1657 1954 1732 nabaz-—

158 1738 338 1812 λάξαι
379 1743 581 1828 ὄψ’
616 1728 701 1805 et‘
733 1749 809 1809 οὗ
848 1745 1220 1810 τὸνππάντα
1262 1747 1452 1833 λόγον
1496 1752 1796 1830 ἐκφῆναι,
1838 1765 1953 1826 po-

153 1841 690 1906 steriores-autem
733 1845 1140 1924 philosophos
1184 1845 1464 1926 μεζόνως
1502 1850 1792 1926 ἐκφῆναι,
1836 1846 1954 1905 1100

154 1950 277 2021 est,
304 1951 394 2002 »ut
435 1941 722 2023 equidem
743 1945 996 2017 sentio,
1049 1955 1184 2004 rem
1226 1945 1317 2004 ita
1353 1944 1697 2004 adornasse
1740 1952 1813 2004 ut
1855 1963 1952 2006 sa-

158 2154 208 2204 ὲξ
247 2151 486 2213 Αἰγύπτου
533 2154 589 2199 τὰ
629 2152 842 2213 Διονύσῳ
882 2155 1158 2214 νομιζόμενα
1202 2158 1433 2201 τελεῖσθαι
1470 2153 1596 2215 παρὰ
1633 2161 1728 2206 τοῖς
1754 2154 1949 2215 Ἕλλησι,

160 2212 322 2256 καὶτὰ
362 2217 470 2271 περὶ
498 2210 682 2275 Κρόνου
716 2211 1104 2273 μυθολογούμενα
1142 2217 1219 2258 καὶ
1256 2213 1311 2258 τὰ
1350 2216 1457 2275 περὶ
1495 2217 1571 2267 τῆς
1616 2219 1952 2274 Τιτανομαχίας

159 2272 238 2313 καὶ
266 2268 317 2314 τὸ
348 2269 543 2317 σύνολον
571 2271 654 2328 τὴν
681 2275 789 2332 περὶ
817 2271 872 2315 τὰ
902 2270 1031 2328 πάθη
1061 2276 1153 2317 τῶν
1183 2276 1308 2317 θεῶν
1336 2275 1556 2332 ἱστορίαν.
1619 2273 1669 2315 Si
1698 2273 1948 2318 Herodotus

157 2329 213 2372 de
243 2329 326 2372 hoc
355 2331 534 2384 itinere,
577 2331 689 2388 quod
719 2331 941 2375 Larchero
972 2332 1360 2389 exploratissimum
1389 2333 1587 2385 videtur,
1631 2332 1796 2389 aliquid
1823 2333 1952 2376 inau-

155 2387 338 2431 divisset
367 2396 443 2433 aut
472 2390 640 2433 omnino
671 2390 770 2433 fieri
797 2391 990 2447 potuisse
1021 2392 1324 2445 existimasset,
1354 2405 1569 2447 nunquam
1596 2391 1683 2434 illis
1706 2406 1810 2434 usus
1834 2397 1950 2435 esset

159 2447 438 2503 ambagibm,
476 2455 526 2491 ut
556 2448 870 2506 Melampodem
907 2449 1097 2492 instituti
1135 2451 1398 2507 Aegyptiaci
1435 2449 1632 2492 notitiam
1663 2464 1690 2492 a
1719 2450 1950 2494 Phoenici—

155 2505 238 2547 bus
270 2506 489 2563 accepisse
518 2507 718 2564 fingeret.
776 2508 946 2550 Nomen
974 2514 1122 2551 antem
1147 2506 1278 2562 πάθη
1307 2508 1454 2550 varios
1484 2508 1660 2551 deorum
1699 2523 1825 2551 casus
1857 2509 1947 2580 sig-

157 2564 336 2618 nificat3
390 2562 573 2624 Κρόνου
613 2562 740 2622 πάθη
781 2566 909 2609 Plato
964 2566 1096 2610 Polit.
1134 2566 1194 2610 Π.
1234 2566 1334 2610 378.
1375 2567 1429 2610 A.
1505 2563 1804 2625 Περσεφόνης
1851 2584 1947 2613 πα-

154 2627 241 2672 θος
268 2623 455 2680 Appian.
487 2624 583 2667 civ.
612 2625 690 2667 IV.
723 2624 820 2668 105.
875 2623 1015 2675 Ἰνοῦς
1042 2622 1171 2680 πάθη
1201 2626 1381 2669 Aristid.
1415 2626 1471 2668 T.
1502 2625 1537 2669 I.
1567 2625 1668 2669 324.
1716 2623 1947 2670 Διονύσου

156 2678 284 2738 πάθη
331 2682 515 2739 Dionys.
563 2684 666 2727 Ant.
704 2683 764 2726 ΙΙ.
808 2684 875 2727 19.
922 2685 1077 2741 quibus
1122 2690 1213 2728 tum
1258 2687 1366 2741 fuga
1406 2684 1478 2727 dei
1519 2690 1609 2729 tum
1648 2685 1819 2727 insania
1857 2690 1947 2728 tum

158 2740 289 2783 etiam
333 2741 534 2784 interitus
574 2742 814 2798 significari
847 2747 1005 2801 potest.
1045 2744 1258 2796 Vulnera,
1298 2745 1428 2799 fugas
1467 2746 1513 2785 et
1551 2742 1731 2789 servitia
1771 2743 1947 2787 deorum
2009 2756 2011 2758 ·

163 2805 369 2843 enarrant
395 2801 610 2844 Homerus
649 2806 696 2844 et
730 2801 944 2858 Panyasis
973 2803 1131 2846 Justin.
1161 2803 1197 2845 Ι.
1228 2803 1269 2845 2.
1318 2802 1517 2845 Clemens
1548 2802 1655 2844 Coh.
1686 2801 1745 2844 Π.
1775 2801 1847 2845 30.
1880 2816 1947 2859 sq.

158 2858 314 2914 quibus
357 2859 560 2918 deinceps
606 2859 866 2918 procedente
913 2866 1106 2919 tempore
1154 2861 1230 2904 alii
1273 2861 1382 2903 alias
1425 2861 1734 2903 adstruxerunt
1774 2859 1947 2903 fabulas

159 2916 291 2972 vulgo
321 2918 534 2972 creditas,
574 2933 601 2962 a
631 2918 966 2976 sapientioribus
995 2921 1154 2978 partim
1185 2925 1334 2977 aperte
1363 2921 1622 2977 reprobatas
1651 2919 1808 2976 partim
1839 2919 1946 2967 alle-

159 2977 310 3030 goriae
339 2983 567 3034 praetextu
603 2983 842 3021 excusatas.

276 3074 348 3133 [⁰]
400 3077 588 3121 Verbum
617 3080 894 3138 συμπεσέειν
924 3078 1125 3134 Scaliger
1167 3078 1223 3121 ad
1253 3079 1381 3121 Varr.
1425 3092 1467 3134 p.
1502 3075 1600 3120 140.
1641 3078 1945 3121 concinere

159 3132 326 3188 reddit,
357 3134 431 3178 alii
462 3150 596 3179 casu
626 3151 974 3193 congruere,
1015 3138 1093 3180 alii
1122 3138 1306 3180 eodem
1337 3142 1584 3194 tempore
1611 3135 1945 3180 institutum

160 3206 300 3235 esse.
368 3194 464 3236 Nec
502 3195 640 3238 minus
678 3196 924 3251 ambigam
971 3196 1087 3253 quod
1127 3196 1321 3253 sequitur
1360 3193 1595 3254 ὁμότροπα
1636 3192 1727 3256 γὰρ
1772 3192 1831 3239 ἂν
1872 3187 1942 3251 ἦν,

159 3256 301 3294 utrum
328 3253 463 3295 totius
491 3255 730 3298 sententiae
759 3253 850 3312 ἐγὼ
880 3255 969 3314 μὲν
998 3247 1081 3299 οὖν
1112 3279 1162 3287 -
1208 3269 1262 3298 an
1292 3261 1536 3311 postremae
1563 3255 1703 3311 partis
1731 3254 1943 3297 rationem

161 3309 331 3352 reddat.
387 3311 451 3353 Et
477 3311 585 3355 illud
616 3327 786 3370 quoque
814 3314 937 3357 varie
977 3313 1132 3356 disseri
1172 3319 1339 3371 potest,
1383 3327 1461 3358 cur
1497 3311 1748 3363 Herodotus
1780 3312 1945 3357 Bacchi

164 3382 287 3411 sacra
319 3369 504 3413 Graecis
534 3368 768 3431 ὁμότροπα
799 3387 895 3416 esse
925 3371 1167 3429 negaverit.
