<?xml version="1.0" encoding="UTF-8"?>
<!DOCTYPE html PUBLIC "-//W3C//DTD XHTML 1.0 Transitional//EN"
    "http://www.w3.org/TR/xhtml1/DTD/xhtml1-transitional.dtd">
<html xmlns="http://www.w3.org/1999/xhtml" xml:lang="en" lang="en">
 <head>
  <title>
</title>
<meta http-equiv="Content-Type" content="text/html;charset=utf-8" />
  <meta name='ocr-system' content='tesseract 3.04.00' />
  <meta name='ocr-capabilities' content='ocr_page ocr_carea ocr_par ocr_line ocrx_word'/>
</head>
<body>
  <div class='ocr_page' id='page_1' title='image "./aglaophamussived02lobeuoft_0535.png"; bbox 0 0 2150 3814; ppageno 0'>
   <div class='ocr_carea' id='block_1_1' title="bbox 751 234 1891 295">
    <p class='ocr_par' dir='ltr' id='par_1_1' title="bbox 751 234 1891 295">
     <span class='ocr_line' id='line_1_1' title="bbox 751 234 1891 295; baseline 0.011 -12"><span class='ocrx_word' id='word_1_1' title='bbox 751 240 1307 287; x_wconf 82' lang='lat' dir='ltr'><strong>SAMOTHRACIA.</strong></span> <span class='ocrx_word' id='word_1_2' title='bbox 1733 234 1891 295; x_wconf 84' lang='lat'><strong>1311</strong></span> 
     </span>
    </p>
   </div>
   <div class='ocr_carea' id='block_1_2' title="bbox 107 369 1897 3278">
    <p class='ocr_par' dir='ltr' id='par_1_2' title="bbox 107 369 1897 3278">
     <span class='ocr_line' id='line_1_2' title="bbox 116 369 1891 453; baseline 0.001 -21"><span class='ocrx_word' id='word_1_3' title='bbox 116 375 360 451; x_wconf 86' lang='lat' dir='ltr'><strong>ignarus</strong></span> <span class='ocrx_word' id='word_1_4' title='bbox 402 375 562 432; x_wconf 88' lang='lat' dir='ltr'><strong>inter</strong></span> <span class='ocrx_word' id='word_1_5' title='bbox 613 369 1176 448; x_wconf 85' lang='lat' dir='ltr'><strong>antiquissimarum</strong></span> <span class='ocrx_word' id='word_1_6' title='bbox 1235 372 1504 448; x_wconf 83' lang='lat' dir='ltr'><strong>gentium</strong></span> <span class='ocrx_word' id='word_1_7' title='bbox 1549 372 1891 453; x_wconf 87' lang='lat' dir='ltr'><strong>Theologu-</strong></span> 
     </span>
     <span class='ocr_line' id='line_1_3' title="bbox 116 467 1889 551; baseline 0.001 -19"><span class='ocrx_word' id='word_1_8' title='bbox 116 491 298 532; x_wconf 91' lang='lat' dir='ltr'><strong>mena</strong></span> <span class='ocrx_word' id='word_1_9' title='bbox 338 472 550 531; x_wconf 88' lang='lat' dir='ltr'><strong>retulit</strong></span> <span class='ocrx_word' id='word_1_10' title='bbox 591 467 802 543; x_wconf 83' lang='lat' dir='ltr'><strong>Symb.</strong></span> <span class='ocrx_word' id='word_1_11' title='bbox 848 467 917 527; x_wconf 86' lang='grc' dir='ltr'><strong>Τ.</strong></span> <span class='ocrx_word' id='word_1_12' title='bbox 961 467 1008 528; x_wconf 90' lang='grc' dir='ltr'><strong>Ι.</strong></span> <span class='ocrx_word' id='word_1_13' title='bbox 1051 469 1194 528; x_wconf 84' lang='grc'><strong>327.</strong></span> <span class='ocrx_word' id='word_1_14' title='bbox 1249 479 1444 551; x_wconf 67' lang='lat' dir='ltr'><strong>neque</strong></span> <span class='ocrx_word' id='word_1_15' title='bbox 1489 472 1644 532; x_wconf 88' lang='lat' dir='ltr'><strong>alios</strong></span> <span class='ocrx_word' id='word_1_16' title='bbox 1689 473 1889 534; x_wconf 86' lang='lat' dir='ltr'><strong>fontes</strong></span> 
     </span>
     <span class='ocr_line' id='line_1_4' title="bbox 114 564 1890 654; baseline 0.001 -23"><span class='ocrx_word' id='word_1_17' title='bbox 114 571 428 654; x_wconf 81' lang='lat' dir='ltr'><strong>Heurnius</strong></span> <span class='ocrx_word' id='word_1_18' title='bbox 484 579 546 628; x_wconf 90' lang='lat' dir='ltr'><strong>et</strong></span> <span class='ocrx_word' id='word_1_19' title='bbox 599 567 836 628; x_wconf 86' lang='lat' dir='ltr'><strong>Natalis</strong></span> <span class='ocrx_word' id='word_1_20' title='bbox 891 566 970 626; x_wconf 85' lang='lat' dir='ltr'><strong>de</strong></span> <span class='ocrx_word' id='word_1_21' title='bbox 1029 564 1374 630; x_wconf 87' lang='lat' dir='ltr'><strong>Comitibus</strong></span> <span class='ocrx_word' id='word_1_22' title='bbox 1430 573 1673 650; x_wconf 81' lang='lat' dir='ltr'><strong>sequuti</strong></span> <span class='ocrx_word' id='word_1_23' title='bbox 1727 583 1890 647; x_wconf 88' lang='lat' dir='ltr'><strong>sunt,</strong></span> 
     </span>
     <span class='ocr_line' id='line_1_5' title="bbox 114 666 1892 750; baseline 0.002 -19"><span class='ocrx_word' id='word_1_24' title='bbox 114 680 184 731; x_wconf 92' lang='lat' dir='ltr'><strong>ut</strong></span> <span class='ocrx_word' id='word_1_25' title='bbox 223 679 396 750; x_wconf 89' lang='lat' dir='ltr'><strong>patet</strong></span> <span class='ocrx_word' id='word_1_26' title='bbox 439 688 473 727; x_wconf 89' lang='lat' dir='ltr'><strong>e</strong></span> <span class='ocrx_word' id='word_1_27' title='bbox 513 666 777 728; x_wconf 79' lang='lat' dir='ltr'><strong>Malelae</strong></span> <span class='ocrx_word' id='word_1_28' title='bbox 819 667 955 726; x_wconf 90' lang='lat' dir='ltr'><strong>loco</strong></span> <span class='ocrx_word' id='word_1_29' title='bbox 998 668 1068 728; x_wconf 93' lang='lat' dir='ltr'><strong>L.</strong></span> <span class='ocrx_word' id='word_1_30' title='bbox 1090 669 1166 729; x_wconf 87' lang='lat'><strong>11.</strong></span> <span class='ocrx_word' id='word_1_31' title='bbox 1210 689 1270 750; x_wconf 89' lang='lat' dir='ltr'><strong>p.</strong></span> <span class='ocrx_word' id='word_1_32' title='bbox 1308 670 1404 731; x_wconf 89' lang='lat'><strong>17.</strong></span> <span class='ocrx_word' id='word_1_33' title='bbox 1449 670 1754 745; x_wconf 80' lang='grc' dir='ltr'><em>Διόνυσος</em></span> <span class='ocrx_word' id='word_1_34' title='bbox 1793 698 1892 735; x_wconf 80' lang='grc' dir='ltr'><strong>κε-</strong></span> 
     </span>
     <span class='ocr_line' id='line_1_6' title="bbox 111 769 1893 853; baseline 0.002 -21"><span class='ocrx_word' id='word_1_35' title='bbox 111 770 494 852; x_wconf 76' lang='grc' dir='ltr'><em>κοσμημένος</em></span> <span class='ocrx_word' id='word_1_36' title='bbox 550 775 828 851; x_wconf 78' lang='grc' dir='ltr'><em>στρατῷ,</em></span> <span class='ocrx_word' id='word_1_37' title='bbox 901 769 1013 840; x_wconf 78' lang='grc' dir='ltr'><strong>οὓς</strong></span> <span class='ocrx_word' id='word_1_38' title='bbox 1067 770 1464 853; x_wconf 81' lang='grc' dir='ltr'><em>Σκίρτους</em></span> <span class='ocrx_word' id='word_1_39' title='bbox 1523 771 1750 846; x_wconf 77' lang='grc' dir='ltr'><em>ἐκάλει,</em></span> <span class='ocrx_word' id='word_1_40' title='bbox 1809 774 1893 844; x_wconf 79' lang='grc' dir='ltr'><strong>ὥς</strong></span> 
     </span>
     <span class='ocr_line' id='line_1_7' title="bbox 109 868 1891 957; baseline 0.002 -25"><span class='ocrx_word' id='word_1_41' title='bbox 109 870 376 955; x_wconf 75' lang='grc' dir='ltr'><em>γοργοῦς</em></span> <span class='ocrx_word' id='word_1_42' title='bbox 416 868 522 933; x_wconf 81' lang='grc' dir='ltr'><strong>καὶ</strong></span> <span class='ocrx_word' id='word_1_43' title='bbox 564 869 1031 951; x_wconf 73' lang='grc' dir='ltr'><em>ἐξαλλομένους·</em></span> <span class='ocrx_word' id='word_1_44' title='bbox 1088 869 1252 951; x_wconf 79' lang='grc' dir='ltr'><em>ἦσαν</em></span> <span class='ocrx_word' id='word_1_45' title='bbox 1304 871 1428 957; x_wconf 81' lang='grc' dir='ltr'><strong>γὰρ</strong></span> <span class='ocrx_word' id='word_1_46' title='bbox 1472 876 1538 934; x_wconf 77' lang='grc' dir='ltr'><strong>ἐκ</strong></span> <span class='ocrx_word' id='word_1_47' title='bbox 1577 881 1686 952; x_wconf 83' lang='grc' dir='ltr'><strong>τῆς</strong></span> <span class='ocrx_word' id='word_1_48' title='bbox 1728 879 1891 938; x_wconf 82' lang='grc' dir='ltr'><em>Βεσ-</em></span> 
     </span>
     <span class='ocr_line' id='line_1_8' title="bbox 112 968 1893 1053; baseline 0.001 -23"><span class='ocrx_word' id='word_1_49' title='bbox 112 978 281 1047; x_wconf 82' lang='grc' dir='ltr'><em>σικῆς</em></span> <span class='ocrx_word' id='word_1_50' title='bbox 316 968 529 1053; x_wconf 79' lang='grc' dir='ltr'><em>χώρας</em></span> <span class='ocrx_word' id='word_1_51' title='bbox 567 971 674 1033; x_wconf 80' lang='grc' dir='ltr'><strong>καὶ</strong></span> <span class='ocrx_word' id='word_1_52' title='bbox 718 969 907 1053; x_wconf 76' lang='grc' dir='ltr'><em>σοφίᾳ</em></span> <span class='ocrx_word' id='word_1_53' title='bbox 959 980 1226 1052; x_wconf 78' lang='grc' dir='ltr'><em>μυστικῇ</em></span> <span class='ocrx_word' id='word_1_54' title='bbox 1279 972 1770 1052; x_wconf 73' lang='grc' dir='ltr'><em>πεπαιδευμένοι.</em></span> <span class='ocrx_word' id='word_1_55' title='bbox 1831 983 1893 1032; x_wconf 84' lang='lat' dir='ltr'><strong>et</strong></span> 
     </span>
     <span class='ocr_line' id='line_1_9' title="bbox 112 1065 1892 1154; baseline 0.004 -27"><span class='ocrx_word' id='word_1_56' title='bbox 112 1065 374 1128; x_wconf 87' lang='lat' dir='ltr'><strong>Cedreni</strong></span> <span class='ocrx_word' id='word_1_57' title='bbox 429 1092 490 1151; x_wconf 92' lang='lat' dir='ltr'><strong>p.</strong></span> <span class='ocrx_word' id='word_1_58' title='bbox 543 1070 645 1130; x_wconf 87' lang='lat'><strong>24.</strong></span> <span class='ocrx_word' id='word_1_59' title='bbox 700 1071 768 1130; x_wconf 90' lang='grc' dir='ltr'><strong>Β.</strong></span> <span class='ocrx_word' id='word_1_60' title='bbox 828 1071 974 1139; x_wconf 77' lang='grc' dir='ltr'><em>τοὺς</em></span> <span class='ocrx_word' id='word_1_61' title='bbox 1025 1070 1144 1151; x_wconf 78' lang='grc' dir='ltr'><strong>μὲν</strong></span> <span class='ocrx_word' id='word_1_62' title='bbox 1206 1071 1445 1151; x_wconf 71' lang='grc' dir='ltr'><em>ἄνδρας</em></span> <span class='ocrx_word' id='word_1_63' title='bbox 1499 1072 1892 1154; x_wconf 81' lang='grc' dir='ltr'><em>Σκίρτους</em></span> 
     </span>
     <span class='ocr_line' id='line_1_10' title="bbox 112 1167 1888 1253; baseline 0 -21"><span class='ocrx_word' id='word_1_64' title='bbox 112 1167 353 1232; x_wconf 76' lang='grc' dir='ltr'><em>ἐκάλεσε</em></span> <span class='ocrx_word' id='word_1_65' title='bbox 396 1170 503 1232; x_wconf 70' lang='grc' dir='ltr'><em>διὰ</em></span> <span class='ocrx_word' id='word_1_66' title='bbox 546 1170 629 1239; x_wconf 71' lang='grc' dir='ltr'><strong>τὰ</strong></span> <span class='ocrx_word' id='word_1_67' title='bbox 664 1171 982 1240; x_wconf 75' lang='grc' dir='ltr'><strong><em>ἅλλεσθαι,</em></strong></span> <span class='ocrx_word' id='word_1_68' title='bbox 1024 1168 1138 1238; x_wconf 74' lang='grc' dir='ltr'><strong>τὰς</strong></span> <span class='ocrx_word' id='word_1_69' title='bbox 1174 1168 1244 1230; x_wconf 72' lang='grc' dir='ltr'><strong>δὲ</strong></span> <span class='ocrx_word' id='word_1_70' title='bbox 1272 1175 1574 1253; x_wconf 78' lang='grc' dir='ltr'><em>γυναῖκας</em></span> <span class='ocrx_word' id='word_1_71' title='bbox 1617 1169 1888 1250; x_wconf 79' lang='grc' dir='ltr'><strong>Βάκχας.</strong></span> 
     </span>
     <span class='ocr_line' id='line_1_11' title="bbox 109 1263 1892 1348; baseline 0.001 -21"><span class='ocrx_word' id='word_1_72' title='bbox 109 1287 269 1348; x_wconf 86' lang='lat' dir='ltr'><strong>quae</strong></span> <span class='ocrx_word' id='word_1_73' title='bbox 307 1270 432 1348; x_wconf 91' lang='lat' dir='ltr'><strong>ipsi</strong></span> <span class='ocrx_word' id='word_1_74' title='bbox 473 1268 807 1328; x_wconf 74' lang='lat' dir='ltr'><strong>hauSertmt</strong></span> <span class='ocrx_word' id='word_1_75' title='bbox 849 1285 888 1325; x_wconf 90' lang='lat' dir='ltr'><strong>e</strong></span> <span class='ocrx_word' id='word_1_76' title='bbox 911 1263 1168 1327; x_wconf 87' lang='lat' dir='ltr'><strong>Cornuti</strong></span> <span class='ocrx_word' id='word_1_77' title='bbox 1206 1264 1270 1327; x_wconf 81' lang='lat' dir='ltr'><strong>C.</strong></span> <span class='ocrx_word' id='word_1_78' title='bbox 1295 1266 1492 1327; x_wconf 85' lang='lat' dir='ltr'><strong>XXX.</strong></span> <span class='ocrx_word' id='word_1_79' title='bbox 1539 1268 1649 1335; x_wconf 86' lang='lat' dir='ltr'><strong>ubi</strong></span> <span class='ocrx_word' id='word_1_80' title='bbox 1671 1269 1892 1330; x_wconf 89' lang='lat' dir='ltr'><strong>Bacchi</strong></span> 
     </span>
     <span class='ocr_line' id='line_1_12' title="bbox 111 1366 1895 1453; baseline 0.003 -25"><span class='ocrx_word' id='word_1_81' title='bbox 111 1369 367 1428; x_wconf 85' lang='lat' dir='ltr'><strong>comites</strong></span> <span class='ocrx_word' id='word_1_82' title='bbox 409 1374 802 1445; x_wconf 82' lang='lat' dir='ltr'><strong>recensentur</strong></span> <span class='ocrx_word' id='word_1_83' title='bbox 856 1369 914 1429; x_wconf 88' lang='grc' dir='ltr'><strong>οἱ</strong></span> <span class='ocrx_word' id='word_1_84' title='bbox 958 1366 1246 1451; x_wconf 76' lang='grc' dir='ltr'><em>Σάτυροι</em></span> <span class='ocrx_word' id='word_1_85' title='bbox 1300 1369 1422 1431; x_wconf 75' lang='grc' dir='ltr'><strong>ἀπὸ</strong></span> <span class='ocrx_word' id='word_1_86' title='bbox 1447 1445 1452 1451; x_wconf 32' lang='lat'><strong>,</strong></span> <span class='ocrx_word' id='word_1_87' title='bbox 1475 1377 1591 1432; x_wconf 85' lang='grc' dir='ltr'><strong>τοῦ</strong></span> <span class='ocrx_word' id='word_1_88' title='bbox 1648 1372 1895 1453; x_wconf 80' lang='grc' dir='ltr'><em>σεσηρέ-</em></span> 
     </span>
     <span class='ocr_line' id='line_1_13' title="bbox 110 1466 1894 1551; baseline 0 -19"><span class='ocrx_word' id='word_1_89' title='bbox 110 1494 217 1532; x_wconf 87' lang='grc' dir='ltr'><em>ναι</em></span> <span class='ocrx_word' id='word_1_90' title='bbox 259 1470 365 1532; x_wconf 82' lang='grc' dir='ltr'><strong>καὶ</strong></span> <span class='ocrx_word' id='word_1_91' title='bbox 408 1471 468 1531; x_wconf 81' lang='grc' dir='ltr'><strong>οἱ</strong></span> <span class='ocrx_word' id='word_1_92' title='bbox 510 1467 938 1551; x_wconf 61' lang='grc' dir='ltr'><em>Σκιρτοὶαπὸ</em></span> <span class='ocrx_word' id='word_1_93' title='bbox 983 1475 1096 1531; x_wconf 84' lang='grc' dir='ltr'><strong>τοῦ</strong></span> <span class='ocrx_word' id='word_1_94' title='bbox 1143 1466 1419 1550; x_wconf 76' lang='grc' dir='ltr'><em>σκαίρειν</em></span> <span class='ocrx_word' id='word_1_95' title='bbox 1459 1469 1566 1531; x_wconf 77' lang='grc' dir='ltr'><strong>καὶ</strong></span> <span class='ocrx_word' id='word_1_96' title='bbox 1610 1472 1668 1532; x_wconf 80' lang='grc' dir='ltr'><strong>οἱ</strong></span> <span class='ocrx_word' id='word_1_97' title='bbox 1699 1478 1894 1550; x_wconf 82' lang='grc' dir='ltr'><em>Σιλη-</em></span> 
     </span>
     <span class='ocr_line' id='line_1_14' title="bbox 113 1567 1893 1634; baseline 0.001 -2"><span class='ocrx_word' id='word_1_98' title='bbox 113 1570 213 1632; x_wconf 85' lang='grc' dir='ltr'><strong>νοὶ</strong></span> <span class='ocrx_word' id='word_1_99' title='bbox 268 1569 389 1632; x_wconf 74' lang='grc' dir='ltr'><strong>ἀπὸ</strong></span> <span class='ocrx_word' id='word_1_100' title='bbox 446 1576 561 1631; x_wconf 84' lang='grc' dir='ltr'><strong>τοῦ</strong></span> <span class='ocrx_word' id='word_1_101' title='bbox 618 1567 948 1632; x_wconf 83' lang='grc' dir='ltr'><em>σιλλαίνειν</em></span> <span class='ocrx_word' id='word_1_102' title='bbox 1002 1567 1108 1630; x_wconf 79' lang='grc' dir='ltr'><strong>καὶ</strong></span> <span class='ocrx_word' id='word_1_103' title='bbox 1162 1570 1221 1630; x_wconf 84' lang='grc' dir='ltr'><strong>οἱ</strong></span> <span class='ocrx_word' id='word_1_104' title='bbox 1275 1568 1544 1631; x_wconf 76' lang='grc' dir='ltr'><em>Σευίὸαι</em></span> <span class='ocrx_word' id='word_1_105' title='bbox 1602 1570 1723 1632; x_wconf 74' lang='grc' dir='ltr'><strong>ἀπὸ</strong></span> <span class='ocrx_word' id='word_1_106' title='bbox 1780 1579 1893 1634; x_wconf 67' lang='grc' dir='ltr'><strong>τοί</strong></span> 
     </span>
     <span class='ocr_line' id='line_1_15' title="bbox 110 1667 1896 1754; baseline -0.004 -21"><span class='ocrx_word' id='word_1_107' title='bbox 110 1667 327 1734; x_wconf 81' lang='grc' dir='ltr'><em>σεύειν.</em></span> <span class='ocrx_word' id='word_1_108' title='bbox 372 1670 444 1728; x_wconf 86' lang='lat' dir='ltr'><strong>In</strong></span> <span class='ocrx_word' id='word_1_109' title='bbox 485 1667 875 1728; x_wconf 75' lang='lat' dir='ltr'><strong>Dioscuridis</strong></span> <span class='ocrx_word' id='word_1_110' title='bbox 916 1668 1127 1748; x_wconf 87' lang='lat' dir='ltr'><strong>Epigr.</strong></span> <span class='ocrx_word' id='word_1_111' title='bbox 1153 1667 1384 1727; x_wconf 89' lang='lat' dir='ltr'><strong>XXIX.</strong></span> <span class='ocrx_word' id='word_1_112' title='bbox 1420 1688 1481 1747; x_wconf 90' lang='lat' dir='ltr'><strong>p.</strong></span> <span class='ocrx_word' id='word_1_113' title='bbox 1509 1667 1650 1729; x_wconf 88' lang='lat'><strong>501.</strong></span> <span class='ocrx_word' id='word_1_114' title='bbox 1696 1670 1896 1754; x_wconf 72' lang='grc' dir='ltr'><em>Σκίρ-</em></span> 
     </span>
     <span class='ocr_line' id='line_1_16' title="bbox 108 1767 1896 1855; baseline 0.002 -23"><span class='ocrx_word' id='word_1_115' title='bbox 108 1795 212 1840; x_wconf 83' lang='grc' dir='ltr'><strong>τος</strong></span> <span class='ocrx_word' id='word_1_116' title='bbox 266 1770 300 1832; x_wconf 83' lang='grc' dir='ltr'><em>ὃ</em></span> <span class='ocrx_word' id='word_1_117' title='bbox 354 1770 778 1855; x_wconf 75' lang='grc' dir='ltr'><em>πυῤῥογένειος</em></span> <span class='ocrx_word' id='word_1_118' title='bbox 846 1767 1137 1844; x_wconf 83' lang='lat' dir='ltr'>Satyrum</span> <span class='ocrx_word' id='word_1_119' title='bbox 1197 1769 1536 1844; x_wconf 85' lang='lat' dir='ltr'><strong>significare</strong></span> <span class='ocrx_word' id='word_1_120' title='bbox 1608 1770 1896 1844; x_wconf 69' lang='lat' dir='ltr'><strong>creditur,</strong></span> 
     </span>
     <span class='ocr_line' id='line_1_17' title="bbox 107 1867 1897 1953; baseline 0.004 -25"><span class='ocrx_word' id='word_1_121' title='bbox 107 1869 272 1950; x_wconf 89' lang='lat' dir='ltr'><strong>quod</strong></span> <span class='ocrx_word' id='word_1_122' title='bbox 320 1872 638 1928; x_wconf 85' lang='lat' dir='ltr'><strong>confirmat</strong></span> <span class='ocrx_word' id='word_1_123' title='bbox 680 1868 935 1929; x_wconf 85' lang='lat' dir='ltr'><strong>Nonnus</strong></span> <span class='ocrx_word' id='word_1_124' title='bbox 980 1886 1172 1930; x_wconf 88' lang='lat' dir='ltr'><strong>unum</strong></span> <span class='ocrx_word' id='word_1_125' title='bbox 1218 1867 1582 1944; x_wconf 81' lang='lat' dir='ltr'><strong>Satyrorum</strong></span> <span class='ocrx_word' id='word_1_126' title='bbox 1618 1872 1897 1953; x_wconf 82' lang='grc' dir='ltr'><em>Σκιρτὸν</em></span> 
     </span>
     <span class='ocr_line' id='line_1_18' title="bbox 110 1965 1894 2050; baseline 0.002 -21"><span class='ocrx_word' id='word_1_127' title='bbox 110 1989 337 2030; x_wconf 90' lang='lat' dir='ltr'><strong>vocans</strong></span> <span class='ocrx_word' id='word_1_128' title='bbox 380 1969 545 2029; x_wconf 91' lang='lat' dir='ltr'><strong>XIV.</strong></span> <span class='ocrx_word' id='word_1_129' title='bbox 596 1968 732 2028; x_wconf 92' lang='lat' dir='ltr'><strong>lll.</strong></span> <span class='ocrx_word' id='word_1_130' title='bbox 762 1966 839 2050; x_wconf 82' lang='lat'><strong>[†]</strong></span> <span class='ocrx_word' id='word_1_131' title='bbox 888 1979 949 2027; x_wconf 89' lang='lat' dir='ltr'><strong>et</strong></span> <span class='ocrx_word' id='word_1_132' title='bbox 992 1968 1200 2048; x_wconf 83' lang='lat' dir='ltr'><strong>Epigr.</strong></span> <span class='ocrx_word' id='word_1_133' title='bbox 1238 1968 1474 2031; x_wconf 73' lang='grc' dir='ltr'><em>Ἀὸεσπ.</em></span> <span class='ocrx_word' id='word_1_134' title='bbox 1523 1965 1894 2032; x_wconf 88' lang='lat' dir='ltr'><strong>CCCCXIII.</strong></span> 
     </span>
     <span class='ocr_line' id='line_1_19' title="bbox 110 2067 1896 2153; baseline -0.001 -20"><span class='ocrx_word' id='word_1_135' title='bbox 110 2067 542 2153; x_wconf 79' lang='grc' dir='ltr'><em>σκιρτοπόὸην.</em></span> <span class='ocrx_word' id='word_1_136' title='bbox 616 2069 849 2128; x_wconf 84' lang='lat' dir='ltr'><strong>Scirtus</strong></span> <span class='ocrx_word' id='word_1_137' title='bbox 921 2069 1086 2128; x_wconf 89' lang='lat' dir='ltr'><strong>servi</strong></span> <span class='ocrx_word' id='word_1_138' title='bbox 1157 2086 1386 2127; x_wconf 89' lang='lat' dir='ltr'><strong>nomen</strong></span> <span class='ocrx_word' id='word_1_139' title='bbox 1456 2068 1740 2130; x_wconf 83' lang='lat' dir='ltr'><strong>Donatus</strong></span> <span class='ocrx_word' id='word_1_140' title='bbox 1814 2071 1896 2135; x_wconf 85' lang='lat' dir='ltr'><strong>ad</strong></span> 
     </span>
     <span class='ocr_line' id='line_1_20' title="bbox 111 2167 1895 2250; baseline 0.001 -20"><span class='ocrx_word' id='word_1_141' title='bbox 111 2171 356 2230; x_wconf 81' lang='lat' dir='ltr'><strong>Terent.</strong></span> <span class='ocrx_word' id='word_1_142' title='bbox 400 2167 551 2229; x_wconf 89' lang='lat' dir='ltr'><strong>Hec.</strong></span> <span class='ocrx_word' id='word_1_143' title='bbox 596 2169 641 2226; x_wconf 92' lang='grc' dir='ltr'><strong>Ι.</strong></span> <span class='ocrx_word' id='word_1_144' title='bbox 687 2170 743 2227; x_wconf 86' lang='grc'><strong>2.</strong></span> <span class='ocrx_word' id='word_1_145' title='bbox 789 2168 846 2227; x_wconf 83' lang='grc'><strong>3.</strong></span> <span class='ocrx_word' id='word_1_146' title='bbox 891 2167 1060 2249; x_wconf 76' lang='grc' dir='ltr'><em>παρὰ</em></span> <span class='ocrx_word' id='word_1_147' title='bbox 1103 2168 1174 2230; x_wconf 82' lang='grc' dir='ltr'><strong>τὸ</strong></span> <span class='ocrx_word' id='word_1_148' title='bbox 1222 2176 1481 2250; x_wconf 77' lang='grc' dir='ltr'><em>σκιρτᾶν</em></span> <span class='ocrx_word' id='word_1_149' title='bbox 1525 2168 1755 2247; x_wconf 85' lang='lat' dir='ltr'><strong>factum</strong></span> <span class='ocrx_word' id='word_1_150' title='bbox 1802 2170 1895 2231; x_wconf 85' lang='lat' dir='ltr'><strong>di·-</strong></span> 
     </span>
     <span class='ocr_line' id='line_1_21' title="bbox 111 2267 1895 2349; baseline 0.001 -21"><span class='ocrx_word' id='word_1_151' title='bbox 111 2271 221 2344; x_wconf 90' lang='lat' dir='ltr'><strong>cit;</strong></span> <span class='ocrx_word' id='word_1_152' title='bbox 293 2269 455 2328; x_wconf 85' lang='lat' dir='ltr'><strong>unde</strong></span> <span class='ocrx_word' id='word_1_153' title='bbox 523 2268 786 2328; x_wconf 85' lang='lat' dir='ltr'><strong>forsitan</strong></span> <span class='ocrx_word' id='word_1_154' title='bbox 855 2267 1171 2327; x_wconf 88' lang='lat' dir='ltr'><strong>descendit</strong></span> <span class='ocrx_word' id='word_1_155' title='bbox 1239 2267 1588 2349; x_wconf 65' lang='grc' dir='ltr'><em>Σκίρπαλος</em></span> <span class='ocrx_word' id='word_1_156' title='bbox 1655 2272 1895 2349; x_wconf 81' lang='lat' dir='ltr'><strong>piratae</strong></span> 
     </span>
     <span class='ocr_line' id='line_1_22' title="bbox 108 2367 1894 2450; baseline 0.001 -21"><span class='ocrx_word' id='word_1_157' title='bbox 108 2389 334 2430; x_wconf 88' lang='lat' dir='ltr'><strong>nomen</strong></span> <span class='ocrx_word' id='word_1_158' title='bbox 373 2389 470 2450; x_wconf 89' lang='lat' dir='ltr'><strong>ap.</strong></span> <span class='ocrx_word' id='word_1_159' title='bbox 497 2368 668 2428; x_wconf 84' lang='lat' dir='ltr'><strong>Suid.</strong></span> <span class='ocrx_word' id='word_1_160' title='bbox 715 2387 894 2447; x_wconf 86' lang='lat' dir='ltr'><strong>quem</strong></span> <span class='ocrx_word' id='word_1_161' title='bbox 938 2369 1220 2428; x_wconf 88' lang='lat' dir='ltr'><strong>Laertius</strong></span> <span class='ocrx_word' id='word_1_162' title='bbox 1266 2367 1634 2447; x_wconf 76' lang='lat' dir='ltr'><strong>Scir-palum,</strong></span> <span class='ocrx_word' id='word_1_163' title='bbox 1682 2368 1894 2431; x_wconf 88' lang='lat' dir='ltr'><strong>Cicero</strong></span> 
     </span>
     <span class='ocr_line' id='line_1_23' title="bbox 109 2467 1893 2551; baseline 0 -21"><span class='ocrx_word' id='word_1_164' title='bbox 109 2470 455 2551; x_wconf 89' lang='lat' dir='ltr'><strong>Harpalum</strong></span> <span class='ocrx_word' id='word_1_165' title='bbox 501 2479 685 2531; x_wconf 89' lang='lat' dir='ltr'><strong>vocat</strong></span> <span class='ocrx_word' id='word_1_166' title='bbox 730 2489 787 2530; x_wconf 86' lang='lat' dir='ltr'><strong>v.</strong></span> <span class='ocrx_word' id='word_1_167' title='bbox 831 2469 1068 2547; x_wconf 85' lang='lat' dir='ltr'><strong>Menag.</strong></span> <span class='ocrx_word' id='word_1_168' title='bbox 1127 2467 1206 2527; x_wconf 89' lang='lat' dir='ltr'><strong>ad</strong></span> <span class='ocrx_word' id='word_1_169' title='bbox 1250 2468 1431 2545; x_wconf 85' lang='lat' dir='ltr'><strong>Diog.</strong></span> <span class='ocrx_word' id='word_1_170' title='bbox 1478 2468 1578 2527; x_wconf 88' lang='lat' dir='ltr'><strong>VI.</strong></span> <span class='ocrx_word' id='word_1_171' title='bbox 1634 2470 1734 2529; x_wconf 85' lang='lat'><strong>74.</strong></span> <span class='ocrx_word' id='word_1_172' title='bbox 1779 2472 1893 2530; x_wconf 81' lang='lat' dir='ltr'><strong>sic-·</strong></span> 
     </span>
     <span class='ocr_line' id='line_1_24' title="bbox 112 2567 1893 2653; baseline -0.001 -22"><span class='ocrx_word' id='word_1_173' title='bbox 112 2581 179 2631; x_wconf 86' lang='lat' dir='ltr'><strong>ut</strong></span> <span class='ocrx_word' id='word_1_174' title='bbox 225 2572 303 2630; x_wconf 89' lang='lat' dir='ltr'><strong>ab</strong></span> <span class='ocrx_word' id='word_1_175' title='bbox 366 2569 547 2653; x_wconf 82' lang='grc' dir='ltr'><em>ὅρτός</em></span> <span class='ocrx_word' id='word_1_176' title='bbox 601 2572 861 2652; x_wconf 77' lang='grc' dir='ltr'><em>ὄρταλος</em></span> <span class='ocrx_word' id='word_1_177' title='bbox 918 2580 978 2627; x_wconf 89' lang='lat' dir='ltr'><strong>et</strong></span> <span class='ocrx_word' id='word_1_178' title='bbox 1021 2587 1208 2649; x_wconf 86' lang='lat' dir='ltr'><strong>porro</strong></span> <span class='ocrx_word' id='word_1_179' title='bbox 1253 2567 1574 2651; x_wconf 79' lang='grc' dir='ltr'><em>ὅρτάλιχος</em></span> <span class='ocrx_word' id='word_1_180' title='bbox 1629 2588 1688 2630; x_wconf 88' lang='lat' dir='ltr'><strong>V.</strong></span> <span class='ocrx_word' id='word_1_181' title='bbox 1743 2570 1893 2629; x_wconf 78' lang='lat' dir='ltr'><strong>val-</strong></span> 
     </span>
     <span class='ocr_line' id='line_1_25' title="bbox 112 2661 1893 2749; baseline -0.001 -18"><span class='ocrx_word' id='word_1_182' title='bbox 112 2672 349 2732; x_wconf 89' lang='lat' dir='ltr'><strong>ckenar.</strong></span> <span class='ocrx_word' id='word_1_183' title='bbox 383 2670 497 2730; x_wconf 64' lang='lat' dir='ltr'><strong>-.ad</strong></span> <span class='ocrx_word' id='word_1_184' title='bbox 555 2668 790 2729; x_wconf 81' lang='lat' dir='ltr'><strong>Gallim.</strong></span> <span class='ocrx_word' id='word_1_185' title='bbox 847 2670 949 2729; x_wconf 87' lang='lat' dir='ltr'><strong>Fr.</strong></span> <span class='ocrx_word' id='word_1_186' title='bbox 1010 2689 1070 2749; x_wconf 90' lang='lat' dir='ltr'><strong>p.</strong></span> <span class='ocrx_word' id='word_1_187' title='bbox 1129 2668 1229 2728; x_wconf 84' lang='lat'><strong>61.</strong></span> <span class='ocrx_word' id='word_1_188' title='bbox 1342 2661 1514 2740; x_wconf 79' lang='lat' dir='ltr'><strong>Quae</strong></span> <span class='ocrx_word' id='word_1_189' title='bbox 1572 2680 1893 2748; x_wconf 86' lang='lat' dir='ltr'><strong>praeterea</strong></span> 
     </span>
     <span class='ocr_line' id='line_1_26' title="bbox 114 2769 1890 2851; baseline -0.001 -18"><span class='ocrx_word' id='word_1_190' title='bbox 114 2771 518 2833; x_wconf 84' lang='lat' dir='ltr'><strong>Schneiderus</strong></span> <span class='ocrx_word' id='word_1_191' title='bbox 563 2770 643 2830; x_wconf 85' lang='lat' dir='ltr'><strong>ad</strong></span> <span class='ocrx_word' id='word_1_192' title='bbox 685 2770 841 2831; x_wconf 87' lang='lat' dir='ltr'><strong>hanc</strong></span> <span class='ocrx_word' id='word_1_193' title='bbox 887 2771 1190 2830; x_wconf 86' lang='lat' dir='ltr'><strong>familiam</strong></span> <span class='ocrx_word' id='word_1_194' title='bbox 1245 2769 1434 2827; x_wconf 88' lang='lat' dir='ltr'><strong>refert</strong></span> <span class='ocrx_word' id='word_1_195' title='bbox 1490 2769 1764 2832; x_wconf 78' lang='grc' dir='ltr'><em>σκίταλοι</em></span> <span class='ocrx_word' id='word_1_196' title='bbox 1790 2771 1890 2851; x_wconf 68' lang='lat'><em>[²²³¹]</em></span> 
     </span>
     <span class='ocr_line' id='line_1_27' title="bbox 115 2868 1893 2957; baseline -0.001 -26"><span class='ocrx_word' id='word_1_197' title='bbox 115 2883 177 2931; x_wconf 91' lang='lat' dir='ltr'><strong>et</strong></span> <span class='ocrx_word' id='word_1_198' title='bbox 220 2871 536 2957; x_wconf 74' lang='grc' dir='ltr'><em>σκύθραξ,</em></span> <span class='ocrx_word' id='word_1_199' title='bbox 595 2868 1003 2954; x_wconf 76' lang='grc' dir='ltr'><em>σκυρθοίλιος,</em></span> <span class='ocrx_word' id='word_1_200' title='bbox 1064 2881 1133 2929; x_wconf 87' lang='lat' dir='ltr'><strong>ut</strong></span> <span class='ocrx_word' id='word_1_201' title='bbox 1187 2870 1447 2938; x_wconf 76' lang='lat' dir='ltr'><strong>incerta,</strong></span> <span class='ocrx_word' id='word_1_202' title='bbox 1506 2871 1893 2949; x_wconf 88' lang='lat' dir='ltr'><strong>praetermit-</strong></span> 
     </span>
     <span class='ocr_line' id='line_1_28' title="bbox 114 2969 1892 3052; baseline -0.002 -20"><span class='ocrx_word' id='word_1_203' title='bbox 114 2983 271 3046; x_wconf 86' lang='lat' dir='ltr'><strong>tam3</strong></span> <span class='ocrx_word' id='word_1_204' title='bbox 324 2991 467 3034; x_wconf 88' lang='lat' dir='ltr'><strong>nam</strong></span> <span class='ocrx_word' id='word_1_205' title='bbox 510 2969 939 3052; x_wconf 85' lang='lat' dir='ltr'><strong>comparandis</strong></span> <span class='ocrx_word' id='word_1_206' title='bbox 987 2970 1270 3029; x_wconf 89' lang='lat' dir='ltr'><strong>omnibus</strong></span> <span class='ocrx_word' id='word_1_207' title='bbox 1314 2988 1468 3048; x_wconf 90' lang='lat' dir='ltr'><strong>quae</strong></span> <span class='ocrx_word' id='word_1_208' title='bbox 1513 2970 1782 3050; x_wconf 87' lang='lat' dir='ltr'><strong>aliquam</strong></span> <span class='ocrx_word' id='word_1_209' title='bbox 1831 2980 1892 3029; x_wconf 93' lang='lat' dir='ltr'><strong>et</strong></span> 
     </span>
     <span class='ocr_line' id='line_1_29' title="bbox 116 3066 1890 3152; baseline -0.001 -20"><span class='ocrx_word' id='word_1_210' title='bbox 116 3074 254 3132; x_wconf 92' lang='lat' dir='ltr'><strong>soni</strong></span> <span class='ocrx_word' id='word_1_211' title='bbox 309 3082 371 3132; x_wconf 88' lang='lat' dir='ltr'><strong>et</strong></span> <span class='ocrx_word' id='word_1_212' title='bbox 435 3073 892 3152; x_wconf 85' lang='lat' dir='ltr'><strong>significationis</strong></span> <span class='ocrx_word' id='word_1_213' title='bbox 953 3069 1417 3131; x_wconf 88' lang='lat' dir='ltr'><strong>similitudinem</strong></span> <span class='ocrx_word' id='word_1_214' title='bbox 1476 3066 1732 3143; x_wconf 81' lang='lat' dir='ltr'><strong>habent,</strong></span> <span class='ocrx_word' id='word_1_215' title='bbox 1809 3071 1890 3130; x_wconf 89' lang='lat' dir='ltr'><strong>ad</strong></span> 
     </span>
     <span class='ocr_line' id='line_1_30' title="bbox 236 3222 842 3278; baseline -0.002 -14"><span class='ocrx_word' id='word_1_216' title='bbox 236 3222 301 3278; x_wconf 82' lang='lat'><strong>[†]</strong></span> <span class='ocrx_word' id='word_1_217' title='bbox 357 3223 432 3264; x_wconf 88' lang='lat' dir='ltr'><strong>Sic</strong></span> <span class='ocrx_word' id='word_1_218' title='bbox 461 3229 657 3266; x_wconf 81' lang='lat' dir='ltr'><strong>accentus</strong></span> <span class='ocrx_word' id='word_1_219' title='bbox 686 3223 842 3266; x_wconf 83' lang='lat' dir='ltr'><strong>variat.</strong></span> 
     </span>
    </p>
   </div>
   <div class='ocr_carea' id='block_1_3' title="bbox 120 3244 1890 3391">
    <p class='ocr_par' dir='ltr' id='par_1_3' title="bbox 120 3244 1890 3391">
     <span class='ocr_line' id='line_1_31' title="bbox 236 3244 1890 3350; baseline -0.004 -27"><span class='ocrx_word' id='word_1_220' title='bbox 236 3282 332 3336; x_wconf 65' lang='grc' dir='ltr'><strong>[Μ]</strong></span> <span class='ocrx_word' id='word_1_221' title='bbox 380 3282 625 3350; x_wconf 84' lang='lat' dir='ltr'><strong>Hesychius</strong></span> <span class='ocrx_word' id='word_1_222' title='bbox 655 3278 798 3324; x_wconf 81' lang='grc' dir='ltr'><strong>Φαύλι</strong></span> <span class='ocrx_word' id='word_1_223' title='bbox 805 3284 853 3335; x_wconf 79' lang='grc' dir='ltr'><strong>ξ,</strong></span> <span class='ocrx_word' id='word_1_224' title='bbox 885 3277 1044 3339; x_wconf 60' lang='grc' dir='ltr'><em>ὀρθός,</em></span> <span class='ocrx_word' id='word_1_225' title='bbox 1079 3295 1145 3334; x_wconf 76' lang='lat' dir='ltr'><strong>qa</strong></span> <span class='ocrx_word' id='word_1_226' title='bbox 1119 3244 1218 3321; x_wconf 80' lang='grc' dir='ltr'><em>αὐλι</em></span> <span class='ocrx_word' id='word_1_227' title='bbox 1204 3294 1289 3332; x_wconf 87' lang='grc' dir='ltr'><em>ιος,</em></span> <span class='ocrx_word' id='word_1_228' title='bbox 1321 3275 1544 3326; x_wconf 75' lang='grc' dir='ltr'><em>σιταλικὸς</em></span> <span class='ocrx_word' id='word_1_229' title='bbox 1574 3273 1705 3333; x_wconf 65' lang='grc' dir='ltr'><strong><em>Ίεός,</em></strong></span> <span class='ocrx_word' id='word_1_230' title='bbox 1747 3291 1890 3319; x_wconf 90' lang='lat' dir='ltr'><strong>emen</strong></span> 
     </span>
     <span class='ocr_line' id='line_1_32' title="bbox 120 3322 1890 3391; baseline -0.004 -10"><span class='ocrx_word' id='word_1_231' title='bbox 120 3342 247 3382; x_wconf 82' lang='lat' dir='ltr'><strong>datur</strong></span> <span class='ocrx_word' id='word_1_232' title='bbox 277 3342 445 3383; x_wconf 71' lang='grc' dir='ltr'><em>σκιταλι</em></span> <span class='ocrx_word' id='word_1_233' title='bbox 433 3336 540 3387; x_wconf 83' lang='grc' dir='ltr'><em>ικός.</em></span> <span class='ocrx_word' id='word_1_234' title='bbox 598 3340 698 3382; x_wconf 90' lang='lat' dir='ltr'><strong>Non</strong></span> <span class='ocrx_word' id='word_1_235' title='bbox 742 3322 944 3383; x_wconf 85' lang='lat' dir='ltr'><strong>remotius</strong></span> <span class='ocrx_word' id='word_1_236' title='bbox 981 3346 1046 3380; x_wconf 74' lang='lat' dir='ltr'><strong>e-st</strong></span> <span class='ocrx_word' id='word_1_237' title='bbox 1087 3341 1145 3379; x_wconf 74' lang='grc' dir='ltr'><strong>1η</strong></span> <span class='ocrx_word' id='word_1_238' title='bbox 1142 3339 1197 3378; x_wconf 85' lang='grc' dir='ltr'><strong>ιιλ</strong></span> <span class='ocrx_word' id='word_1_239' title='bbox 1186 3352 1253 3379; x_wconf 78' lang='grc' dir='ltr'><em>ιοκ</em></span> <span class='ocrx_word' id='word_1_240' title='bbox 1244 3335 1301 3389; x_wconf 79' lang='grc' dir='ltr'><strong>’,ς</strong></span> <span class='ocrx_word' id='word_1_241' title='bbox 1345 3335 1457 3391; x_wconf 81' lang='lat' dir='ltr'><strong>quod</strong></span> <span class='ocrx_word' id='word_1_242' title='bbox 1489 3336 1591 3377; x_wconf 58' lang='grc' dir='ltr'><strong>οὐ(</strong></span> <span class='ocrx_word' id='word_1_243' title='bbox 1578 3339 1759 3381; x_wconf 74' lang='grc' dir='ltr'><em>Φαῦνος</em></span> <span class='ocrx_word' id='word_1_244' title='bbox 1790 3348 1890 3389; x_wconf 82' lang='lat' dir='ltr'><strong>per-</strong></span> 
     </span>
    </p>
   </div>
   <div class='ocr_carea' id='block_1_4' title="bbox 117 3399 1555 3512">
    <p class='ocr_par' dir='ltr' id='par_1_4' title="bbox 117 3399 1555 3512">
     <span class='ocr_line' id='line_1_33' title="bbox 117 3399 265 3441; baseline 0.007 -2"><span class='ocrx_word' id='word_1_245' title='bbox 117 3399 265 3441; x_wconf 81' lang='lat' dir='ltr'><strong>tineat.</strong></span> 
     </span>
     <span class='ocr_line' id='line_1_34' title="bbox 1395 3454 1555 3512; baseline 0 0"><span class='ocrx_word' id='word_1_246' title='bbox 1395 3454 1476 3512; x_wconf 80' lang='lat'><strong>34</strong></span> <span class='ocrx_word' id='word_1_247' title='bbox 1521 3457 1555 3491; x_wconf 86' lang='lat'><em>*</em></span> 
     </span>
    </p>
   </div>
  </div>
 </body>
</html>
