2150 3814
225 246 384 308 1012
744 259 977 304 mon-R
1021 256 1456 302 SECUNDUS.

220 392 558 451 memoravi
614 397 676 446 et
729 391 916 466 rejeci
933 392 1024 472 [8]
1083 399 1328 450 auctore
1384 387 1714 460 Juvenale,
1761 389 1862 466 qui
1905 389 1984 447 ci-

221 489 558 552 naedorum
601 498 1028 554 romanorum
1040 489 1347 590 propudia
1386 490 1500 550 hoc
1533 489 1707 569 quasi
1734 485 1986 566 epipho-

222 599 462 650 nemate
503 589 920 666 prosequitur:

474 702 633 748 Talia
650 710 845 750 secreta
861 707 1124 752 coluerunt
1160 706 1298 769 orgia
1332 704 1471 751 taeda

473 784 752 847 Cecropiam
789 788 920 836 soliti
956 788 1138 851 Baptae
1174 790 1355 836 lassare
1386 779 1683 851 Cotyt‘t0[⁹].

225 904 343 966 quo
400 903 588 965 quum
647 887 979 947 clarissime
1033 896 1246 968 pateat
1300 897 1362 946 et
1416 887 1672 967 Papiam
1739 903 1991 959 errasse,

224 994 287 1044 et
300 995 331 1059 ‚'
362 987 465 1065 qui
507 985 670 1044 hunc·
709 988 1011 1066 sequitur,
1058 987 1411 1059 Struvium‚
1454 987 1674 1058 miror,
1733 983 1838 1064 qui
1878 991 1993 1064 pro

222 1091 575 1163 argumento
621 1086 822 1145 afferri
863 1088 1096 1166 possit,
1141 1086 1305 1166 quod
1347 1104 1460 1167 pro
1504 1085 1660 1144 falso
1704 1086 1997 1162 rejectum

224 1195 330 1244 est.
419 1182 542 1243 Sed
597 1184 712 1244 hoc
766 1187 971 1264 ipsum
1028 1185 1197 1264 quod
1239 1187 1338 1246 vir
1382 1185 1596 1244 doctus
1639 1186 1771 1244 fieri
1813 1202 1996 1264 posse

222 1293 419 1361 negat,
450 1284 572 1343 viri
607 1294 676 1342 ut
703 1285 1079 1364 praefuerint
1102 1283 1500 1344 muliebribus
1524 1286 1730 1357 sacriS‚
1765 1282 1996 1342 factum

223 1400 354 1440 esse
397 1380 660 1439 defendo
705 1394 952 1444 auctore
995 1382 1194 1445 Statio
1237 1384 1432 1443 Achil.
1476 1384 1544 1442 L.
1598 1383 1644 1440 Ι.
1691 1379 1832 1441 592.
1917 1380 1998 1438 In

225 1479 462 1556 Scyro
509 1498 729 1560 quum

863 1615 970 1676 piae
1006 1623 1235 1661 revocant
1266 1614 1511 1660 trieterica
1545 1617 1743 1669 matres,

478 1699 558 1743 lex
594 1702 760 1760 procul
799 1702 870 1746 ire
895 1714 1077 1757 mareS,
1125 1700 1267 1747 iterat
1301 1705 1556 1760 praecepto.
1586 1695 1820 1743 verendus

474 1782 658 1842 ductor,
695 1786 1084 1845 inaccessumque
1118 1785 1236 1829 viris
1272 1783 1503 1831 indicitur
1538 1790 1756 1835 antrum..

227 1901 287 1951 et
328 1893 697 1953 Manethone
741 1895 841 1952 IV.
886 1894 986 1954 63.

480 2016 696 2104 Τούτοις
732 2026 954 2088 θηλειῶν
989 2037 1274 2072 πιστευεται
1312 2016 1456 2089 ὄργια
1492 2015 1706 2090 κρυπτά,

476 2095 613 2154 οὗτοι
650 2102 1026 2172 προστήσονται
1063 2104 1115 2154 ἐν
1151 2100 1469 2173 ὄργιάὸεσσιν
1504 2103 1716 2172 ἑορταῖς,
1780 2115 1785 2120 ’

341 2209 346 2214 ·
426 2219 430 2223 ⁴
475 2186 606 2239 ἔνθα
641 2188 982 2257 φυγαρσενίης
1014 2184 1275 2257 μυστήρια
1309 2184 1491 2253 ἠὔχετ’
1532 2186 1873 2252 ἄπυστα[10].

227 2296 345 2396 quo
389 2319 696 2396 pertinent
738 2317 988 2405 alterius
1034 2335 1213 2378 sexus
1259 2315 1566 2394 Cotyttia,
1610 2316 1687 2376 ab
1731 2315 2005 2378 Horatio

227 2414 389 2474 haud
456 2418 708 2507 impune
787 2415 1020 2490 derisa,
1119 2427 1305 2476 nota
1371 2416 1634 2475 Bonae
1698 2424 1999 2475 secreta

341 2583 405 2641 [Β]
448 2583 530 2627 His
568 2584 726 2627 verbis.
795 2584 958 2636 „Quod
999 2584 1159 2640 Papias
1198 2590 1242 2626 et
1280 2584 1380 2626 huic
1421 2584 1683 2640 obsequutus
1718 2585 1759 2627 J.
1800 2584 1997 2640 Scaliger

232 2674 260 2694 „
249 2642 379 2694 ,viros
419 2656 447 2684 a
485 2643 620 2684 sacris
660 2642 868 2698 Cotyttiis
895 2643 1136 2699 prohibitos
1165 2643 1296 2685 fuisse
1325 2643 1580 2699 pertendunt
1609 2658 1650 2685 v.
1679 2643 1910 2686 Burmann.
1941 2642 1998 2686 ad

229 2700 391 2752 ‚Anth.
424 2701 482 2743 T.
512 2701 548 2743 I.
581 2699 680 2743 433.
712 2714 859 2743 verum
889 2716 981 2743 esse
1009 2715 1092 2743 non
1121 2704 1311 2758 potestf‘

349 2785 411 2843 [⁹]
459 2787 561 2828 Non
589 2787 802 2844 precibus,
832 2791 881 2830 ut
909 2788 1193 2830 Buttmannus
1221 2790 1368 2844 putat,
1399 2802 1537 2844 neque
1567 2787 1855 2844 cymbalorum
1884 2792 1994 2830 stre-

231 2845 347 2901 pitu,
389 2850 439 2887 ut
475 2845 743 2897 Meinekius‚
793 2845 874 2888 (lea
909 2845 1072 2888 lassata
1111 2851 1200 2898 est,
1240 2846 1315 2887 sed
1350 2847 1524 2889 fastidio
1567 2846 1902 2890 foedissimarum
1940 2845 1996 2888 li-

231 2903 441 2955 bidinum,
483 2904 687 2958 quibus
728 2908 782 2945 et
811 2904 968 2946 dicat
1008 2910 1135 2946 cute
1165 2903 1424 2960 perditus
1455 2905 1594 2947 Ohe!
1652 2904 1736 2946 Est
1764 2905 1839 2946 ubi
1868 2904 1991 2946 Pria-

231 2974 312 3015 pus
341 2961 395 3003 de
423 2961 635 3005 hominum
654 2961 709 3004 ad
729 2977 774 3003 se
800 2963 1118 3005 commeantium
1139 2962 1385 3019 inexplebili
1404 2962 1581 3005 libidine
1603 2966 1821 3019 queratur,
1852 2977 1930 3004 nec
1947 2964 1992 3005 in

231 3019 396 3074 Baptas
427 3019 655 3075 quidquam
684 3020 860 3074 gravius
890 3020 976 3062 dici
1010 3021 1173 3076 potuit,
1215 3035 1340 3076 quam
1379 3035 1452 3063 eos
1491 3020 1598 3063 deae
1636 3021 1720 3078 ipsi
1749 3020 1990 3064 satietatem

233 3081 278 3118 et
306 3077 491 3119 taedium
522 3078 693 3120 afferre.

352 3149 390 3203 [1
401 3148 441 3203 ⁰]
487 3149 567 3190 Ille
596 3149 775 3193 Βοναδί
757 3166 822 3203 ιης
847 3146 991 3219 ἱερεύς
1018 3150 1060 3192 in
1089 3150 1221 3192 Iuscr
1263 3164 1333 3207 ap.
1370 3150 1438 3192 Al.
1472 3150 1701 3194 Odericum
1729 3150 1909 3193 Dissert.
1949 3158 1993 3194 et
2056 3148 2068 3155 ’

234 3205 390 3248 Adnot.
441 3220 481 3261 p.
525 3206 623 3248 177.
700 3207 862 3250 Marini
911 3208 1016 3249 Iscr.
1065 3208 1161 3250 Alb.
1212 3209 1270 3251 N.
1312 3202 1504 3252 CLXVI.
1546 3212 1730 3252 fortasse
1782 3208 1992 3263 Εἰνοδίης

232 3265 327 3307 fuit.
356 3265 518 3306 Bonam
547 3264 693 3308 Deam
711 3265 942 3335 Βοναδίην
970 3266 1055 3308 dici
1085 3280 1218 3322 aeque
1251 3267 1438 3323 ineptum
1480 3281 1531 3309 ac
1572 3268 1607 3310 si
1650 3266 1744 3323 quis
1784 3267 1988 3309 Liberum

230 3323 421 3366 Patrem
431 3337 586 3378 graece
613 3319 939 3383 Λιβερπάτορα
961 3324 1103 3366 dicere
1131 3316 1320 3368 auderet.
1357 3325 1408 3368 In
1437 3324 1562 3368 Diod.
1592 3325 1792 3375 XXXVI.
1823 3340 1864 3382 Ρ.
1890 3323 1986 3370 153.

231 3377 453 3426 Σαλούιον
481 3381 712 3426 δοκοῦντα
750 3385 824 3435 τῆς
861 3384 1142 3441 ἱεροσκοπίης
1179 3385 1394 3443 ἔμπειρον
1439 3379 1554 3429 εἶναι
1599 3387 1675 3428 καὶ
1710 3386 1983 3442 γυναικείαις
