2150 3814
220 203 382 266 1166
820 211 1058 256 LIBER
1111 211 1478 256 TERTIUS.

216 348 505 429 quoniam
546 342 815 424 praefati
859 358 1070 402 sumus
1083 380 1101 414 ‚
1145 341 1461 420 Ephesum
1507 339 2006 418 transgredimur,

219 448 328 509 ubi
382 447 596 505 literae
650 437 924 519 magicae
968 460 1006 500 a
1046 438 1330 516 Dactylis
1371 442 1663 501 inventae
1709 439 2008 499 dicuntur.

221 544 348 608 Sed
400 546 550 603 haec
572 548 577 551 ’
603 550 942 622 paucorum
999 539 1212 619 opinio
1271 549 1363 599 est
1419 556 1532 600 nec
1586 549 1869 601 vetustae
1912 557 2013 598 cu-

215 645 465 726 J’usdam
508 642 820 718 religionis
864 638 1047 698 fidem
1091 637 1270 712 facit,
1313 642 1456 718 quia
1497 641 1631 699 fieri
1674 646 1901 719 potest,
1945 647 2015 697 ut

224 765 300 806 ex
344 743 687 814 communi,
731 757 887 820 quae
932 737 1010 798 de
1053 738 1176 800 illis
1219 738 1554 814 increbuit,
1611 742 1838 800 artium
1881 754 2015 798 ma-

227 846 496 923 gicarum
524 865 526 867 ’
551 842 724 901 fama
779 840 1122 918 conjectum
1178 840 1276 898 sit.
1374 838 1587 918 Neque
1628 842 1867 899 firmius
1909 836 2017 898 ad-

226 941 584 1006 miniculum
655 940 913 1021 praebet
978 940 1188 1017 Etym.
1257 938 1342 1001 M.
1412 937 1758 1022 Κηρύκειον
1816 941 2020 1018 ὄνομα

231 1041 429 1127 λόφου
474 1050 582 1121 τῆς
618 1043 872 1125 Ἐφέσου
889 1088 909 1115 ,
956 1043 1023 1104 ἐν
1067 1036 1120 1123 ᾧ
1164 1041 1442 1119 ἀνῆλθεν
1487 1041 1518 1101 ὃ
1557 1041 1866 1122 ἹΙρᾱκλῆς
1908 1062 2019 1099 κα-

229 1144 310 1206 τὰ
366 1140 670 1225 βούλησιν
725 1150 856 1206 Τιείῧν
915 1145 1091 1204 θεῶν
1133 1139 1240 1202 καὶ
1283 1137 1531 1221 ἐκήρυξε
1574 1139 1690 1219 τὴν
1732 1139 2023 1224 γέννησιν

223 1251 340 1323 τῆς
402 1243 802 1323 Ἀρτέμιδος,
867 1257 994 1320 ‘quo
1050 1240 1188 1299 loco
1247 1238 1583 1298 Muellerus
1649 1239 1750 1297 De
1771 1237 2023 1298 acuarit».

234 1342 303 1401 T.
348 1341 394 1398 Ι.
439 1339 582 1399 389.
651 1340 827 1398 illum
883 1339 1215 1399 Herculem
1273 1341 1599 1415 significari
1652 1347 1865 1418 putat,
1921 1339 2027 1417 qui

228 1444 394 1500 inter
447 1438 667 1498 Idaeos
724 1438 1027 1514 Dactylos
1084 1448 1471 1510 numeratur3
1529 1437 1640 1496 sed
1695 1438 2026 1497 manifesto

234 1558 349 1621 pro
388 1539 690 1621 Ἡρακλῆς
726 1535 1127 1595 scribendum
1174 1546 1267 1594 est
1302 1537 1558 1618 Ἑρμῆς,
1604 1544 1675 1595 ut
1715 1539 1783 1596 in
1827 1536 2026 1595 Thec-

230 1640 439 1719 gncsti
508 1637 818 1715 Excerpto
890 1636 1112 1712 legitur
1180 1634 1410 1694 Anecd.
1475 1634 1670 1695 Bekk.
1723 1654 1785 1715 p.
1848 1636 2028 1698 1389.

227 1740 536 1820 Superest
604 1739 669 1795 in
736 1736 854 1794 hoc
906 1746 1207 1795 terrarum
1259 1743 1460 1795 tractu
1513 1735 1798 1809 Miletus,
1856 1738 2029 1814 cujus

229 1838 530 1919 *auspiciis
547 1880 564 1910 ,
622 1845 691 1895 ut
735 1836 961 1896 Strabo
1017 1836 1240 1908 refert,
1299 1835 1551 1896 condita
1593 1846 1687 1897 est
1728 1836 2030 1897 Heraclea

238 1937 691 2016 Megarensium
751 1936 1008 1995 colonia.
1081 1934 1421 1994 Menander
1479 1946 1685 1996 autem
1751 1937 2029 2017 prodidit

236 2040 383 2109 τοὺς
426 2035 795 2115 Μιλησίους,
840 2037 994 2099 ὅταν
1037 2034 1249 2098 θύωσι
1289 2045 1364 2116 τῇ
1402 2037 1538 2118 Ῥέᾳ
1579 2035 1886 2120 προθύειν
1923 2044 2027 2100 Tc-

237 2138 340 2220 τίᾳ
383 2136 488 2199 καὶ
529 2133 829 2218 Κυλλήνῳ
845 2132 937 2216 [¹],
984 2154 1137 2216 quos
1180 2135 1554 2216 Apollonius
1596 2138 1758 2195 inter
1791 2137 2027 2214 Dacty-

239 2239 334 2298 los
377 2238 790 2318 principatum
838 2236 1112 2296 obtinere
1157 2235 1324 2310 dicit,
1366 2235 1776 2296 Menandrum
1811 2256 2030 2316 sequu-

239 2348 372 2411 ωε,
415 2346 487 2396 ut
530 2337 908 2397 scholiastae
953 2337 1250 2411 scribunt3
1295 2336 1459 2396 unde
1502 2356 1627 2396 non
1669 2339 1739 2397 fit
1781 2338 2031 2411 clarum,

238 2446 448 2496 utrum
492 2439 546 2496 is
593 2436 799 2495 Titian
845 2448 905 2495 et
951 2435 1278 2514 Cyllenum
1324 2456 1364 2496 a
1404 2436 1663 2496 Milesiis
1706 2439 1774 2496 in
1798 2438 2030 2514 Dacty-

234 2537 440 2596 iorum
497 2555 823 2594 numerum
881 2538 1108 2596 relatos
1158 2555 1236 2594 an
1292 2537 1410 2595 hoc
1463 2538 1663 2596 solum
1709 2537 2031 2597 tradiderit

239 2637 451 2696 abiis
486 2637 920 2695 ‘cummuniter
965 2654 1101 2695 cum
1146 2635 1315 2696 Rhea
1360 2638 1554 2696 cultos
1601 2657 1750 2697 esse.
1836 2637 2030 2714 Phry-

238 2739 340 2815 gia
382 2739 540 2817 ipsa,
584 2746 882 2816 quatenus
928 2735 1104 2795 nobis
1150 2747 1340 2815 patet,
1382 2737 1621 2797 nullum
1665 2738 1848 2815 hujus
1886 2756 2027 2797 con-

240 2838 543 2896 sortionis
574 2839 902 2915 vestigium
928 2836 1234 2909 ostendit,
1279 2856 1476 2918 neque
1518 2840 1584 2897 in
1623 2840 1810 2897 sacris
1836 2838 2027 2915 Pbry-

238 2936 372 3013 giis,
412 2939 578 3015 qnae
612 2937 839 2996 ‘Graeci
885 2945 948 2995 et
991 2936 1279 3017 deinceps
1323 2940 1586 2997 Romani
1631 2949 1739 2997 aut
1780 2938 2024 3018 publice

240 3036 358 3094 sibi
425 3044 534 3094 aut
604 3038 900 3116 privatim
957 3036 1361 3117 adoptarunt,
1434 3039 1561 3097 ulla
1614 3038 2022 3115 Dactylorum

236 3137 564 3210 memoria3
607 3135 868 3217 denique
913 3155 1130 3197 causae
1174 3139 1328 3198 nihil
1371 3148 1482 3210 est,
1527 3158 1631 3197 cur
1677 3157 1782 3198 eos
1829 3142 2023 3206 omni-

357 3300 419 3358 [ἱ]
472 3276 614 3346 Schol,
667 3306 750 3362 Ap.
801 3305 836 3348 I.
880 3305 1005 3350 1126.
1049 3322 1160 3364 quae
1189 3323 1213 3350 e
1249 3308 1360 3352 libro
1392 3307 1445 3350 de
1485 3309 1699 3364 mysteriis
1729 3313 1868 3352 sumta
1897 3311 2020 3366 putat

237 3361 586 3405 Hemsterhusius
619 3364 673 3406 ad
705 3364 817 3407 Plut.
847 3361 944 3406 846.
