2150 3814
227 189 396 250 1284
805 196 1028 240 LIBER
1085 195 1423 239 TERTIUS.

224 345 317 394 tes
373 331 676 400 infernaS‚
733 329 867 393 sive
923 325 1130 384 totius·
1171 332 1438 384 naturae
1479 325 1642 385 vires
1684 326 2000 403 genitrices

230 410 587 493 Cabirorum
643 425 952 500 mysteriis
1007 425 1276 482 inserere
1328 424 1720 485 voluerimus
1812 424 2002 484 Deni-

229 552 344 612 que
398 532 452 588 si
515 512 649 608 quis
691 526 787 584 his
833 523 1436 583 omnibus-animum
1472 525 1774 585 'nondum'
1801 526 2002 604 exple-

229 632 414 703 verit,
484 645 651 687 nova
719 624 947 704 pabula
1000 625 1266 701 suggerit
1316 624 1549 685 Plinius
1603 623 1892 685 XXXVI.
1945 625 2006 684 4.

227 731 557 799 Venerem,
602 725 841 784 Pothon
887 731 949 782 et
991 724 1436 783 Phaethontem
1481 743 1519 783 a
1563 724 1765 804 Scopa
1807 725 2007 804 sculp-

226 843 323 889 tos
370 827 804 888 Samothracae
848 814 1248 883 sanctissimis
1291 825 1637 884 cerimoniis
1673 825 1791 883 coli
1825 834 2009 884 testa-

227 941 341 988 tuS.
431 926 790 1006 Quanquam
853 925 1017 983 enim
1061 924 1300 983 nullum
1343 934 1472 982 tam
1517 934 1702 983 tenue
1746 923 2010 1003 oppidu-

227 1031 353 1088 lum
400 1028 548 1100 fuit,
596 1025 760 1106 quod
803 1043 930 1083 non
973 1025 1152 1104 plura
1195 1017 1580 1085 diverSorum
1614 1023 1882 1083 deorum
1918 1041 2013 1082 sa-

228 1149 327 1188 cra
363 1128 675 1199 haberent,
718 1144 925 1204 neque
951 1125 1078 1184 ulla
1114 1132 1392 1204 re'patet
1425 1124 1567 1183 illos
1591 1123 1753 1198 {deos
1778 1125 1845 1182 in
1878 1143 2014 1200 my-

226 1231 429 1289 steriis
487 1228 681 1288 cultos
740 1244 901 1298 esse,
959 1210 1183 1283 tamen¹
1222 1241 1403 1287 nemo
1449 1222 1628 1283 nobis
1671 1223 2015 1296 interdicet,

229 1348 306 1387 ne
349 1327 808 1404 Hierophantas
866 1323 943 1380 de
1000 1330 1241 1395 amore,
1299 1321 1606 1382 desiderio
1660 1333 1722 1383 et
1765 1322 2014 1403 luce[†],

231 1428 408 1487 docte
453 1425 916 1502 sublimiterque
962 1421 1329 1480 disseruisse
1368 1422 1685 1481 credamus
1703 1421 1824 1502 ['f†].v

398 1524 574 1586 Haec
603 1528 685 1582 'et‘
721 1521 1111 1582 talia-multa
1157 1521 1278 1579 diei
1322 1505 1701 1602 possuntjsi
1744 1523 1879 1602 quis
1904 1521 2017 1580 hac

228 1629 496 1706 ὃοξαστῇ
529 1616 742 1712 τροφῇ
788 1620 1012 1700 gaudet
1043 1611 1359 1700 ⁴planeque
1403 1621 2018 1707 persuasumhabet,

232 1724 530 1807 quidquid
573 1738 726 1785 'cum
784 1720 992 1792 Jovis,
1047 1720 1389 1799 Apollinis,
1444 1720 1797 1796 Minervae,
1856 1721 2017 1782 Mer-

231 1827 385 1886 curii
467 1834 530 1883 et·
606 1825 1015 1900 cujuscunque
1086 1819 1187 1878 dei
1255 1822 1506 1880 nomine
1578 1820 2017 1902 comprehendi

229 1928 459 2007 possit,
516 1923 613 1997 id,
671 1941 858 2003 quum
915 1921 1193 1979 homines
1249 1919 1330 1979 ad
1382 1907 1751 1981 celebranda
1805 1921 2018 1998 Olym—

230 2028 369 2108 pia,
438 2024 691 2100 Pythia,
746 2021 1058 2081 Hermaea
1113 2023 1570 2094 convenissent,
1625 2019 1703 2081 ab
1760 2023 2020 2081 oratori-

231 2127 363 2186 bus'
390 2125 578 2185 sacris
594 2143 599 2158 ³
622 2121 1046 2202 praedicatum
1092 2138 1243 2179 esse.
1315 2118 1383 2179 Si
1426 2137 1577 2181 vero
1621 2120 1844 2180 hocin
1885 2123 2020 2181 uni-

230 2234 486 2288 versum·
528 2221 831 2282 affirmare
875 2238 999 2280 non
1039 2219 1230 2279 audet
1271 2218 1382 2279 sed
1427 2220 1619 2290 certis
1651 2220 2020 2300 quibusdam

231 2323 610 2385 solemnibus
654 2321 1000 2382 sacerdotes
1044 2319 1133 2379 de
1164 2319 1348 2380 rebus
1391 2318 1622 2382 divinis
1646 2319 2022 2381 *disseruisse

235 2423 541 2496 defendit,
603 2431 768 2481 certa
826 2423 1012 2480 etiam
1067 2429 1427 2498 argumenta
1483 2420 1698 2481 afferat
1753 2428 2017 2501 oportet,

236 2543 341 2584 cur
385 2522 462 2582 de
496 2508 620 2581 uno
643 2530 645 2533 ’
666 2539 978 2581 sacrorum
1022 2539 1242 2597 genere
1273 2521 1503 2594 valeat,
1548 2519 1714 2601 quod
1750 2539 1876 2581 non
1907 2539 2019 2582 va-

233 2625 321 2683 let
365 2623 443 2682 de
485 2623 808 2683 universis.
891 2620 1006 2679 Illa
1050 2622 1399 2694 enimvero,
1445 2636 1604 2700 quae
1646 2640 1762 2701 pro
1802 2621 2018 2680 Samo-

233 2725 510 2784 thracum
554 2723 864 2800 mysteriis
909 2720 1269 2794 afferuntur,
1313 2721 1478 2781 levia
1520 2731 1663 2781 sunt
1692 2723 1928 2781 'omnia‘
1956 2732 2020 2781 et

236 2825 609 2906 perinfirma.
688 2819 1009 2903 Ἀῤῥήτους
1062 2822 1365 2904 θέμιστας
1421 2831 1607 2883 vocat
1636 2820 2018 2901 'Apollonius

237 2925 284 2997 I,
331 2923 474 2984 917.
530 2925 710 3009 ὄργια
770 2922 1218 3004 φρικτά,θεῶν
1263 2924 1491 3003 ἄῤῥητα
1534 2926 1859 3006 βροτοῖσιν
1904 2922 2018 2982 Or-

358 3092 423 3147 [†]
477 3093 600 3134 Haec
632 3092 802 3148 quidem
832 3091 978 3134 deficit
1007 3091 1046 3133 si
1073 3063 1207 3133 verba
1239 3096 1292 3134 et
1322 3091 1733 3140 Phaethontem
1772 3091 1864 3135 cod.
1905 3090 2016 3147 regii

242 3152 502 3193 auctoritate
531 3151 894 3202 exterminantur3
926 3154 1077 3192 contra
1105 3149 1143 3191 si
1173 3149 1309 3193 Hirtii
1339 3164 1467 3192 suasu
1497 3150 1805 3193 Phanetem
1833 3164 2016 3207 repona-

244 3223 334 3252 mus
365 3209 615 3265 Orphicum,
646 3209 787 3251 claror
816 3223 957 3251 merus
986 3208 1083 3250 erit.

361 3282 469 3338 [††]
524 3283 710 3325 Perinde
739 3283 878 3338 ignoti
909 3287 1007 3325 sunt
1031 3281 1160 3336 Ἀῷοι
1190 3283 1291 3326 θεοὶ
1332 3284 1375 3326 οἱ
1411 3281 1462 3326 ἐκ
1501 3279 1690 3342 Δρόμου
1727 3284 2016 3340 κομισθέντες

245 3342 306 3390 εἷς
335 3338 646 3400 Σαμοθ-ράκην
678 3344 842 3399 λίμνην
868 3340 917 3395 (ἢ
946 3339 1212 3397 Λῆμνονῖ).
