2184 3840
312 236 436 294 882
840 244 1074 287 mama
1122 245 1551 290 ssscuNous.

316 378 594 459 prodigia
664 389 722 436 et
790 377 937 435 deos
996 389 1270 447 vertant,
1330 378 1619 457 additque
1677 378 1963 448 ώςαύτως
2020 382 2124 443 δὲ·

315 481 418 542 καὶ
477 483 541 541 ἐκ
584 485 711 539 τῶν
755 479 955 548 ξύλων
1000 478 1351 559 ὲκφυόμενα
1396 480 1499 540 καὶ
1541 478 1806 558 μάλιστα
1854 485 1917 541 ἐκ
1961 489 2088 543 τῶν

314 579 641 647 ἐλατίνων,
716 579 754 638 ἃ
813 584 1106 639 καλοῦσιν
1165 580 1221 638 οἱ
1274 576 1524 655 μάντεις
1579 580 1911 658 εἰληθυίας.
2012 580 2092 638 Et

315 678 469 739 illud
536 676 782 755 quidem
851 675 1035 734 fausti
1093 677 1316 734 ominis
1355 677 1588 750 fuisse,
1644 673 2001 758 intelligitur
2058 698 2090 736 e

314 781 465 839 Plin.
527 776 607 834 H.
652 774 724 833 N.
770 773 933 833 XVI.
988 795 1034 834 c.
1081 774 1179 833 57.
1226 786 1467 849 contra,
1521 780 1573 836 si
1619 781 1937 857 coagulato
1982 780 2087 837 hu-

312 897 486 938 more
529 874 844 934 tubercula
887 878 1327 947 excrescerent,
1385 886 1450 933 ut
1495 877 1842 955 prodigium
1886 881 2094 958 expia-

312 992 475 1048 tum,
573 974 738 1054 quod
800 985 1082 1053 “apparet
1150 994 1225 1033 ex
1293 975 1418 1034 alio
1484 974 1892 1054 Theophrasti
1958 979 2092 1037 loco
2164 988 2171 991 ’

312 1077 594 1157 quamvis
646 1077 872 1134 misere
930 1074 1259 1155 deturpato
1317 1079 1380 1133 in
1436 1072 1600 1135 Hist.
1658 1076 1850 1135 Plant.
1914 1077 1979 1135 V.
2036 1077 2092 1136 9.

317 1178 452 1237 197.
509 1176 615 1236 ubi
674 1174 888 1234 itidem
946 1175 1024 1234 de
1080 1177 1381 1253 lignorum
1426 1175 1784 1236 humoribus
1824 1179 1960 1238 sive
2001 1197 2095 1236 re-

313 1277 540 1350 siduiS‚
598 1278 731 1336 sive
787 1296 862 1334 ex
921 1295 1060 1335 aere
1116 1288 1396 1356 terraque
1454 1279 1779 1336 contractis
1824 1276 2094 1337 disserit:

313 1379 470 1443 ἀνίει
536 1377 605 1439 δὲ
640 1385 819 1438 ’τῶν
863 1375 1064 1446 ξύλων
1132 1378 1207 1438 τὰ
1269 1378 1524 1457 κέδρινα
1571 1379 1676 1439 καὶ
1728 1378 1939 1447 ἅπλῶς
2001 1373 2090 1440 ὧν

313 1476 607 1556 ἐλαιώδης
652 1477 703 1554 -.ἡ
765 1475 1057 1560 ὑγρότης·
1106 1477 1205 1538 διὸ
1250 1480 1355 1538 καὶ
1396 1479 1474 1539 τὰ
1520 1476 1850 1562 ἀγάλματά
1896 1501 2092 1560 φασιν

315 1577 493 1640 ἰδίειν
549 1577 769 1639 ἐνίοτε·
829 1578 862 1637 ὃ
907 1577 976 1637 δὲ
1036 1580 1332 1638 καλοῦσιν
1390 1583 1582 1641 ἶλεῒαν
1623 1585 1730 1656 τῆς
1773 1572 2091 1656 εἰληθυίας

314 1677 624 1760 ἔφυδρον,
681 1676 834 1755 ὑπὲρ
892 1673 967 1738 οὗ
1011 1677 1116 1738 καὶ
1158 1676 1497 1739 &moenam
1541 1678 1695 1756 πρὸς
1736 1678 1884 1747 τοὺς
1918 1677 2091 1738 Ἑκαή

310 1778 549 1848 τίνους,
605 1775 840 1860 γίνεται
897 1779 1345 1858 συνισταμένης
1388 1785 1494 1856 τῆς
1536 1773 1894 1862 ὑγρότητος,
1938 1794 2093 1856 quae

311 1887 451 1936 sunt
505 1894 652 1934 sane
697 1876 1145 1944 obscurissima.
1232 1874 1314 1937 Ut
1357 1885 1521 1935 retro
1569 1875 1849 1934 ordinem
1893 1894 2090 1953 agam,

308 1977 454 2045 τοὺς
501 1976 849 2046 Ἐκατίνους
904 1975 1254 2035 sacerdotes
1297 1976 1573 2036 Hecatae
1627 1992 1760 2036 esse
1803 1978 1907 2055 qui
1952 1995 2094 2034 con*

310 2075 506 2135 tendit
575 2074 870 2152 Scaliger,
938 2076 1111 2135 nullo
1168 2086 1526 2154 argumento
1583 2076 1835 2156 probat,
1897 2095 2094 2156 neque

308 2174 659 2255 quidquam
685 2178 940 2234 rationis
986 2175 1107 2235 (lici
1151 2186 1387 2255 potest,
1447 2197 1552 2235 eur
1594 2177 1659 2235 hi
1702 2178 2092 2255 potissimum

307 2274 693 2355 procurando
775 2275 1081 2353 ejusmodi
1160 2276 1444 2355 prodigio
1516 2275 1780 2336 adhibiti
1846 2277 2090 2335 fuerint.

307 2375 635 2453 Nihiloque
693 2378 897 2454 aptior
958 2387 1050 2434 est
1094 2376 1363 2436 Reinesii
1407 2378 1757 2455 conjectura
1799 2379 1865 2435 in
1906 2377 2088 2436 Inscr.

309 2473 399 2535 Cl.
456 2475 528 2532 V.
584 2493 666 2532 ns
694 2475 788 2532 19.
832 2494 891 2552 p.
939 2474 1082 2533 364.
1140 2479 1524 2555 expiationes
1566 2477 1705 2535 illas
1749 2476 1902 2557 πρὸς
1943 2477 2088 2545 τοὺς

300 2575 649 2643 Ἑκατίνους
689 2572 1114 2654 στροφάλους,
1160 2586 1371 2634 mota>
1408 2575 1473 2635 Η
1488 2576 1785 2635 ecatica
1826 2575 2085 2654 sphae-

309 2694 390 2734 ra
433 2693 567 2733 seu
626 2673 971 2746 turbine,
1028 2674 1223 2735 factas
1268 2694 1418 2748 esse.
1502 2674 1658 2736 Mihi
1698 2678 1756 2734 si
1801 2677 1938 2755 quis
1983 2675 2087 2734 de-

310 2775 500 2847 derit,
557 2785 624 2832 ut
667 2791 782 2852 pro
827 2779 1018 2837 ῑλειαν
1059 2800 1198 2854 της,
1245 2776 1406 2855 quod
1452 2796 1566 2856 pro
1611 2776 1936 2856 desperato
1981 2776 2085 2835 ab·

299 2877 449 2952 jecit
490 2873 927 2948 Schneiderus‚
971 2876 1270 2935 scribatur
1311 2880 1370 2939 οἱ
1411 2876 1693 2959 μάντεις,
1747 2875 1913 2935 haud
1959 2894 2084 2934 ma-

307 2993 423 3051 gno
468 2977 712 3051 negotio
756 2984 956 3035 totum
1000 2975 1202 3035 locum
1247 2979 1334 3036 sic
1376 2980 1731 3037 restituam-r
1781 2978 1815 3038 ὃ
1861 2976 1931 3038 δὲ
1972 3001 2082 3038 κα-

310 3083 523 3137 λοῦσιν
593 3079 652 3137 οἱ
714 3075 964 3156 μάντεις
1016 3077 1375 3147 Εἰλειθυίας
1427 3078 1736 3160 ἄφεδρον,
1794 3077 1948 3157 ὑπὲρ
2006 3072 2080 3138 οὗ

309 3175 415 3235 καὶ·
467 3173 832 3250 ἐκθύονται,
889 3177 1041 3259 πρὸς
1094 3183 1222 3247 τοῖς
1276 3178 1571 3247 ἐλατίνοις
1626 3178 1862 3263 γίνεται
1905 3197 2080 3239 συνι-

309 3276 609 3354 σταμένης
668 3286 774 3334 etc.
879 3278 1057 3348 Illos,
1112 3278 1216 3356 qui
1259 3277 1336 3336 de
1379 3279 1589 3356 parvis
1633 3277 1948 3354 magnifice
1992 3276 2078 3334 lo-

308 3374 411 3450 qui
495 3387 806 3447 amarunt,
892 3378 1296 3436 excrescentia
1366 3378 1645 3456 stipitum
1726 3375 2078 3442 Εἰλειθυίας
