2150 3814
247 199 408 262 1356
939 175 1294 259 ADDmNuA

242 346 290 394 P.
321 342 420 388 798.
449 357 491 387 v.
520 342 591 386 23.
620 354 699 398 pro
729 344 921 384 votam
949 340 1034 397 leg.
1063 343 1252 384 rotam.
1307 341 1362 383 In
1388 345 1475 385 not.
1515 356 1556 384 v.
1586 341 1628 393 3.
1658 346 1758 400 post
1785 340 1872 400 τήν
1901 344 2010 389 adde

359 399 522 460 ψυχήν.
580 400 648 442 De
677 399 862 456 Sisypho
894 399 1005 442 adde
1035 399 1206 443 Lucret.
1235 398 1312 441 III.
1343 400 1468 444 1007.

243 488 300 496 -
329 460 428 504 808.
458 475 500 503 v.
531 462 684 516 quarto
715 465 817 501 ante
844 458 919 501 fin.
950 472 1028 515 pro
1059 460 1545 517 precatorumleg.
1574 463 1961 518 peccatorum.

242 547 300 555 -
327 519 428 562 809.
458 532 500 560 v.
531 518 600 561 17.
629 531 707 575 pro
740 517 970 567 Quorum
999 517 1084 572 leg.
1117 516 1243 568 Quo.
1273 542 1279 552 x

242 605 300 613 —
329 576 426 621 815.
457 591 499 618 v.
532 577 600 620 16.
634 590 712 633 pro
743 576 948 619 Tabula
976 576 1059 631 leg.
1091 574 1312 618 Fabula.

241 663 299 672 -
329 636 426 680 818.
457 649 500 678 v,
530 635 697 692 penult.¹
719 648 798 691 pro
829 634 1056 678 Titaeus
1086 634 1169 688 leg.
1201 633 1444 678 Titacus.

242 722 299 731 --
328 694 427 737 820.
456 708 498 737 v.
527 692 600 736 24.
630 697 734 736 ante
771 706 889 736 cum
928 693 1254 735 Clementis
1294 693 1418 737 deest
1454 708 1604 751 quae.

243 780 300 788 --
330 753 432 797 821.
480 755 584 795 nota
615 751 803 795 secunda
831 767 873 795 v.
904 752 945 795 5.
976 756 1076 808 post
1104 751 1274 794 Ari-ian.
1305 752 1425 795 Alex.
1453 752 1682 810 interpone
1709 754 1759 796 L.
1788 754 1845 798 11.
1889 758 1935 799 et
1973 770 2014 799 v.

358 812 398 856 6.
427 815 527 868 post
557 811 778 854 cultum
808 825 983 854 comma.

241 897 298 904 —
328 868 428 915 828.
458 875 547 912 not.
578 869 736 912 Suidas
766 884 801 912 s.
827 868 1067 914 Πύθωνος.
1097 865 1180 914 τοίς
1211 866 1441 928 πνεύματι
1472 867 1687 915 πύθωνος
1716 869 2018 918 ἐνθουσιώσας

356 936 433 975 καὶ
480 932 738 987 φαντασίαν
779 925 981 985 μυήσεως
1024 923 1279 984 (κυήσεως)
1324 932 1653 986 παρεχομένας.
1713 929 1927 971 Eusebius
1973 930 2018 972 in

356 989 462 1032 Hes.
493 1002 530 1029 c.
562 986 602 1029 8.
634 1001 675 1043 p.
705 986 805 1030 388.
852 985 919 1043 μή
960 984 1231 1042 θαυμάζετε
1261 983 1480 1042 δαίμονας
1507 984 1604 1030 οἶπό
1634 987 1807 1032 κοιλίας
1837 985 2019 1046 οἷνθρώ-

328 1044 747 1149 ὃὶτὸυνΓφωνιίιῦντας
776 1043 880 1090 τούς
909 1042 1273 1144 ὅνοῗιαζομιιένους
1302 1041 1538 1145 πύθωῖας.

241 1133 298 1141 --
415 1135 426 1145 .
478 1118 534 1146 in.
564 1118 592 1145 u
631 1135 641 1144 .
700 1117 751 1147 ro
781 1117 874 1148 sus
920 1118 981 1146 ec
1016 1116 1107 1144 um
1140 1117 1163 1144 e
1197 1117 1326 1144 ..sus
1378 1117 1434 1145 ec
1476 1117 1565 1146 am.

241 1192 299 1199 —-
329 1163 430 1207 839.
459 1167 550 1205 not.
580 1177 621 1204 v.
652 1117 699 1204 91.)
716 1186 727 1209 e,
754 1173 813 1206 ro
838 1118 995 1207 5531ng
1025 1174 1108 1203 scr.
1140 1115 1362 1217 ἰεξὸρυον.Ρ

241 1251 300 1258 -
327 1221 426 1266 841.
456 1236 499 1265 v.
529 1221 570 1263 7.
601 1233 682 1277 pro
754 1218 1174 1265 ternenblumen
1202 1218 1288 1274 leg.
1319 1219 1554 1262 Stel-nen
1581 1221 1816 1264 Blumen.

241 1309 298 1316 —
327 1280 428 1379 8421.
458 1282 548 1379 ιιῆίέ.
577 1278 654 1321 ult.
684 1293 727 1321 v.
752 1277 798 1319 ·1.
839 1291 919 1335 pro
950 1277 996 1320 -1,
1038 1277 1110 1320 25.
1130 1299 1134 1311 ε
1152 1276 1237 1332 leg.
1267 1276 1314 1319 ’1.
1358 1275 1429 1320 55.
1473 1284 1519 1322 et
1554 1293 1633 1337 pro
1677 1280 1779 1323 VII.
1825 1279 1895 1322 77.
1934 1281 2018 1338 leg.

240 1424 297 1432 -—
326 1395 425 1440 850.
443 1408 507 1441 τ..
528 1393 599 1437 15.
630 1397 730 1452 post
759 1390 965 1454 wsvvo'gcy
994 1393 1194 1434 omissum
1223 1394 1292 1432 est
1322 1388 1412 1448 ἐμῆ
1441 1398 1572 1450 χειρί.
1716 1406 1717 1409 ’
1839 1428 1841 1430 -

239 1483 297 1490 .-
327 1454 426 1498 853.
456 1468 498 1497 v.
523 1454 591 1496 12.
620 1467 700 1510 pro
731 1456 881 1510 τρίβει
910 1449 995 1506 leg.
1025 1453 1178 1548 vplf'y.
1209 1452 1255 1491 et
1275 1463 1317 1492 v.
1340 1438 1408 1491 16.
1438 1457 1541 1494 ante
1570 1457 1799 1510 apparet
1827 1455 1924 1498 dele
1952 1460 2020 1501 ut.

355 1515 407 1558 In
437 1517 525 1568 not.
554 1527 598 1555 v.
629 1509 670 1554 5.
709 1525 788 1569 pro
819 1507 1073 1581 chydo‘cwp
1119 1521 1187 1562 eg.
1219 1505 1494 1566 ἕρυγοίστωρ.
2025 1551 2028 1553 Α

242 1601 299 1609 -—
327 1573 426 1617 860.
456 1575 544 1614 not.
563 1571 639 1613 ult.
652 1584 732 1626 pro
747 1566 1053 1614 παντοδαπον
1067 1565 1266 1609 Struvius
1287 1565 1582 1614 παντόδακον
1609 1569 1835 1625 legendum
1859 1578 2021 1618 censet.

242 1659 302 1670 -.
329 1631 427 1675 862.
458 1635 547 1673 not.
579 1628 715 1673 adde:
755 1625 990 1669 Columella
1017 1624 1099 1667 IX.
1129 1624 1172 1667 2.
1204 1625 1243 1667 1.
1276 1626 1528 1681 Hyginus
1558 1632 1800 1673 veterum
1831 1637 2022 1676 aucto—⁴

357 1704 468 1734 rum
514 1687 727 1746 placita.
767 1683 1016 1730 secretis
1069 1683 1327 1741 dispersa
1380 1685 1724 1731 monimentis
1774 1689 2022 1748 collegit.

358 1747 458 1806 Γροί
498 1744 609 1806 ,κατ’
636 1743 886 1803 α’πόκρυφα
917 1742 1079 1786 Gallim.
1110 1743 1186 1786 Fr.
1217 1743 1432 1787 CCXLII.

242 1836 300 1844 —
329 1806 429 1853 864.
459 1768 588 1850 (527.
619 1819 698 1863 pro
741 1803 839 1846 ille
880 1801 1011 1846 scrib.
1041 1801 1154 1845 illi.
1828 1831 1831 1834 Α

242 1895 299 1902 -.
329 1863 428 1912 865.
459 1881 501 1910 v.
532 1863 600 1906 13.
631 1877 710 1921 pro
740 1862 1100 1905 Planetarum
1127 1862 1211 1918 leg.
1241 1861 1604 1906 Planctarum.
1647 1867 1692 1921 et
1719 1864 1765 1908 in
1794 1870 1902 1912 nota.
1927 1867 2019 1926 pri-

357 1939 427 1968 ma
454 1940 497 1967 v.
526 1924 567 1966 2.
597 1924 820 1965 Actaeo
851 1935 930 1977 pro
961 1920 1240 1963 Arctaeo.

244 2017 302 2025 -
331 1990 429 2034 866.
457 1998 499 2026 v.
530 1986 630 2038 post
659 1980 812 2022 nulla
842 1979 1041 2021 omissum
1072 1983 1138 2021 est
1176 1978 1309 2021 nisi.

242 2076 301 2083 .-
332 2047 431 2091 867.
462 2047 551 2084 not.
584 2039 719 2083 adde:
762 2038 899 2080 herba
928 2036 1092 2095 βάλλις
1119 2042 1302 2079 vocatur
1330 2037 1487 2080 Arcad.
1518 2038 1574 2081 de
1601 2039 1704 2083 Acc.
1734 2055 1776 2098 p.
1805 2039 1875 2084 30.

243 2135 303 2142 -.
331 2105 428 2149 877.
458 2115 501 2144 v.
530 2100 573 2144 3.
610 2111 688 2156 pro
728 2095 1157 2153 Hesychiusleg.
1188 2096 1445 2152 Toupius.

242 2191 302 2199 -.
330 2164 430 2209 881.
459 2173 502 2203 v.
531 2159 603 2201 20.
634 2156 745 2200 adde
775 2154 1027 2198 Schneider.
1057 2154 1114 2196 ad
1143 2154 1245 2197 Nic.
1274 2155 1408 2198 Ther.
1438 2170 1479 2212 p.
1509 2154 1608 2199 252.

243 2250 304 2258 --
331 2221 429 2266 885.
459 2235 502 2264 v.
532 2216 574 2260 4.
604 2219 705 2274 post
733 2228 964 2258 necesse
995 2213 1156 2256 excidit
1186 2213 1271 2256 sit.

243 2308 301 2316 -.
331 2281 430 2324 887.
459 2294 501 2323 v.
531 2276 692 2334 penult.
721 2288 800 2332 pro
833 2271 1065 2315 Siciliae
1093 2272 1179 2328 leg.
1210 2272 1427 2316 Italiae.
1713 2311 1717 2315 .

245 2368 301 2375 —-
331 2339 433 2384 888.
464 2340 551 2381 not.
582 2334 718 2378 adde=
762 2329 990 2377 Βουὸοὑας
1019 2331 1182 2374 Bacchi
1217 2346 1358 2374 comes
1394 2332 1442 2375 in
1477 2332 1603 2377 India
1642 2332 1816 2378 relictus
1854 2335 1909 2379 ab
1939 2337 2023 2380 Ar-

359 2399 509 2449 riano,
547 2394 584 2437 si
615 2392 723 2436 satis
751 2390 942 2442 memini,
982 2396 1346 2434 commemoratur.

244 2499 300 2508 —-
329 2471 428 2516 893.
458 2471 547 2512 not.
577 2482 620 2510 v.
652 2465 691 2507 1.
721 2479 799 2522 pro
831 2464 1056 2507 Sitanes
1086 2464 1169 2521 leg.
1201 2463 1445 2508 Titanes.

245 2563 303 2571 -..
331 2533 432 2581 905.
461 2542 504 2571 v.
534 2526 576 2569 3.
606 2539 685 2582 pro
717 2523 851 2580 quas
881 2523 964 2578 leg.
996 2537 1142 2578 quos.

245 2622 304 2630 -..
332 2594 433 2639 912.
463 2589 552 2629 not.
580 2585 655 2627 bb.
686 2582 800 2626 adde
828 2582 921 2625 Ast.
953 2581 1010 2624 ad
1038 2581 1150 2624 Plat.
1180 2571 1319 2639 Eegg.
1349 2593 1391 2640 p.
1416 2582 1515 2626 490.

245 2680 304 2689 -.
331 2649 432 2699 915.
462 2649 551 2688 not.
580 2658 623 2686 v.
651 2642 695 2685 2.
723 2655 802 2698 pro
834 2637 865 2684 ἅ
894 2637 1083 2698 μάντεις
1110 2640 1195 2697 leg.
1227 2641 1283 2687 οἱ.

245 2739 303 2747 .-.
330 2712 432 2755 920.
461 2705 488 2748 l.
516 2701 677 2761 penult.
705 2714 785 2758 pro
816 2699 925 2742 dua
952 2699 1039 2754 leg.
1069 2700 1190 2743 duo.

245 2798 305 2805 ..-
333 2770 433 2814 921.
462 2778 504 2806 v.
534 2762 604 2804 21.
635 2765 736 2803 ante
766 2759 883 2804 εἶναι
912 2758 1074 2801 excidit
1101 2757 1289 2816 κόσμον.

247 2856 305 2864 -
333 2828 433 2873 924.
464 2825 554 2864 not.
586 2818 785 2863 Struvius
815 2831 895 2874 pro
923 2817 1043 2860 icht
1057 2829 1120 2860 on
1153 2819 1458 2863 emendandum
1486 2823 1610 2878 putat
1639 2818 1816 2878 ὁρίζων.

247 2916 305 2924 -
334 2885 434 2929 927.
464 2884 552 2923 not.
581 2894 624 2922 v.
656 2878 724 2920 12.
753 2890 831 2934 pro
862 2875 1062 2918 nemine
1090 2876 1174 2932 leg.
1206 2879 1423 2921 nomine.

247 2972 307 2981 -..
333 2943 434 2988 928.
463 2942 553 2986 not.
584 2938 626 2980 d.
653 2937 728 2979 lin.
758 2935 799 2977 4.
829 2949 906 2992 pro
936 2935 1192 2992 Psraphr.
1223 2935 1307 2992 leg.
1337 2937 1594 2994 Paraphr.

248 3033 306 3039 -
334 3000 433 3047 931.
463 2998 538 3041 ult.
568 3010 648 3054 pro
677 2994 929 3038 taditum
956 2993 1039 3049 leg.
1069 2994 1370 3038 traditum.

248 3089 307 3096 -.
335 3058 434 3104 938.
464 3071 506 3099 v.
538 3056 609 3098 10.
638 3059 738 3111 post
766 3053 1015 3097 Tzetzes
1047 3052 1245 3096 omissum
1276 3059 1344 3098 est
1374 3053 1612 3111 exponit.

249 3147 307 3154 -
335 3119 434 3162 940.
466 3129 508 3158 v.
537 3114 608 3156 20.
637 3127 716 3170 pro
747 3108 801 3156 τό
831 3114 911 3169 ἔαρ
943 3111 1072 3154 scrib.
1101 3109 1166 3167 τῷ
1193 3114 1309 3170 ἔαρι.

249 3204 308 3214 ..-
336 3175 436 3222 942.
467 3173 666 3216 Struvius
696 3174 868 3215 veteres
897 3170 1219 3214 mathematicos
1249 3176 1374 3228 putat
1400 3171 1578 3228 primum
1598 3170 1876 3214 hebdomadis
1905 3171 2017 3216 diem

366 3235 484 3284 Soli,
532 3232 716 3275 siderum
745 3228 928 3287 principi
959 3232 1003 3272 et
1031 3229 1302 3283 mesochoro,
1347 3230 1541 3282 dicasse,
1595 3230 1824 3273 secundum
1866 3231 1908 3275 ei
1943 3231 2018 3287 qui

366 3290 582 3352 proximus
621 3304 674 3334 ex
709 3288 894 3347 planetis
923 3287 1198 3331 inferioribus
1242 3293 1359 3332 esset
1399 3293 1567 3341 terrae,
1614 3289 1787 3332 tertium
1823 3289 2018 3332 similiter

369 3353 411 3396 ei
452 3350 525 3411 qui
566 3364 619 3393 ex
663 3347 953 3407 superioribus
991 3346 1160 3391 minimo
1189 3346 1416 3392 intervallo
1459 3362 1487 3392 a
1512 3354 1632 3392 terra
1680 3347 1888 3401 distaret,
1926 3351 2017 3391 tum
