2150 3814
239 199 401 262 1192
782 213 1018 282 Lmen
1077 190 1440 257 TERTIUS.

240 343 508 425 Τελχινίς
565 345 686 407 ἀπὸ
743 351 873 408 τῶν
929 341 1316 425 οἰκησάντων
1378 343 1683 425 Τελχίνων
1738 342 1852 422 τὴν
1894 353 2002 425 νῆ-

234 467 379 518 σον,
425 445 531 514 οὓς
575 445 634 506 οἱ
674 442 1391 533 μὲνβασκάνουςκφασὶ
1432 445 1536 508 καὶ
1578 439 1806 529 γόητας
1848 442 2003 524 θείῳ

232 541 752 623 καταῤῥαίνοντας
803 545 875 608 τὸ
930 552 1036 624 τῆς
1093 543 1318 630 στυγός
1372 544 1545 627 ὕδωρ
1577 543 1655 624 [¹¹]
1708 538 1886 618 ζώων
1940 567 2004 603 τε

231 644 335 708 καὶ
392 648 609 724 φυτῶν
663 644 931 727 ὀλέθρου
981 641 1190 724 χάριν.
1254 645 1313 707 οἱ
1367 641 1436 708 δὲ
1490 645 1731 724 τέχναις
1787 639 2005 723 διαφέ-

229 766 450 826 ροντας
491 743 864 808 τούναντίον
905 743 1028 806 ὑπὸ
1070 751 1201 809 τῶν
1233 744 1610 824 ἀντιτέχνων
1631 745 2005 824 βασκανθῆ-

230 867 337 907 ναι
393 841 657 922 καὶτῆς
713 842 1066 926 ὃυςφημίας
1107 849 1317 924 τυχεῖν
1357 840 1619 921 ταύτης,
1661 842 2002 921 repositum

229 952 323 1003 est
363 961 475 1024 pro
519 945 980 1025 καταρῤέοντας.
1026 941 1253 1004 Suidas
1295 961 1343 1003 s·
1393 943 1614 1028 Θέλγει.
1700 941 1828 1003 Καὶ
1862 947 2006 1003 Τελ-

221 1048 392 1124 χῖνες
436 1043 713 1127 Θελγῖνές
754 1044 914 1114 τινές
956 1049 1102 1107 εἰσι·
1144 1043 1224 1107 τὰ
1266 1042 1390 1129 γὰρ
1432 1038 1786 1113 θάλλοντᾶ,
1831 1062 2005 1123 φασι,

228 1142 672 1226 βασκαίνοντες
723 1149 853 1213 τοῖς
894 1142 1083 1207 ὕδασι
1125 1131 1234 1223 τῆς
1277 1141 1522 1226 φύσεως
1566 1138 1691 1206 αὖα
1737 1139 2006 1213 ἐποίουν,

230 1245 343 1314 ἕως
403 1250 622 1326 φυτῶν
663 1242 1127 1324 βασκαίνοντες.
1161 1229 1327 1323 ἢ(Ῑιιειο
1369 1242 1704 1304 Kuesterus
1747 1240 2006 1318 intelligi

223 1360 410 1423 posse
447 1350 644 1419 negat.
702 1340 771 1400 Si
815 1360 928 1422 pro
974 1342 1218 1425 φύσεως
1273 1340 1588 1423 scripseris
1623 1339 1870 1427 στυγός,
1914 1339 2005 1398 ni-

224 1440 313 1501 hil
371 1443 484 1501 erit
537 1438 703 1521 quod
762 1457 887 1499 non
928 1441 1235 1519 intelligas
1253 1441 1342 1521 [Ἴ.
1428 1440 1602 1501 Idem
1645 1438 2005 1499 Telchinum

221 1540 455 1602 facinus
524 1539 601 1600 ab
657 1538 973 1600 Herennio
1029 1542 1263 1600 narrari
1318 1538 1566 1602 videtur
1622 1538 1700 1598 de
1755 1536 1900 1598 Diff.
1944 1558 2004 1618 p.

227 1639 368 1703 157.
420 1640 805 1725 ἅλίσπαρτον
854 1641 893 1722 ἢ
951 1642 1093 1706 ἁλσὶ
1147 1642 1613 1727 κατεσπαρμένη
1648 1636 1862 1723 χώρα,
1918 1638 2008 1710 ὥς

223 1767 384 1814 τινες
420 1750 553 1806 τῶν
595 1749 876 1806 παλαιῶν
922 1739 1310 1822 πεποιήκασι·
1357 1743 1674 1825 ὃυςμενῶς
1701 1741 1824 1826 γὰρ
1850 1739 2004 1822 πρὸς

223 1841 371 1914 τοὺς
407 1843 696 1922 Ἕλληνας
749 1842 1123 1925 διακείμενοι
1177 1843 1289 1913 τὰς
1338 1839 1550 1926 χώρας
1608 1843 1820 1905 αὐτῶν
1863 1839 2004 1903 ἁλσὶ

222 1943 619 2027 κατέσπειρον
675 1948 759 2013 εἷς
812 1942 883 2005 τὸ
940 1943 1153 2023 μηκέτι
1207 1940 1530 2006 δύνασθαι
1586 1941 1794 2024 φέρειν
1849 1965 2002 2021 καρ-

223 2040 470 2123 nobem.
572 2039 753 2114 Quod
807 2057 887 2100 ne
940 2043 1050 2115 iis,
1109 2043 1215 2120 qui
1273 2040 1353 2101 ad
1412 2059 1588 2119 agros
1633 2039 2000 2121 opimandos

222 2149 284 2200 et
326 2139 648 2200 laetandos
690 2139 844 2199 nihil
890 2141 1021 2200 sale
1065 2130 1328 2202 feracius
1373 2159 1507 2200 esse
1551 2141 1773 2211 sciant,
1817 2141 2000 2199 mira-

156 2288 157 2291 *
222 2240 358 2301 culo
403 2241 512 2315 sit,
567 2239 944 2300 monendum
993 2250 1088 2300 est
1129 2251 1397 2315 veteres,
1442 2243 1613 2321 quia,
1658 2249 1728 2299 ut
1758 2231 2003 2300 ¹¹Plinius

223 2341 313 2400 ait
353 2337 579 2401 XXXI.
624 2342 736 2424 (7.)
782 2341 882 2401 39.
929 2342 1177 2401 omnis
1221 2342 1437 2401 locus
1481 2343 1557 2401 in
1602 2359 1746 2421 quo
1789 2359 2001 2421 repe-

219 2441 425 2500 ritur
479 2441 592 2501 sal
649 2441 952 2501 sterilis
1012 2442 1255 2522 est[‘],
1316 2442 1434 2501 soli
1488 2442 1702 2501 inculti
1746 2441 1999 2500 vastita—

219 2548 347 2600 tem
403 2539 550 2601 salis
609 2543 928 2622 sparsione
959 2542 1377 2617 ⁴significasse3
1439 2541 1610 2618 cujus
1654 2540 1845 2599 moris
1886 2557 1996 2598 no-

339 2747 412 2804 [q]
458 2745 699 2804 Interpres:
740 2746 960 2789 sulfure
1001 2744 1299 2789 admixtam
1336 2745 1526 2801 stygis
1568 2758 1758 2803 aquam
1798 2744 1993 2786 instil-

219 2809 412 2850 larent
441 2819 647 2862 aquam.
705 2805 795 2848 Sed
836 2805 916 2848 hoc
954 2817 1037 2847 non
1076 2803 1233 2847 dicitur
1274 2818 1301 2847 a
1342 2805 1571 2848 Strabone.
1628 2804 1742 2848 Num
1772 2815 1850 2860 pro
1880 2805 1991 2858 θείῳ

218 2865 392 2924 scripsit
419 2864 594 2919 ληίωνῖ

336 2945 407 3003 [r]
453 2927 619 2988 Eadein
658 2941 867 2998 medicina
904 2941 1146 2987 adhibenda
1187 2942 1332 2999 Etym.
1376 2942 1492 2984 eud.
1531 2956 1576 2998 p.
1615 2940 1715 2983 257.
1767 2939 1841 2996 qui
1881 2939 1992 2982 hanc

218 3002 507 3048 narrationem
537 3002 773 3045 Enomidae
801 3000 993 3062 tribuere
1028 3001 1212 3045 videtur.
1277 3001 1463 3059 [sunium
1501 3000 1611 3043 hanc
1651 2998 1986 3043 emendationem

219 3062 496 3122 praeoepisse
525 3061 778 3104 WVelekerus
808 3059 1024 3118 significat
1049 3075 1093 3119 p.
1126 3059 1257 3116 187.].

336 3134 419 3205 [Β]
466 3149 612 3205 Etym.
645 3148 762 3192 Gud.
808 3163 851 3206 p.
879 3146 951 3192 85.
994 3147 1114 3191 addit
1145 3145 1256 3190 ὅθεν
1284 3145 1308 3191 ὁ
1338 3149 1434 3202 βίος
1470 3144 1573 3195 τοὺς
1610 3145 1859 3205 ᾐκισμένως
1898 3143 1989 3187 δει-

218 3208 424 3309 ἒῶίκκαὶ
460 3204 837 3310 Ξέἕθεραπεύτως
878 3208 1060 3265 ἔχοντας
1108 3202 1406 3264 ἅλισπάρτους
1428 3206 1566 3248 καλεῖ.
1616 3203 1799 3247 Brevius
1827 3202 1986 3246 Anecd.

258 3280 282 3308 e
346 3297 356 3307 .
386 3281 429 3323 p.
552 3299 562 3309 .

339 3352 410 3409 [t]
462 3369 504 3396 v.
538 3355 748 3397 Altmann.
782 3353 929 3396 Melet.
961 3351 1111 3395 Philol.
1143 3366 1185 3409 p.
1218 3348 1287 3394 48.
