2150 3814
174 244 340 308 1136
743 256 981 299 hinnu
1025 255 1393 300 TERTIUS.

171 399 487 452 enumerat
543 387 753 463 Etym.
812 384 894 443 M.
952 405 1011 465 p.
1071 383 1212 444 389.
1259 383 1359 444 35.
1423 385 1738 455 Εὔὸωνος·
1762 408 1955 447 ποτα-

170 492 286 574 μὸς
341 498 449 569 τῆς
505 511 650 550 ποτε
707 482 823 566 μὲν
869 483 1024 553 Δίας
1077 509 1141 545 τε
1185 483 1291 544 καὶ
1327 483 1626 569 Ἐρύμνης
1669 486 1957 549 scaz-..Aa-

166 591 386 674 ρίσσης
453 594 574 650 νῦν
635 584 703 648 δὲ
767 584 1094 667 Τραλλέων.
1147 586 1526 665 καλουμένης
1578 594 1686 666 τῆς
1734 585 1956 656 Ἀσίας,

174 693 269 752 ὅτι
335 684 722 770 Λάβρανὸος
791 685 897 747 καὶ
967 680 1353 766 Πανάμορος
1409 686 1514 746 καὶ
1571 683 1863 756 Πάλαξος
1920 683 1960 762 ἢ

175 786 507 858 Σπάλαξος
552 789 612 848 οἱ
653 783 965 868 Κούρητες
1009 783 1168 846 κατὰ
1207 783 1496 866 χρησμὸν
1540 787 1637 847 ἐπὶ
1678 780 1794 866 τὴν
1831 792 1899 847 K
1933 824 1961 829 ν

174 889 317 974 ρίαν
373 888 687 971 ὁρμῶντες
742 886 840 947 ἐπὶ
891 888 1029 955 ταῖς
1078 886 1313 964 ’ὄχθαις
1357 884 1554 947 αὐτοῦ
1598 883 1960 967 κατεκοιμή-

171 995 402 1069 θησαν.
461 986 569 1046 ubi
619 984 809 1047 Cures
865 983 1230 1045 Labrandus
1287 1004 1324 1044 a
1388 987 1529 1045 vieo
1585 983 1967 1045 Labradensi

177 1098 240 1148 et
294 1089 557 1148 fortasse
613 1079 995 1146 Panhormus
1057 1083 1134 1143 ab
1193 1084 1318 1145 alio
1374 1079 1533 1146 loco*
1568 1085 1766 1146 dictus
1826 1083 1968 1143 reli-

176 1206 438 1270 quorum
483 1189 805 1247 nominum
850 1193 1055 1244 ortum
1100 1186 1366 1246 similem
1423 1186 1866 1246 demonstrant.
1909 1202 1971 1245 v.

180 1290 368 1368 Gasp.
413 1286 657 1346 Oderici
700 1286 1053 1344 Dissertatt.
1097 1304 1158 1364 p.
1205 1285 1262 1344 3.
1317 1286 1389 1344 In
1433 1287 1558 1347 alia
1603 1278 1822 1346 Cariae
1862 1302 1973 1344 ve-

180 1391 326 1449 teris
371 1395 549 1469 parte
592 1404 790 1466 prope
835 1385 1160 1462 Ortygiam
1193 1383 1530 1466 Ephesiam
1555 1386 1780 1448 Strabo
1806 1383 1972 1446 XIV.

180 1488 379 1570 (640.)
425 1485 565 1547 532.
611 1494 820 1544 narrat
864 1492 1140 1544 montem
1185 1483 1587 1560 Solmissum‚
1630 1485 1741 1546 ubi
1764 1481 1973 1569 ¹Cure-

180 1599 273 1649 tes
311 1586 615 1647 Junonem
648 1586 926 1646 Latonae
969 1586 1339 1664 parturienti
1380 1585 1780 1647 insidiantem
1822 1581 1975 1644 stre·-

179 1691 318 1770 pitu
374 1706 687 1748 armorum
735 1685 1136 1746 absterruisse
1181 1684 1463 1748 dicantur
1504 1724 1590 1734 —
1633 1682 1979 1772 πανήγυρις

182 1790 248 1852 δ’
296 1793 578 1853 ἐνταῦθα
625 1793 1028 1852 συντελεῖται·
1078 1790 1209 1850 ἔθει
1254 1788 1330 1850 δέ
1365 1813 1489 1852 τινι
1533 1790 1593 1875 οἱ
1634 1788 1763 1852 νέοι
1805 1788 1977 1870 φιλο·

182 1898 440 1953 καλοῦσι
491 1886 762 1970 μάλιστα
818 1886 958 1969 περὶ
1007 1888 1120 1958 τὰς
1177 1892 1459 1951 ἐνταῦθα
1516 1886 1777 1968 εὐωχίας
1819 1894 1976 1967 λαμ-
2019 1943 2024 1948 ,

185 1988 592 2072 πρυνόμενοι·
654 1986 790 2050 τότε
850 1984 919 2049 δὲ
976 1987 1082 2050 καὶ
1137 1995 1267 2051 τῶν
1327 1986 1671 2072 Κουρήτων
1725 1989 1975 2071 ἀρχεῖον

187 2087 442 2174 συνάγει
488 2086 802 2169 συμπόσια
847 2085 954 2148 καί
995 2113 1169 2157 τινας
1212 2089 1516 2168 μυστικὰς
1560 2087 1793 2158 θυσίας
1847 2090 1976 2149 ἐπι-

185 2195 357 2251 τελεῖ.
418 2206 574 2267 quae
635 2186 829 2248 verba
872 2188 1098 2247 mirum
1144 2190 1210 2247 ni
1256 2189 1472 2269 cuique
1516 2188 1819 2265 mysteria
1863 2183 1980 2246 Cu-

182 2290 389 2361 retica,
436 2288 513 2347 de
557 2286 778 2368 quibus
822 2296 967 2347 ante
1012 2287 1245 2350 dictum
1289 2297 1403 2363 est,
1455 2289 1522 2348 in
1565 2291 1844 2350 animum
1887 2306 1981 2345 re-

185 2397 439 2461 vocent,
495 2387 812 2466 Ephesum
871 2389 1133 2449 fortasse
1191 2409 1304 2470 per
1348 2389 1599 2450 colonos
1657 2386 1979 2450 Cretenses

187 2488 497 2549 translata.
588 2486 933 2546 Verborum
991 2491 1154 2548 enim
1202 2489 1525 2549 Strabonis
1568 2491 1622 2548 is
1666 2498 1844 2551 tenor
1887 2495 1982 2546 est

188 2598 259 2649 ut
313 2606 441 2648 non
495 2588 764 2646 nominis
810 2585 921 2646 sed
961 2606 1167 2647 rerum
1211 2587 1617 2649 similitudine
1660 2609 1699 2650 a
1740 2586 1980 2649 fabulo-

187 2691 273 2750 sis
343 2685 668 2747 Curetibus
735 2685 815 2746 ad
873 2688 1176 2764 juvenum
1233 2689 1646 2769 Ephesiorum
1703 2686 1982 2748 dominia

190 2799 251 2848 et
304 2788 380 2847 ab
437 2789 532 2847 his
577 2786 656 2847 ad
702 2789 933 2847 curiam
980 2785 1271 2848 Curetum
1316 2789 1632 2850 traductus
1671 2787 1978 2871 yideatur.

187 2889 417 2948 Verum
463 2887 541 2946 de
584 2888 679 2947 his
723 2888 907 2948 rebus
952 2907 1030 2947 ne
1054 2888 1279 2949 Strabo
1324 2890 1573 2971 quidem
1617 2890 1758 2970 plus
1792 2908 1979 2969 quam

188 2990 598 3068 conjecturam
645 2988 861 3047 afferre
904 2996 1176 3068 poterat3
1223 3009 1534 3070 quumque
1577 2991 1643 3049 in
1691 2989 1977 3054 omnibus

189 3089 319 3148 fere
387 3089 641 3148 urbibus
723 3090 1058 3166 collegia
1115 3091 1584 3167 juventutis
1651 3090 1975 3163 fuerint,

175 3190 408 3276 “sacris,
453 3187 649 3260 ludis,
696 3189 894 3269 epulis
939 3188 1263 3264 adstricta,
1309 3208 1572 3272 quorum
1617 3192 1824 3271 ipsum
1867 3208 1979 3249 no-

190 3306 330 3350 men
378 3288 642 3372 (κοῦροι.)
698 3299 760 3348 et
803 3309 1071 3370 pompae
1113 3291 1410 3351 saltuares
1454 3289 1652 3350 doctis
1699 3281 1977 3353 veterum

189 3386 484 3448 Curetum
554 3391 918 3452 memoriam
987 3391 1298 3464 afferrent,
1386 3392 1684 3472 suspicari
1750 3388 1973 3461 licebit,
