2150 3814
216 179 340 238 982
751 191 989 235 ῙΛΒΕΒ
1033 188 1463 234 SECUNDUS.
1632 224 1658 242 ί

564 445 1386 567 ΕΡΙΜΕΤΜΙΜ
1484 448 1650 529 vl.
1764 556 1766 558 ‚

357 616 435 668 ad
483 614 541 669 P.
590 613 628 667 1.
688 612 746 667 C.
794 611 904 666 VI.
959 615 1003 676 ξ.
1053 617 1102 666 2.
1159 612 1226 667 N.
1266 613 1590 671 XXXIV.
1639 625 1768 676 not.
1807 613 1858 670 b.

385 783 759 867 Λυκομῆδαι
788 783 1062 863 praefert
1092 783 1451 845 Passowius
1487 784 1568 844 ad
1603 786 1761 846 MuS.
1805 806 1866 867 p.
1902 782 2002 845 53.

216 885 577 968 Λυκομίδαι
618 883 881 944 Siebelis
927 883 1008 944 ad
1051 884 1229 945 Paus.
1273 885 1313 942 l.
1346 906 1394 944 c.
1434 893 1496 943 et
1526 885 1871 946 Boeckhius
1905 887 2005 945 In-

218 1005 328 1046 scr.
373 987 447 1048 N.
493 985 636 1046 386.
692 984 797 1044 ille
840 986 981 1064 quia
1030 1004 1261 1045 nomen
1315 985 1700 1063 Lycomedes
1729 1066 1731 1072 ¹
1757 987 2005 1066 saepius

215 1087 466 1164 legitur,
528 1086 594 1146 hi
636 1086 1000 1145 auctoritate
1044 1084 1372 1164 Hesychii:
1427 1086 1791 1169 Λυκομίδαι
1831 1086 2008 1171 γένος

211 1188 582 1273 Ἱθαγενῶν,
643 1194 706 1244 et
746 1184 938 1244 Attici
982 1183 1212 1269 lapidis
1232 1231 1248 1259 ,
1307 1188 1404 1246 cui
1447 1187 1603 1246 nihil
1649 1185 2008 1263 derogatum

215 1288 383 1348 volo.
473 1285 596 1345 Sed
640 1285 805 1366 quod
862 1271 1250 1346 doctissimus
1306 1287 1650 1345 Pausaniae
1702 1287 2008 1365 interpres

215 1395 400 1463 negat
442 1404 671 1444 nomen
712 1387 1090 1467 Λυκομῆδαι
1133 1387 1427 1465 explicari
1464 1405 1678 1465 posse,
1724 1385 2008 1465 equidem

221 1503 539 1565 opponam
583 1487 857 1565 primum
904 1486 1092 1544 aliam
1123 1467 1424 1562 Hesychii
1467 1485 1733 1562 glossam
1777 1490 2007 1549 Βαθυ-

217 1586 415 1667 μῆδαι
456 1586 633 1671 γένος
678 1586 775 1646 ἐπὶ
816 1585 1031 1667 Λυδίᾳ
1070 1604 1297 1644 nomen
1342 1594 1746 1660 contractum,
1803 1595 1874 1646 ut
1916 1589 2010 1648 vi-

220 1683 418 1758 detur,
464 1704 550 1746 ex
588 1685 1048 1767 Βαθυμηδίδαι
1077 1686 1186 1765 [3],
1235 1694 1367 1744 tum
1413 1684 1579 1764 quod
1626 1686 1845 1746 Graeci
1887 1689 2012 1768 ipsi

218 1786 473 1843 nomina
531 1784 936 1844 sacerdotalia
989 1784 1238 1865 Βούτης
1281 1794 1343 1844 et
1385 1784 1713 1875 Βουζύγης
1770 1785 1848 1846 ab
1904 1786 2011 1846 he-

219 1883 429 1942 roibus
486 1884 646 1943 Buta
701 1895 762 1944 et
818 1885 1069 1962 Buzyge
1126 1884 1501 1946 derivarunt.
1600 1885 1703 1946 Ad
1754 1886 2010 1947 Aristid.

221 1984 475 2042 Panath.
519 1993 650 2048 τῶν
703 1986 1067 2067 μυστηρίων
1122 1985 1203 2047 τὰ
1255 1984 1374 2066 μὲν
1430 1985 1512 2054 ὥς
1567 1987 1798 2069 ἀρχαῖα
1851 1988 2010 2050 τετί-

219 2108 443 2165 μηται,
499 2085 580 2146 τοὶ
636 2083 704 2146 δὲ
761 2086 844 2154 ὥς
902 2087 1246 2170 ἀναγκαῖα,
1301 2085 1382 2146 τοὶ
1437 2084 1506 2147 δὲ
1566 2087 1648 2156 ὥς
1705 2087 2010 2158 πλείστοις

218 2181 538 2267 γνώριμα,
609 2183 980 2243 Scholiastes
1025 2184 1178 2244 haec
1222 2182 1547 2245 adnotavit
1587 2205 1650 2265 p.
1701 2186 1838 2246 109.
1897 2189 2012 2272 ἆρ-

213 2289 368 2362 χαῒα
411 2283 530 2365 μὲν
569 2284 650 2346 τοὶ
681 2283 1114 2367 Σαμοθρᾴκης
1143 2284 1183 2365 ἢ
1213 2293 1324 2348 ‘coi
1356 2283 1764 2367 Λυκομήδου,
1813 2289 2012 2374 ἄναγ-

222 2389 369 2445 καῒα
413 2383 482 2445 δὲ
527 2382 735 2447 πάντα
778 2386 859 2447 τοὶ
902 2383 1235 2467 μυστήρια,
1280 2384 1570 2469 γνώριμοι
1614 2384 1683 2447 δὲ
1726 2387 1813 2448 τοὶΙ
1841 2388 2011 2449 ’Ἰσθ-

221 2487 335 2563 μοῖ
372 2481 411 2560 ἢ
470 2487 716 2555 Πυθοῖ,
763 2484 802 2544 ἃ
849 2492 1107 2545 καλοῦσι
1150 2485 1472 2564 δημοτελῆ.
1556 2485 1669 2543 Ille
1710 2484 2010 2562 Lycome-

224 2580 332 2639 des
400 2581 662 2641 fortasse
734 2591 829 2642 est
903 2592 1116 2641 auctor
1186 2585 1421 2660 generis
1493 2584 2010 2661 Lycomedarum‚

225 2699 488 2760 quorum
561 2692 622 2741 et
683 2684 751 2742 in
815 2681 1022 2742 Attica
1079 2672 1203 2741 'fuit
1271 2683 1655 2767 τελεστήριον
1720 2687 1787 2744 in
1848 2705 2010 2767 pago

224 2782 642 2859 Phlyensium-
670 2771 845 2845 Paus.
886 2783 931 2841 I.
977 2784 1078 2843 22.
1137 2793 1196 2842 et
1237 2785 1304 2842 in
1348 2804 1495 2863 agro
1539 2784 1826 2845 Audanio
1880 2787 2011 2851 κλί-

229 2906 399 2955 σιον,
459 2881 712 2942 dearum
756 2871 1114 2961 magnarum
1158 2886 1345 2944 sacris
1391 2888 1792 2946 constitutum
1816 2887 2007 2966 ‚Paua

347 3091 420 3147 [a]
464 3093 626 3135 Notum
657 3100 776 3137 certe
805 3095 1025 3152 primitiva
1055 3101 1100 3137 et
1128 3098 1424 3152 patronymica
1454 3098 1532 3152 (de
1568 3100 1704 3140 forma
1733 3099 1908 3155 loquor)
1938 3100 2005 3142 in-

227 3156 295 3192 ter
325 3164 371 3191 se
399 3153 662 3207 permutari,
705 3154 940 3197 Androcles
979 3160 1024 3196 et
1062 3155 1342 3198 Androclides
1381 3171 1422 3198 v.
1461 3156 1608 3198 Reisk.
1651 3157 1704 3198 ad
1746 3158 1914 3200 Isaeum
1953 3158 2009 3202 de

228 3208 415 3251 Philoct.
458 3224 501 3266 p.
536 3209 632 3258 147.
692 3213 937 3255 Phrasicles
968 3218 1011 3255 et
1041 3214 1330 3257 Phrasiclides
1359 3229 1401 3256 v.
1426 3214 1631 3270 Sylburg.
1664 3215 1718 3257 ad
1748 3216 1875 3259 Dion.
1903 3217 2005 3259 Hal.

228 3266 360 3309 Arch.
392 3266 443 3309 L.
475 3267 528 3309 X.
560 3283 595 3310 c.
631 3272 668 3311 1.
699 3271 871 3328 aliaque
900 3272 1083 3328 plurima
1114 3272 1302 3315 Goeller.
1333 3273 1387 3315 de
1417 3273 1623 3328 Syracus.
1655 3289 1695 3329 p.
1730 3275 1825 3317 121.
1858 3275 2001 3318 Sturz.

229 3324 283 3367 de
313 3325 439 3368 Nom.
471 3326 626 3370 Graec.
662 3343 702 3385 p.
732 3329 803 3372 25.
857 3331 1037 3374 Passow
1067 3331 1259 3374 Praefat.
1290 3332 1430 3374 Lectt.
1464 3331 1596 3374 Acad.
1629 3333 1729 3375 anni
1761 3332 1887 3377 1823.
