2210 3886
796 223 1324 270 -oRPn‘icA.
1859 207 1985 270 795

211 387 330 449 que
383 365 664 427 -Lanzius
731 363 1022 425 Etruscos
1090 357 1167 418 ab
1236 351 1516 419 Hesiodo
1586 349 1873 414 didicisse
1914 352 1988 435 [¹]

213 469 516 548 opinatur.

930 743 1101 812 CAP.
1177 744 1282 803 III.

500 891 615 950 De
681 887 1180 968 migratione
1247 883 1707 945 animarum.

380 1061 557 1122 Plato
614 1063 682 1119 in
738 1056 900 1125 Crat.
955 1077 1018 1138 p.
1074 1055 1219 1117 400.
1278 1054 1550 1114 nominis
1606 1061 1787 1137 σῶμα
1844 1055 2000 1115 hane

212 1161 683 1238 originationem
721 1158 911 1220 tradit
954 1156 1036 1219 ad
1080 1155 1432 1236 exemplum
1474 1153 2000 1233 Pythagoreorum

209 1263 445 1323 fictam:
502 1259 672 1345 σῆμά
728 1284 890 1331 τινες
945 1256 1102 1323 αὐτό
1160 1277 1358 1342 φασιν
1411 1255 1570 1339 εἶναι
1623 1264 1734 1336 τῆς
1774 1267 2000 1342 ψυχῆς,

213 1362 298 1434 ὥς
339 1362 736 1446 τεθαμμένης
779 1366 847 1427 ἐν
889 1369 980 1445 τῷ
1023 1367 1145 1425 νῦν
1187 1355 1453 1441 παρόντι
1484 1392 1571 1403 —-
1603 1392 1690 1403 —-
1732 1363 2004 1423 Δοκοῦσι

209 1464 424 1544 μέντοι
471 1489 588 1546 »μοι
629 1461 903 1546 μάλιστα
943 1462 1185 1524 θέσθαι
1229 1461 1289 1522 οἱ
1334 1457 1502 1541 ἀμφὶ
1539 1458 1773 1542 Ὀρφέα
1814 1468 2001 1524 τοῦτο

210 1564 282 1627 τὸ
342 1566 580 1648 ὄνομα,
640 1565 724 1635 ὥς
779 1562 964 1643 δίκην
1016 1558 1314 1639 διδούσης
1354 1567 1466 1640 τῆς
1508 1568 1744 1644 ψυχῆς,
1790 1557 1881 1626 ὧν
1924 1560 2004 1642 δὴ

214 1666 392 1730 ἕνεκα
434 1665 694 1739 δίδωσι,
737 1671 967 1727 τοῦτον
1009 1660 1080 1725 δὲ
1123 1659 1459 1743 περίβολον
1502 1662 1694 1739 ἔχειν,
1738 1665 1845 1726 ἵνα
1880 1661 2004 1726 σώ-

216 1765 429 1843 ζηται,
495 1761 926 1846 δεσμωτηρίου
992 1758 1221 1824 εἰκόνα.
1338 1755 1456 1818 Cui
1520 1758 1659 1820 loco
1719 1754 2006 1824 Clemens

214 1863 443 1926 Sti-om.
476 1865 553 1925 Π.
583 1861 732 1929 518.
777 1860 1095 1940 subjungit
1126 1859 1395 1921 Philolai
1437 1858 1721 1923 effatum:
1764 1890 2010 1946 μαρτυ-

214 1965 461 2044 ρὲονται.
517 1965 625 2030 καὶ
678 1966 739 2028 οἱ
791 1962 1045 2027 παλαιοὶ
1107 1959 1396 2047 Θεολόγοι
1446 1985 1513 2024 τε
1569 1963 1677 2025 καὶ
1732 1963 2006 2046 μάντιες,

214 2065 301 2137 ὥς
355 2064 464 2135 διά
516 2090 693 2137 τινας
750 2063 1059 2149 ἁμαρτίας
1103 2064 1144 2127 οἱ
1188 2062 1365 2146 ψυχὰ
1407 2070 1499 2146 τῷ
1543 2060 1786 2148 σώματι
1830 2069 2010 2132 συνέ-

217 2167 466 2241 ζευκται
508 2168 615 2232 καὶ
657 2163 950 2248 καθάπερ
988 2168 1055 2230 ἐν
1091 2161 1336 2246 σώματι
1371 2164 1698 2229 τέθαπται.
1743 2166 1829 2227 Et
1860 2168 2011 2229 haec

216 2264 671 2345 Theologomm
716 2276 778 2329 et
819 2275 1037 2330 vatum
1080 2264 1384 2326 sententia
1414 2263 1481 2322 in
1511 2263 1786 2327 Platonis
1820 2268 2012 2330 Phae-

217 2365 362 2427 don.
404 2387 467 2447 p.
511 2367 614 2431 62.
658 2366 725 2433 B.
781 2364 1009 2428 dicitur
1062 2369 1131 2429 ἐν
1173 2361 1496 2446 ἆποῤῥήτῳ
1540 2365 1866 2451 λεγόμενος
1909 2369 2011 2434 λό-
2062 2356 2072 2361 Ἀ

216 2492 359 2553 γος,
418 2468 502 2538 ὥς
559 2468 627 2531 ἔν
679 2490 805 2528 τινι
858 2473 1109 2548 φρουρᾷ
1164 2467 1349 2547 ἐσμεν
1392 2466 1453 2527 οἱ
1495 2467 1863 2551 ἄνθρωποι,
1906 2472 2013 2535 καὶ

218 2568 295 2633 οὔ
336 2568 438 2632 δεῖ
475 2568 555 2648 δὴ
600 2567 827 2631 ἑαυτὸν
870 2570 936 2629 ἐκ
978 2564 1209 2645 ταύτης
1252 2563 1439 2630 λύειν.
1485 2585 1606 2647 quo
1640 2568 1779 2630 loco
1813 2590 2012 2654 neque

217 2668 535 2735 Eleusinia
600 2668 1043 2747 significantur,
1112 2676 1183 2727 ut
1247 2667 1431 2728 multi
1487 2667 1896 2746 crediderunt,
1952 2694 2013 2735 v.

217 2767 519 2832 Moshem.
562 2767 646 2832 ad
682 2765 1049 2830 -Cudworth.
1093 2767 1163 2828 T.
1207 2768 1253 2828 Ι.
1287 2767 1432 2828 410.
1477 2768 1859 2834 Saintecroix
1894 2775 2016 2836 Sur

219 2870 311 2931 les
364 2870 621 2949 Myster.
666 2869 737 2933 T.
783 2871 830 2931 Ι.
874 2869 1020 2931 408.
1078 2888 1276 2952 neque
1330 2870 1858 2949 Pythagoreorum
1905 2875 2014 2935 do-

222 2972 452 3046 ctrina,
494 2981 564 3032 ut
607 2969 1086 3048 Wyttenbachio
1131 2972 1341 3033 visum
1385 2969 1468 3030 ad
1499 2971 1726 3034 Phaed.
1770 2995 1832 3056 p.
1873 2976 2012 3036 134.

220 3070 380 3133 Nam
423 3074 491 3136 iu
534 3071 870 3136 Eleusiniis
887 3116 906 3148 ‚
947 3091 1211 3154 quorum
1258 3084 1685 3151 argumentum
1731 3095 2015 3137 enarrare

341 3227 403 3286 [l]
437 3228 604 3287 Saggio
635 3229 693 3272 T.
723 3230 782 3273 11.
814 3229 914 3273 568.
944 3230 1031 3273 Ηίο
1060 3237 1105 3273 et
1138 3231 1271 3273 ceteri
1304 3231 1377 3287 qui
1407 3232 1460 3275 de
1492 3233 1558 3275 his
1588 3233 1718 3276 rebus
1741 3234 2014 3293 disputarunt

229 3286 353 3331 obliti
395 3295 497 3338 sunt
525 3288 702 3333 Proculi
746 3289 884 3334 locum
923 3290 1085 3334 afferre
1115 3290 1156 3332 in
1190 3290 1304 3332 Tim.
1335 3290 1372 3334 Ι.
1396 3289 1473 3334 45.
1514 3291 1627 3335 κατὰ
1657 3291 1712 3337 τὰ
1743 3295 1794 3338 ἐν
1822 3299 1917 3344 τοῖς
1945 3296 2013 3337 ἱε-

231 3348 326 3399 ροῖς
365 3343 614 3408 γράμματα
645 3349 697 3408 τῇ
721 3344 896 3404 χιλιάδι
921 3353 1084 3421 μετρεῖ
1111 3348 1212 3398 τοὺς
1241 3353 1365 3402 βίους
1393 3353 1484 3394 τῶν
1514 3348 1714 3396 πόλεων·
1759 3350 1893 3412 ταύτῃ
1925 3352 2014 3411 γὰρ

233 3404 437 3458 λέγονται
469 3407 544 3449 καὶ
575 3407 618 3450 οἱ
650 3406 862 3463 δαίμονες
891 3421 970 3451 τον
992 3405 1166 3465 χρόνον
1195 3413 1389 3466 μετρεῖν.
