2150 3814
810 230 1274 277 ORPHIGA.
1747 216 1905 282 lool

145 365 365 426 stolam
381 352 405 438 ,’
457 365 531 425 in
580 379 699 444 qua
748 359 830 421 ad
881 366 1143 422 matrem
1196 359 1413 420 scribi-t
1455 362 1612 429 sibi
1654 379 1693 420 a
1735 361 1914 421 Leo-

144 485 238 524 ne,
276 461 1021 544 quodamzzantistite
1064 446 1453 520 sacrorum
1497 461 1914 542 Aegyptio-

144 571 306 624 rssum
348 570 553 623 metu
594 577 779 620 snae
819 561 1242 639 potestatis
1285 559 1685 640 proditum
1730 580 1916 635 esse,

143 665 269 745 qui
337 661 447 721 dii
513 662 758 736 vulgo.¹
814 660 1320 734 haberentur,
1382 680 1512 721 eos
1568 661 1918 722 homines

141 760 418 835 flii-iss&
473 762 766 840 ipsosque
819 761 1003 839 hujus
1059 762 1359 842 epistolae
1410 763 1653 822 fictores
1692 761 1918 822 Leonis

141 861 401 938 Pellaei,
467 863 571 941 qui
625 860 850 921 librum
905 879 1084 922 suum
1140 858 1500 941 Olympiadi
1541 863 1922 942 inscripsisse

142 960 420 1034 videtur,
505 963 785 1021 nomine·
824 959 908 1021 ad
970 959 1320 1037 fingendum
1374 961 1646 1021 Leonem
1699 961 1923 1022 Hiero-

141 1063 443 1141 phantam
486 1061 860 1140 Aegyptium
907 1059 1130 1119 abusos
1177 1058 1549 1138 arbitror[‘].

309 1161 427 1221 His
511 1161 698 1237 igitur
778 1159 1298 1236 Pragmaticorum
1333 1200 1362 1253 ³.
1389 1158 1923 1241 disputatiunculis

143 1259 559 1325 condocefacti
612 1258 998 1339 Apologet‘ae
1050 1259 1321 1336 Dionysi
1375 1275 1474 1320 res
1534 1270 1734 1339 gestas
1799 1272 1926 1330 tra-

142 1359 325 1432 dunt,
383 1359 593 1440 quales
648 1359 726 1420 ab
767 1360 893 1420 illis
938 1369 1332 1440 acceperunt,
1375 1361 1546 1420 nullo
1591 1380 1704 1423 suo
1749 1355 1924 1424 addi-

143 1470 435 1522 tamento.
521 1458 680 1520 Nam
729 1479 814 1519 ne
870 1459 971 1520 de'
1004 1462 1330 1522 simulacro
1386 1461 1634 1541 quidem
1689 1483 1923 1545 gypseo

145 1559 225 1619 ad
269 1560 592 1620 colendum
645 1560 890 1641 publice
934 1564 1258 1642 proposito
1303 1571 1366 1621 et
1408 1564 1558 1623 ortis
1600 1564 1742 1624 hinc
1781 1584 1924 1642 gen-
1998 1642 2004 1648 ι

144 1663 298 1721 tium
341 1661 878 1741 superstitionibus
935 1664 1183 1721 mentiri
1226 1662 1560 1742 quidquam
1602 1662 1713 1724 sed
1755 1673 1925 1725 vete-

143 1781 280 1821 rum
323 1763 588 1839 vestigia
629 1764 804 1840 sequi
846 1759 1150 1822 videntur.
1223 1762 1313 1821 Hi
1356 1765 1522 1821 enim
1567 1773 1926 1842 quaerentes

144 1860 308 1920 unde
348 1861 608 1920 deorum
649 1860 951 1921 solemnia
992 1863 1336 1941 coeperint,
1391 1864 1458 1921 in
1500 1863 1658 1922 hanc
1700 1866 1926 1942 cogita-

146 1963 377 2020 tionem
447 1960 824 2034 inciderunt,
910 1961 1308 2040 aegritudinis
1378 1971 1441 2022 et
1498 1965 1795 2024 moeroris
1851 1984 1926 2024 ex

148 2060 322 2119 obitu
391 2059 666 2120 affinium
720 2063 1177 2142 amicorumque
1232 2065 1500 2144 suscepti
1554 2063 1671 2122 hoc
1726 2083 1764 2122 a
1816 2083 1925 2123 su-

148 2178 321 2240 pers
336 2161 620 2221 titibus
663 2162 954 2221 solatium
1002 2162 1347 2222 adhibitum
1392 2182 1524 2222 esse
1538 2187 1561 2235 ‚·
1600 2173 1669 2222 ut
1713 2162 1926 2224 defun-

150 2268 281 2318 ctos
325 2258 552 2321 divinis
594 2261 931 2322 honoribus
976 2273 1425 2336 consecrarent,
1471 2281 1802 2343 eorumque
1845 2266 1923 2323 si-

149 2360 422 2419 mulacra
460 2370 590 2420 tum
627 2360 747 2420 sibi
782 2371 916 2422 tum
955 2363 1093 2423 aliis
1115 2362 1466 2424 veneranda
1490 2372 1922 2443 proponerent.

152 2459 298 2540 Sap.
357 2459 587 2518 Saloni.
643 2459 805 2526 XIV.
868 2462 963 2523 14.
1019 2465 1235 2527 πένθει
1287 2460 1682 2546 τρυχώμενος
1724 2465 1924 2547 πατὴρ

149 2567 263 2623 τοῦ
315 2560 544 2639 ταχέως
599 2562 1050 2644 ἀφαιρεθέντος
1113 2565 1331 2626 τέκνου
1391 2562 1598 2626 εἰκόνα
1666 2563 1924 2644 ποιήσας

151 2660 263 2723 τὸν
296 2662 654 2744 ’ἄνθρωπον
699 2662 782 2732 ὥς
823 2663 980 2727 θεὸν
1022 2662 1225 2745 ἐτίμσε
1279 2664 1384 2726 καὶ
1434 2663 1748 2747 παρέδωκε
1798 2671 1925 2734 τοῖς

272 2860 342 2916 [ί]
395 2861 579 2912 Praeter
615 2875 713 2914 eos,
769 2875 876 2918 quos
922 2861 1152 2906 Fabricius
1190 2862 1245 2905 T.
1287 2862 1371 2905 III.
1412 2862 1484 2905 27.
1525 2867 1569 2905 et
1608 2862 1925 2907 Freinshemius

154 2917 359 2975 Prolegg.
399 2919 445 2961 in
476 2918 597 2962 Curt.
637 2935 675 2963 c.
717 2919 793 2963 IV.
822 2921 1074 2975 nominant,
1114 2920 1271 2964 Pollux
1300 2922 1368 2963 bis
1420 2920 1695 2978 epistolarum
1735 2922 1925 2973 Alexan·-

156 2977 226 3019 dri
262 2977 318 3019 ad
354 2982 533 3021 matrem
570 2978 756 3022 meminit
793 2979 869 3023 VI.
911 2980 981 3024 87.
1023 2980 1122 3023 VII.
1167 2979 1237 3023 28.
1314 2979 1468 3022 Fictae
1521 2980 1610 3023 sine
1651 2980 1782 3023 dubio
1820 2981 1924 3025 illae

157 3038 356 3088 fuerunt,
405 3051 512 3093 quas
557 3037 768 3096 Iosephus
816 3051 894 3096 pro
945 3054 1077 3082 causa
1119 3039 1377 3082 Judaeorum
1418 3042 1567 3082 contra
1605 3039 1813 3097 Apionem
1854 3042 1923 3084 af-

158 3096 244 3137 fert
280 3094 342 3137 11.
382 3092 426 3139 4.
470 3093 572 3140 471.
610 3102 656 3140 et
692 3098 879 3141 fortasse
916 3098 1085 3156 plures,
1127 3098 1202 3141 sed
1243 3104 1359 3140 certe
1398 3097 1473 3141 illa
1503 3097 1556 3141 de
1584 3098 1753 3153 Leone,
1795 3111 1923 3155 quam

159 3151 420 3198 Villoisonus
461 3153 530 3198 De
568 3155 688 3213 tripl.
740 3155 896 3208 Theol.
949 3172 991 3214 p.
1036 3157 1104 3200 19.
1154 3162 1312 3200 temere
1362 3156 1605 3200 Alexandro
1657 3157 1924 3215 Polyhistori

159 3210 326 3255 tribuit.
403 3211 501 3256 Nec
543 3220 661 3258 recte
703 3215 926 3258 Worthius
971 3221 1016 3259 et
1056 3217 1166 3259 hunc
1219 3221 1424 3271 sequutus
1457 3213 1651 3273 Heynius
1688 3217 1743 3260 de
1793 3217 1921 3260 Font.

161 3269 289 3312 Diod.
326 3286 370 3329 p.
407 3271 545 3315 XXX.
579 3273 699 3316 illum
738 3273 1069 3318 commenticium
1097 3275 1301 3317 Leontem
1339 3288 1431 3316 cum
1468 3275 1676 3333 scriptore
1718 3275 1925 3320 Macedo-

164 3327 577 3429 ‹uzo-tcoufundunn
629 3333 700 3389 qui
747 3332 820 3376 illo
866 3338 1054 3393 tempore
1106 3334 1240 3378 sacris
1284 3333 1559 3391 Aegyptiacis
1601 3348 1802 3391 praeesse
1840 3348 1923 3378 non

161 3401 216 3443 po
238 3399 280 3429 m
305 3419 313 3428 .
