2150 3814
238 198 401 259 1158
791 213 1028 256 LIBER
1073 213 1444 258 'ruamus

225 347 318 405 ita
357 345 826 422 interpretatur,
880 341 1181 417 Dactylos
1226 361 1261 400 e
1295 343 1466 420 jactu
1508 345 1784 423 pulveris
1830 347 2011 408 Oaxii

224 443 304 506 ab
347 441 643 504 Anchiale
697 441 897 520 sparsi
955 441 1250 499 extitisse.
1339 442 1462 502 Sed
1503 443 1571 503 id
1614 445 1792 523 longe
1825 447 2013 510 aliter

225 545 463 624 accepit
504 541 704 600 Varro
749 540 918 600 Poet.
961 540 1112 600 Min.
1160 539 1228 599 T.
1273 540 1344 600 V.
1389 563 1449 623 p.
1495 545 1551 604 3.
1598 565 1656 625 p.
1708 545 1888 605 1412.
1975 570 2005 596 v·-

367 673 499 728 Quos
534 685 712 735 magno
749 668 984 717 Anchiale
1019 678 1187 731 partus
1226 669 1432 719 adducta
1469 674 1634 723 dolore

368 766 416 805 et
451 756 655 821 geminis
693 756 888 816 capiens
926 757 1149 803 tellurem
1186 755 1376 804 Oaxida
1410 759 1583 819 palmis

366 842 517 889 edidit
551 844 602 888 in
640 838 797 891 Creta.

218 970 523 1048 Dactylos
585 976 878 1028 consueto
922 967 1113 1027 modo
1158 971 1224 1028 in
1266 970 1463 1031 lucem
1511 970 1712 1031 editos
1756 990 1890 1031 esse
1933 974 2013 1030 si-

219 1071 510 1149 gnificans
555 1080 624 1128 ut
668 1079 730 1128 et
772 1068 928 1129 alter
963 1071 1371 1152 interpretum
1417 1072 1781 1154 δραξαμένη
1800 1072 2012 1154 φησὶν,

218 1170 424 1250 ἐπειδὴ
471 1172 618 1239 ἔθος
659 1175 796 1238 ταῖς
839 1167 1136 1240 κυούσαις
1177 1179 1313 1235 τῶν
1354 1173 1827 1256 παρακειμένων
1857 1180 2008 1252 λαμ-

217 1269 555 1354 βάνεσθαι.
644 1267 919 1341 ΒεείῐιάοΙ
956 1270 1164 1347 Etym.
1219 1269 1303 1330 M.
1363 1290 1424 1350 p.
1482 1271 1627 1332 465.
1688 1273 1788 1333 30.
1879 1272 2013 1331 Ste-

217 1369 516 1429 simbroto
574 1367 762 1426 aliam
826 1368 1046 1428 tribuit
1085 1372 1457 1429 sententiam
1498 1373 1710 1435 Ἰδαῖοι
1752 1370 2014 1450 ἐκλήθη-

219 1491 341 1531 σαν
387 1468 446 1529 οἱ
468 1464 781 1530 Δάκτυλοι
825 1468 921 1530 ὅτι
963 1470 1000 1548 ἡ
1045 1468 1217 1539 κόνις
1258 1471 1338 1549 ἢν
1379 1454 1637 1554 ἔρῤιψαν
1654 1473 1724 1551 [⁰]
1773 1471 2015 1549 ἐξἿὸης

216 1566 314 1652 ἦν,
415 1566 899 1652 Στησίμβροτος
959 1567 1029 1630 δὲ
1086 1572 1154 1632 ἐν
1206 1577 1298 1652 τῷ
1353 1571 1494 1652 περὶ
1547 1578 1827 1634 τελετῶν
1867 1571 2014 1640 Διὸς

213 1669 323 1732 καὶ
365 1668 528 1748 Ἴδης
585 1667 838 1752 νύμφης
896 1669 1127 1739 αὐτοὺς
1183 1671 1355 1756 λέγει.
1415 1669 1578 1730 unde
1635 1672 1787 1732 satis
1841 1681 2015 1750 patet

213 1769 394 1828 illum
433 1779 674 1828 remoto
719 1770 1018 1829 miraculo
1060 1770 1363 1847 Dactylos
1421 1791 1496 1830 ex
1539 1770 1716 1833 Jovis
1762 1780 1825 1830 et
1866 1770 2016 1830 Idae

215 1886 542 1947 congressu
585 1879 764 1930 natos
810 1870 1100 1930 voluisse.
1170 1870 1293 1929 Sed
1338 1871 1480 1930 huic
1521 1873 1751 1931 rationi
1795 1870 2015 1932 adver-

214 1982 429 2042 santur
469 1988 682 2029 rursus
729 1989 885 2049 quae
932 1971 1385 2031 Grammaticus
1430 1971 1599 2030 nulla
1641 1973 2011 2051 interposita

215 2070 441 2150 copula
495 2068 699 2128 addit:
762 2071 955 2152 φησὶν
1010 2072 1106 2133 ὅτι
1161 2071 1319 2139 Ζεὺς
1377 2072 1644 2134 ἐκέλευσε
1687 2072 1800 2141 τοὶς
1843 2071 2009 2141 ἰδίας

212 2169 490 2254 τροφοὺς
550 2173 768 2252 λαβεῖν
823 2169 1002 2234 κόνιν
1057 2170 1163 2232 καὶ
1216 2175 1395 2253 ῥῖψαι
1440 2176 1524 2240 εἰς
1564 2169 1858 2233 τούπίσω·
1896 2166 2013 2230 ,ubi

212 2290 404 2351 quum
447 2279 749 2351 appareat
790 2272 951 2330 inter
999 2271 1188 2331 verba
1231 2271 1387 2355 λέγει
1430 2280 1492 2328 et
1536 2271 1691 2352 φησί
1713 2270 2014 2331 excidisse

212 2370 484 2451 aliquid,
538 2389 706 2433 nova
750 2371 1063 2432 suboritur
1108 2373 1559 2444 controversia,
1616 2381 1824 2433 utrum
1871 2390 2013 2430 con-

205 2474 450 2550 junctio
508 2470 615 2534 καί
667 2490 748 2529 an
792 2490 1020 2530 nomen
1065 2474 1333 2531 auctoris
1380 2490 1420 2529 a
1464 2471 1872 2548 Stesimbroto
1919 2469 2010 2530 di-

212 2573 381 2632 versi
453 2571 803 2644 evanuerit3
872 2590 1135 2650 quorum
1193 2581 1637 2650 utrumcunque
1691 2571 2011 2650 placuerit,

196 2670 571 2745 >difficultate
623 2670 794 2730 haud
851 2671 1097 2732 carebit.
1186 2671 1255 2732 Si
1298 2672 1502 2752 prius,
1544 2670 2011 2731 incommodum

212 2771 498 2845 videtur,
555 2770 732 2833 ‚Iovis
787 2771 1018 2833 filios
1061 2772 1186 2832 dici
1231 2774 1336 2852 qui
1381 2772 1578 2834 abeo
1622 2791 1746 2832 non
1791 2791 2010 2852 proge-

212 2873 331 2931 niti
386 2871 499 2932 sed
547 2874 728 2951 jussu
787 2874 919 2952 ejus
976 2893 1010 2932 e
1069 2884 1233 2932 terra
1286 2875 1426 2952 ipsa
1483 2875 1681 2936 exorti
1736 2882 1907 2944 sunt3
1954 2874 2007 2930 si

209 2975 553 3052 posteriUS,
609 2972 1051 3033 incredibiliter
1108 2977 1339 3035 erravit
1384 2973 1761 3044 Scholiasta,
1820 2991 2006 3052 quum

213 3071 622 3152 Apollonium
678 3074 796 3133 hoc
852 3073 1018 3153 quod
1073 3073 1150 3134 de
1207 3075 1466 3155 pulvere
1521 3072 1819 3158 divinitus
1874 3073 2006 3131 ani-

211 3182 418 3246 mato,
476 3182 547 3233 ut
602 3176 738 3254 ipse
794 3173 1046 3254 quidem
1103 3176 1570 3255 interpretatur,
1629 3173 1912 3253 exponit,
1970 3191 2006 3231 a

335 3373 402 3427 [c]
454 3375 536 3414 Aut
571 3374 894 3430 intelligendum
928 3376 974 3418 αἱ
1005 3370 1198 3432 Νύμφαι
1244 3378 1318 3416 aut
1350 3373 1620 3417 scribendum
1652 3372 1853 3432 ἕῤῥιψεν.
