2150 3814
252 228 418 292 1098
778 238 1014 283 LIBER
1057 237 1486 283 SECUNDUS,

245 391 418 434 esse
491 369 890 451 Apollinis
975 369 1467 447 potentiam,
1558 378 1633 428 et
1707 368 2026 431 eundem

245 491 420 534 esse
483 471 741 531 Solem
799 465 1423 548 apud-superos,
1480 468 1843 529 Liberum
1895 489 2026 549 pa-

245 584 435 633 trem
463 573 541 629 in
573 568 848 640 terris,
892 566 1341 646 Apollinem
1378 569 1580 650 apud
1612 570 2026 651 inferos[⁸].

243 672 415 731 Idem
460 669 540 728 ad
584 667 736 729 Aen.
779 667 881 726 IV.
936 667 1080 726 610.
1180 666 1421 727 Dirae
1463 671 1540 729 in
1583 671 1834 744 coelo,
1889 670 2027 729 Fu-

241 773 414 831 riae
455 772 533 829 in
588 769 854 840 terriS,
915 766 1387 828 Eumenides
1443 769 1652 850 apud
1705 768 2026 830 inferos.

238 890 393 952 quae
444 863 842 948 Pythagoreis
909 867 1252 927 adscribere
1322 886 1448 927 non
1517 868 1754 929 dubito.
1839 869 2028 929 Luta-

237 973 360 1031 tius
416 970 494 1030 ad
542 970 696 1031 Stat.
755 967 944 1029 Theb.
998 968 1101 1028 IV.
1159 967 1301 1029 526.
1366 967 1854 1047 Pythagoras
1911 967 2028 1028 di-

240 1073 346 1132 cit
403 1070 549 1130 duo
606 1085 774 1131 esse
827 1069 1444 1150 hemisphaeria,
1513 1068 1795 1150 quibus
1845 1086 2028 1150 pro-

237 1173 457 1254 prios
516 1170 704 1240 deos
771 1171 1127 1247 assignat
1182 1178 1256 1228 et
1308 1169 1506 1230 facit
1576 1170 2025 1249 superioris

236 1291 491 1349 regem
535 1269 805 1331 Jovem
862 1280 936 1328 et
1002 1271 1346 1346 reginam
1418 1266 1826 1342 Junonem,
1906 1270 2026 1328 in-

236 1372 559 1432 ferioris
645 1370 903 1428 Ditem
999 1367 1266 1430 Jovem
1353 1386 1523 1434 esse
1607 1369 2024 1441 infernum,

236 1471 788 1550 Proserpinam
832 1466 1209 1527 Junonem
1253 1468 1657 1528 infernam.
1701 1469 1799 1528 Et
1836 1468 2023 1528 duas

237 1570 629 1642 VenereS,
726 1586 952 1629 unam
1045 1586 1458 1648 supernam
1537 1576 1612 1626 et
1690 1568 2023 1627 alteram

233 1671 665 1732 Libitinam
746 1678 822 1728 et
891 1668 1102 1728 alios
1173 1666 1363 1729 deos
1443 1666 1673 1727 binos
1744 1670 2027 1728 consti-

235 1773 421 1846 tuit3
515 1789 591 1829 ex
672 1787 930 1828 numero
998 1769 1533 1845 contrarietatum,
1622 1777 1693 1827 ut
1760 1768 2024 1830 videtur.

239 1869 377 1943 Qua
448 1878 649 1929 aetate
716 1860 893 1928 haec
936 1870 1364 1947 provenerint,
1449 1866 1784 1945 dijudicare
1850 1870 2024 1944 nolo;

233 1977 475 2031 tantum
528 1970 805 2047 intelligo
848 1956 1288 2043 Xenocratem,
1341 1977 1664 2030 versutum
1720 1969 2027 2048 Pythago-

233 2087 341 2131 rae
382 2088 782 2147 mangonem,
842 2088 967 2128 non
1010 2070 1226 2148 procul
1268 2060 1409 2127 hinc
1441 2069 1685 2128 afuisse.
1743 2067 2025 2129 Clemens

237 2171 463 2231 Strom.
508 2170 580 2229 V.
623 2189 683 2250 p.
737 2169 883 2229 718.
936 2152 1320 2252 Ξενοκρατης
1363 2168 1397 2231 ὃ
1440 2168 1869 2250 Χαλκηδόνιος
1910 2170 2024 2235 τὸν

233 2271 350 2357 μὲν
403 2272 648 2335 ὕπατον
702 2270 860 2345 Δία,
916 2271 1031 2334 τὸν
1087 2269 1156 2332 δὲ
1212 2271 1434 2333 νέατον
1490 2277 1699 2336 καλῶν
1753 2274 2026 2354 ἔμφασιν

231 2371 580 2435 καταλείπει
644 2372 879 2454 πατρὸς
944 2371 1049 2432 καὶ
1113 2372 1274 2433 υἱοῦ.
1362 2369 1722 2455 Plutarchus
1785 2372 2020 2432 Platon.

236 2471 485 2547 Quaest.
529 2470 637 2531 IX.
681 2468 824 2530 275.
872 2469 940 2529 T.
985 2469 1152 2529 XIII.
1207 2469 1590 2552 Ξενοκράτης
1631 2473 1755 2535 Δία
1797 2472 1911 2537 τὸν
1954 2477 2023 2537 ἓν

234 2573 352 2656 μὲν
395 2577 524 2643 τοῖς
568 2571 727 2635 κατὰ
771 2571 851 2633 τὰ
898 2570 1060 2633 αὐτοὶ
1102 2569 1208 2631 καὶ
1253 2569 1542 2641 ὥςαύτως
1577 2574 1823 2652 ἔχουσιν
1857 2574 2019 2637 ὕπα-

231 2699 346 2742 τον
413 2678 613 2747 καλεῖ,
682 2673 906 2736 νέατον
962 2669 1032 2732 δὲ
1089 2669 1202 2733 τὸν
1257 2673 1324 2733 ἓν
1378 2678 1506 2741 τοῖς
1559 2672 1679 2735 ὑπὸ
1739 2673 2015 2755 σελήνην.

233 2792 389 2855 quae
450 2779 789 2851 congruunt
849 2789 986 2830 cum
1029 2770 1414 2848 Pythagorae
1458 2775 1762 2833 sententia
1805 2774 1882 2833 de
1925 2794 2020 2834 re-

232 2877 484 2953 gionum
538 2873 925 2953 superiorum
982 2880 1045 2930 et
1099 2871 1460 2931 inferiorum
1518 2871 1901 2950 discrimine,
1959 2884 2020 2935 et

234 2991 283 3033 a·
337 2972 543 3054 poetis
617 2986 855 3055 quoque
923 2970 1192 3031 delibata
1258 2980 1416 3031 sunt.
1524 2971 1835 3035 Ausonius
1900 2973 2016 3057 Ep.

232 3071 465 3134 XXIX.

355 3272 427 3330 [a]
460 3274 574 3316 Acro
605 3273 661 3316 ad
689 3273 844 3316 Horat.
874 3273 933 3315 II.
965 3271 1050 3315 Od.
1084 3271 1151 3314 19.
1211 3272 1439 3315 Dicitur
1467 3271 1755 3329 Dionysus
1783 3277 1835 3316 et
1865 3271 2010 3330 apud

234 3332 460 3375 inferos
502 3346 792 3388 regnasse,
845 3335 907 3374 ut
946 3331 1112 3374 etiam
1157 3330 1273 3388 ipsi
1312 3331 1398 3374 ita
1438 3336 1494 3373 ut
1533 3330 1749 3375 Dianae
1791 3332 2009 3390 triplex

234 3388 468 3434 daretur
504 3395 779 3447 potestas,
825 3390 881 3435 cf.
913 3389 1058 3433 Schol.
1089 3388 1222 3446 Cruq.
1254 3404 1295 3447 p.
1328 3388 1422 3434 132.
