2150 3814
772 208 1337 278 ΒΑΜΟΤΗΒΑΟΙᾼ.
1796 199 1959 262 1215

173 364 319 405 nam
371 343 553 405 nobis
608 343 674 401 in
717 339 1085 399 memoriam
1139 337 1392 418 redigit,
1437 358 1592 419 quae
1637 342 1788 403 olim
1833 347 1959 406 vir-

169 447 377 523 ginum
419 441 713 521 sanguine
754 440 1001 520 placata
1043 437 1286 499 dicitur.
1386 439 1512 500 Sed
1556 440 1639 501 ad
1681 441 1959 504 Hecaten

167 548 445 604 animum
488 550 741 603 revocat
782 539 979 600 Alcon
1024 536 1281 600 Cabirus
1324 539 1617 601 Lemnius
1661 561 1761 622 ap.
1787 541 1958 604 Non-

166 660 316 706 num
359 643 429 704 L.
472 640 676 703 XXX.
718 639 820 701 45.
856 637 1106 719 Ἑκάτης
1147 639 1473 713 θιασώὸεα
1515 641 1761 725 πυρσὸν
1791 644 1954 712 ἑλίσ-

165 763 330 814 σων,
388 760 573 821 quam
618 741 798 802 deam
841 739 1011 802 idem
1055 750 1247 822 poeta
1291 741 1751 810 Samothraciee
1793 745 1957 828 inse-

160 841 245 900 rit
295 840 367 902 L.
426 841 529 901 IV.
587 839 732 905 255.
799 839 907 906 ubi
958 839 1369 903 Harmoniam
1424 840 1662 903 inducit
1715 846 1957 924 patriae

161 941 302 1002 vale
357 939 662 1003 dicentem
705 942 801 1005 his
846 939 1083 1004 verbis:
1139 942 1344 1006 οὐκέτι
1386 939 1624 1004 λεύσσω
1666 943 1955 1029 μητρῴης

153 1040 419 1121 ΙῖΕκοίτης
469 1042 693 1123 νυχίην
750 1038 1077 1104 θιασώὸεα
1129 1039 1391 1119 πεύκην·
1439 1049 1502 1099 et
1542 1040 1661 1100 hoc
1702 1047 1953 1119 gravior

158 1141 515 1221 Lycophro‚
561 1140 731 1221 apud
774 1159 967 1220 quem⁴
999 1156 1061 1200 v.
1106 1140 1210 1199 77.
1255 1137 1588 1199 Dardanus
1629 1141 1952 1218 ingruente

158 1242 532 1318 cataclysmo
594 1238 850 1320 ἐνήξατο
906 1235 1254 1320 Ζήρυνθον
1310 1241 1548 1322 ἄντρον
1601 1245 1709 1318 τῆς
1762 1265 1952 1306 κυνο-

157 1349 442 1427 σφαγοῦς
495 1345 655 1412 θεᾶς
710 1337 925 1405 λιπών.
1021 1338 1198 1398 Haec
1252 1340 1375 1400 nisi
1442 1340 1653 1401 omnia
1720 1328 1952 1410 t‘emere

157 1453 220 1499 et
263 1443 593 1501 oscitanter
637 1441 894 1501 conficta
937 1448 1112 1512 sunt,
1157 1447 1503 1500 statuamus
1546 1459 1794 1507 necesse
1838 1453 1951 1517 est,
2014 1502 2016 1505 ,

157 1541 586 1602 Samothraces
639 1541 1057 1620 Lemniosque
1101 1538 1283 1599 deam
1329 1538 1644 1620 quandam
1689 1543 1952 1604 coluisse

156 1640 436 1701 Hecatae
491 1653 677 1722 atque
730 1642 974 1703 Dianae
1028 1642 1132 1723 (ea
1186 1659 1451 1720 namque
1494 1640 1724 1702 Bendis
1767 1651 1952 1723 puta-

50 1769 73 1789 ι
156 1745 283 1820 tur)
336 1743 605 1804 similem
660 1761 860 1821 neque
915 1741 1229 1806 diversam
1286 1758 1325 1799 a
1377 1740 1776 1819 Proserpina,
1848 1762 1952 1803 cu-

146 1843 250 1919 jus
307 1859 444 1902 cum
488 1842 796 1903 Mercurio
839 1842 1076 1903 furtiva
1118 1841 1484 1900 commercia
1526 1841 1593 1898 in
1636 1844 1950 1918 mysteriis

156 1938 420 2002 Cabiriis
477 1952 765 2003 enarrata
818 1960 953 2005 esse
1011 1960 1087 2003 ex
1143 1938 1454 2001 Herodoti
1510 1939 1719 2008 verbis
1765 1943 1946 2003 colle-

150 2043 366 2119 gimus.

952 2269 1006 2350 ξ.
1094 2268 1149 2328 5.

321 2441 631 2503 Herodoti
687 2441 1070 2522 temporibus
1127 2438 1486 2517 subjunctus
1548 2448 1643 2500 est
1685 2441 1946 2503 Stesim-

151 2539 365 2602 brotus
425 2543 718 2616 Thasius,
775 2544 879 2623 qui
923 2541 1002 2601 de
1048 2537 1289 2600 Cabiris
1332 2541 1540 2621 aliqua
1581 2542 1863 2622 prodidit
1907 2563 1946 2604 a

153 2641 472 2703 Strabone
516 2661 656 2703 cum
711 2642 973 2702 obscura
1027 2640 1331 2701 brevitate
1383 2650 1649 2718 regesta:
1693 2643 1823 2703 Ἔτι
1876 2641 1947 2704 δὲ

153 2743 403 2828 Κρόνου
459 2744 623 2815 τινὲς
671 2743 818 2814 τοὺς
874 2740 1322 2827 Κορύβαντας,
1380 2744 1440 2805 οἱ
1497 2740 1568 2804 δὲ
1624 2748 1737 2803 τοῦ
1794 2741 1945 2811 Διὸς

156 2845 261 2906 καὶ
315 2844 665 2926 Καλλιόπης
732 2844 891 2927 φασὶ
943 2845 1091 2915 τοὺς
1152 2841 1380 2911 αὐτοὺς
1435 2847 1565 2911 τοῖς
1609 2840 1944 2925 Καβείροις

159 2944 343 3014 ὄντας
351 2991 373 3018 ,
434 2948 732 3011 ἀπελθεῖν
773 2943 844 3008 δὲ
885 2934 1146 3014 τούτους
1189 2948 1272 3013 εἷς
1317 2930 1784 3024 Σαμοθρᾴκην,
1828 2943 1941 3012 τὰς

156 3042 227 3106 δὲ
281 3043 525 3127 πράξεις
582 3047 795 3111 αὐτῶν
815 3052 817 3055 ⁴
837 3045 1141 3128 μυστικὰς
1185 3045 1360 3107 εἶναι.
1456 3048 1670 3105 Ταῦτα
1714 3043 1780 3104 (5³
1828 3045 1942 3106 οὐκ

161 3142 612 3229 ἀποδεξάμενος
669 3148 701 3211 ὃ
760 3144 1043 3231 Σκήψιος
1098 3147 1129 3209 ὅ
1188 3144 1334 3214 τοὺς
1387 3141 1640 3226 μύθους
1681 3140 1943 3213 τούτους

160 3245 569 3331 συναγαγών,
630 3249 714 3319 ὥς
765 3248 1033 3330 μηδενὸς
1077 3250 1142 3310 ἑν
1188 3242 1590 3327 Σαμοθρᾴκῃ
1633 3251 1939 3325 μυστικοῦ

160 3342 346 3429 λόγου
425 3347 562 3429 περὶ
642 3349 972 3433 Καβείρων
1056 3347 1423 3433 λεγομένου,
1513 3344 1940 3427 παρατίθησιν

1432 3445 1519 3505 28
1562 3448 1597 3489 *
