2184 3840
189 202 315 261 822
719 211 961 257 LIBER
1002 211 1435 259 sncUNnUs.

190 342 479 406 convenit
521 340 633 404 sed
667 341 892 421 aliquis
927 339 1177 402 Baubus
1213 341 1500 402 alumnus
1524 341 1636 405 vvel
1670 342 1842 401 alius:
1869 348 1950 402 au

188 441 535 503 tochthonis
579 442 882 502 Eleusinii
925 441 1184 503 vernula
1237 459 1466 520 procax
1482 437 1576 524 [Ἦ.
1663 442 1765 503 Ad
1818 443 1980 502 hunc

186 545 374 622 igi-tur
416 541 837 603 amoliendum
879 548 1013 602 tum
1053 541 1200 600 illae
1235 545 1603 622 propositae
1646 553 1790 602 sunt
1839 561 1980 601 con-

181 644 479 721 jecturae,
533 652 668 702 tum
712 658 825 700 nos
867 640 993 719 ipsi
1035 640 1236 700 multa
1278 645 1980 722 tentavimu'8,quorum

188 743 344 803 nihil
399 743 707 803 successit.
803 739 1056 800 Baubus
1114 740 1375 803 obscura
1416 745 1718 803 memoria
1764 742 1983 804 obver-

191 850 382 901 satur
416 844 485 901 in
539 838 770 900 Suidae
822 839 960 900 loco
1016 858 1064 900 s·
1121 838 1346 923 Δημώ·
1392 844 1662 913 ἐξένισεν
1697 844 1753 922 ἡι
1779 843 1982 924 Βαβώ

189 942 304 1020 τὴν
347 938 579 1022 Δημώ,
623 938 791 1021 quod
834 939 913 1000 de
956 941 1230 1021 hospitio
1274 941 1384 1002 illo
1429 941 1666 1003 dictum
1708 942 1985 1014 videtum

188 1059 302 1099 nec
358 1038 576 1101 dubito
631 1043 780 1122 quin
822 1041 1026 1102 Demo
1082 1041 1300 1103 eadem
1344 1044 1456 1117 sit,
1513 1061 1673 1124 quae
1711 1041 1795 1102 ab
1837 1043 1986 1122 Epi-

190 1139 425 1201 dauriis
483 1141 692 1208 dorice
746 1143 960 1225 Δαμία
1017 1141 1185 1202 dicta
1242 1152 1305 1202 et
1361 1162 1499 1203 cum
1543 1143 1672 1204 filia
1715 1142 1990 1210 Auxesia

192 1251 545 1302 consecrata
572 1251 686 1316 est,
730 1244 773 1302 i.
805 1262 857 1304 e.
902 1241 1221 1327 Δημήτηρ,
1266 1241 1486 1303 eadem
1524 1241 1758 1324 Ἀμμάς
1791 1245 1989 1302 nomi-

188 1349 338 1401 nata
410 1354 473 1402 et
542 1344 810 1426 Ἀμμαία
834 1343 911 1425 [ἕ]
979 1362 1020 1404 a
1083 1355 1366 1404 materna
1427 1362 1601 1416 cura,
1667 1359 1792 1422 qua
1855 1352 1989 1413 tum

191 1461 405 1502 omnes
448 1443 742 1505 mortales
787 1444 1214 1524 amplectitur,
1257 1455 1391 1504 tum
1436 1443 1733 1504 Liberum
1776 1442 1990 1504 Liber-

190 1562 412 1623 amque
466 1546 732 1606 nutrivit
788 1545 1118 1623 ipsumque
1170 1544 1693 1624 Demophontem·
1737 1541 1993 1621 dignata

191 1654 302 1704 est.
388 1643 729 1705 Notissima
789 1652 884 1704 est
939 1641 1172 1705 Ceres
1228 1643 1992 1706 mammosaaaahzzlac-

174 1744 332 1803 vcho
376 1743 555 1804 Lucr.
597 1743 701 1804 IV.
751 1742 933 1818 1161.
979 1753 1043 1803 et
1085 1762 1246 1823 quae
1287 1745 1432 1804 huic
1473 1745 1612 1804 loco
1657 1746 1992 1825 apponitur

195 1842 426 1904 Suidae
484 1844 710 1905 Glossa
754 1847 991 1925 Ἴακχος
1048 1842 1356 1916 Διόνυσος
1401 1846 1499 1907 ἐπὶ
1539 1853 1631 1927 τῷ
1673 1853 1896 1927 μαστῷ
1916 1839 1990 1925 [¹⁸]

195 2002 422 2058 ipsumque
452 1999 650 2043 Semelae
678 2000 814 2044 filium
845 2014 940 2044 cum
968 2000 1128 2044 Iaccho
1158 2000 1383 2045 Eleusinio
1422 2001 1469 2043 in
1498 2015 1625 2044 unum
1656 1972 1880 2043 confundit
1910 1965 1995 2041 so-

190 2059 369 2116 phocles
422 2058 539 2104 Ant.
573 2059 699 2103 1120.
762 2074 872 2116 quos
911 2060 1224 2117 Aristophanes
1263 2061 1310 2103 in
1349 2060 1486 2103 Ranis
1531 2060 1759 2116 distinguit
1803 2058 1993 2127 apertis-

196 2118 327 2170 sime3
358 2132 498 2176 neque
528 2132 717 2174 unquam
746 2120 934 2165 futurum
965 2119 1169 2173 arbitror,
1199 2123 1250 2161 ut
1278 2119 1465 2175 Dionysi
1493 2119 1681 2176 Phrygii
1709 2123 1754 2161 et
1790 2116 1996 2161 Thebani

197 2149 453 2219 discrimina
487 2182 694 2219 accurate
736 2182 1080 2233 cognoscantur3
1125 2177 1236 2221 adeo
1265 2191 1409 2235 pauca
1437 2182 1537 2220 sunt
1565 2177 1840 2230 testimonia,
1886 2176 1994 2219 adeo

195 2237 388 2278 incertus
429 2248 577 2277 eorum
606 2249 737 2288 usus,
779 2237 882 2292 quia
924 2250 1008 2278 non
1039 2241 1212 2279 constat
1241 2235 1347 2293 quid
1375 2243 1532 2292 poetae
1562 2236 1860 2288 turbaverint,
1893 2234 1998 2291 quid

140 2331 143 2333 μ
197 2292 395 2336 historici
426 2292 592 2351 opinati
622 2293 730 2346 sint,
761 2294 866 2351 quid
896 2308 923 2336 a
953 2294 1134 2350 singulis
1163 2295 1351 2337 testibus
1383 2294 1576 2351 cogitate
1605 2294 1689 2337 scri
1724 2299 1813 2338 tum
1842 2294 1913 2336 vel
1943 2307 1998 2335 ex

194 2358 389 2409 tempore
430 2351 649 2394 effutitum
691 2326 762 2393 sit.
837 2352 965 2403 Quae
1007 2367 1079 2394 res
1120 2368 1188 2396 me
1225 2353 1408 2395 retinuit
1441 2368 1498 2396 ne
1527 2354 1573 2396 in
1602 2367 1655 2396 ea
1715 2353 1995 2410 sputatione,

197 2424 310 2468 quae
339 2410 395 2452 de
426 2410 600 2465 Zagreo
630 2408 832 2456 instituta
862 2415 952 2462 est,
986 2408 1134 2452 Iacchi
1164 2411 1419 2454 mentionem
1448 2412 1676 2464 inferrem,
1708 2425 1836 2467 quum
1867 2424 1997 2468 prae—

195 2469 347 2512 sertim
374 2467 471 2511 fieri
501 2466 665 2524 possit,
708 2473 759 2510 ut
800 2466 1043 2510 cantilenae
1072 2467 1325 2511 Eleusiniae
1355 2482 1507 2512 nomen
1538 2474 1679 2513 ortum
1710 2469 1881 2512 dederit
1910 2470 1992 2511 deo

195 2525 355 2571 Iaccho
387 2526 537 2569 eadem
563 2525 736 2569 ratione
767 2539 854 2582 qua
882 2526 1186 2581 Hymenaeus,
1221 2526 1430 2580 labemus,
1462 2528 1647 2581 erotus,
1679 2527 1815 2571 Linus
1846 2533 1891 2571 et
1921 2527 1996 2571 alii

199 2586 292 2629 nati
335 2590 446 2628 sunt.
514 2580 611 2628 L'on
646 2598 673 2627 a
714 2583 942 2628 Sancrucii
982 2584 1048 2627 dis
1080 2585 1220 2629 utatio
1252 2585 1306 2628 de
1336 2585 1475 2643 Myst.
1505 2587 1542 2631 Ι.
1577 2587 1674 2630 198.
1706 2601 1769 2644 sq.
1799 2601 1853 2631 ne
1883 2588 1997 2630 scin-

197 2645 337 2690 tillam
368 2643 541 2701 quidem
571 2657 597 2686 a
648 2653 797 2690 verum
826 2642 1038 2700 dispicien
1071 2658 1140 2688 um
1169 2644 1387 2702 relinquit.

323 2729 388 2789 [f]
420 2731 488 2776 De
518 2732 600 2777 hoc
631 2726 801 2788 aliquid
827 2729 1041 2790 suspicari
1070 2732 1175 2777 licet
1204 2747 1259 2776 ex
1280 2732 1444 2776 Suidae
1474 2733 1622 2776 verbis
1641 2728 1819 2790 Ἴακχος
1838 2759 1897 2770 —-
1920 2733 1998 2776 καὶ

197 2789 318 2850 ἥρως
345 2807 426 2840 τις.

318 2879 384 2933 [g]
414 2878 687 2949 Hesychius.
726 2873 898 2979 Ἀμμᾶς
936 2875 964 2932 ἡ
1006 2875 1179 2938 τροφὸς
1216 2877 1478 2952 Ἀρτέμιδος
1519 2880 1596 2922 καὶ
1625 2877 1653 2934 ἡ
1682 2876 1801 2938 μήτη
1861 2879 1938 2920 καὶ
1967 2875 1996 2932 ἡ

195 2934 294 2982 Ῥέα
349 2937 427 2979 καὶ
467 2934 495 2991 ἠ
537 2933 770 2996 Δημήτηρ
814 2935 1061 2992 cf.Etym
1106 2937 1170 2979 M.
1213 2951 1248 2981 s.
1282 2936 1436 3013 Ἀμμὰ
1479 2943 1525 2981 et
1558 2937 1727 2991 Ἀναίη.
1769 2937 1995 2980 Putarch.

199 2995 331 3037 Prov.
375 2995 500 3037 Alex.
532 2954 643 3037 XL.
659 2995 785 3038 1260.
834 2994 1067 3051 Zenobiae,
1101 2994 1285 3038 Suidas.
1317 3013 1344 3052 η
1376 2999 1537 3056 Αμαία
1565 2994 1649 3051 τὴν
1672 2995 1878 3050 Ἀζησίαν
1905 3009 1995 3054 με-

198 3055 335 3108 τῆλθε
365 3054 408 3096 ιι.
439 3068 477 3095 e.
518 3051 546 3108 ἡ
578 3051 794 3114 Δημήτηρ
823 3052 905 3109 τὴν
907 3028 1101 3156 Jffgma
1143 3068 1281 3125 neque
1320 3070 1404 3112 ego
1446 3061 1524 3099 aut
1554 3055 1815 3114 Spanhemio
1847 3068 1994 3097 assen-

202 3112 289 3155 tior
319 3125 468 3155 nomen
499 3112 582 3155 hoc
611 3127 640 3155 a
666 3114 801 3156 verbo
833 3111 895 3172 ἀμ
901 3127 958 3170 qm
1024 3112 1210 3157 erivanti
1240 3114 1296 3157 ad
1328 3114 1498 3157 Gallim.
1527 3115 1586 3158 H.
1614 3115 1660 3157 in
1690 3112 1918 3155 Cer.137.

200 3167 301 3212 747.
342 3175 418 3213 aut
459 3171 671 3214 Muellero
711 3129 895 3231 Δαμίαμ
901 3129 991 3227 τὴν
1031 3170 1266 3227 Αὐξησίαν
1306 3172 1544 3229 corrigenti
1584 3172 1787 3229 Aeginet.
1818 3186 1862 3229 p.
1897 3170 1994 3212 171.

198 3227 373 3283 Ἀζησία
403 3229 539 3286 ipsius
570 3229 744 3274 Cereris
773 3245 924 3275 nomen
953 3235 1023 3274 est
1048 3230 1094 3274 in
1123 3230 1286 3276 Anecd.
1319 3231 1457 3275 Bekk.
1486 3230 1587 3275 348.

324 3313 386 3373 [h]
419 3316 522 3360 Inus
563 3319 748 3366 fortasse
789 3324 866 3362 aut
902 3320 1014 3365 alius
1053 3319 1320 3372 nutriculae,
1381 3319 1463 3363 nisi
1503 3319 1576 3362 ille
1607 3317 1781 3374 scripsit
1809 3317 1886 3361 ἐπὶ
1915 3316 1996 3359 τοῦ

204 3377 425 3431 μυστικοῦ
455 3375 545 3419 scil.
579 3373 808 3423 Διονύσου
838 3375 887 3422 τὸ
920 3374 1068 3438 ὄνομα
1099 3378 1289 3436 λέγεται.
