2150 3814
165 212 330 276 1046
683 226 922 270 Lmen
967 226 1399 273 SECUNDUS.

157 375 270 419 suo
313 355 622 442 insidiata.
669 355 1088 434 Euphorionis
1132 375 1378 424 versum
1414 356 1761 423 Meinekius
1796 377 1944 424 eum

158 458 280 520 alio
324 458 697 535 Fragmento
745 456 1084 534 conjungit:

582 615 584 617 .
822 568 1174 638 ’βλαψίφρονα
1211 565 1462 638 φάρμακα
1494 573 1611 637 χεῦε,
1648 620 1650 622 ,
1739 591 1741 593 ·

295 652 405 706 ὅσσ’
427 652 570 723 Δἐδάη
605 650 956 720 Πολύδαμνα,
997 651 1232 723 Κυταϊὰς
1262 652 1296 722 ἢ
1334 652 1436 707 ὅσα
1469 651 1655 724 Μῆὃη.

154 752 192 813 J
197 745 580 834 unonemque
623 761 806 833 putat
848 754 1177 831 significari
1221 771 1487 829 venena,
1531 756 1751 836 quibus
1790 756 1947 825 -Bac-

157 853 253 912 chi
295 855 573 914 animum
620 863 1070 933 corrumperet,
1128 864 1469 934 parantem.
1530 856 1803 925 .Neche
1838 856 1952 925 ,Ju-

155 971 317 1030 none
373 963 468 1014 est
524 952 689 1033 quod
744 973 1109 1035 repugnem,
1164 953 1276 1016 sed
1318 965 1472 1034 puto
1502 955 1696 1023 ‚illum
1738 959 1952 1037 potius

157 1051 368 1114 dolum
413 1055 772 1132 significari,
817 1073 938 1134 quo
983 1053 1210 1115 Bacchi
1255 1055 1540 1121 custodes
1582 1058 1953 1138 consopivit,

155 1162 225 1213 ut
265 1154 521 1216 Nonnus
564 1165 775 1222 narrat
817 1153 983 1213 XIV.
1015 1154 1174 1214 171.
1872 1172 1876 1176 ’

295 1310 362 1320 ·--
390 1278 532 1352 ’Ὴρη
563 1313 628 1321 --
657 1282 892 1352 Βρομίου
928 1278 1243 1352 φυλάκεσσιν
1276 1280 1509 1349 ἐχώσατο
1529 1272 1862 1350 -Ᾰδεξαμένη
1899 1280 1957 1333 δὲ

301 1366 622 1429 Θεσσαλίδος
658 1364 904 1419 δολόεντα
939 1365 1058 1436 παρ’
1098 1364 1312 1433 εὗχλόου
1349 1365 1518 1420 ἄνθεα
1554 1369 1704 1443 γαίης
1767 1375 1769 1377 ’

295 1448 459 1502 ’ὕπνον
491 1449 818 1519 θελγομένων
854 1449 1102 1520 φυλάκων
1139 1451 1337 1518 ἐπέχευε
1374 1448 1580 1523 καρήνῳ

294 1531 533 1603 μάγγανα
569 1530 939 1604 φαρμακόεντα
974 1533 1411 1589 κατασταλάουσα
1448 1533 1673 1615 κομάων.
1748 1594 1750 1597 ,

156 1647 548 1728 Euphorioni
613 1651 1011 1709 consentiunt
1084 1640 1402 1717 Clidemus
1459 1643 1855 1733 ap.„'Su‚idan
1911 1671 1958 1712 s.

155 1748 330 1828 ‘'qug·
385 1750 682 1828 Ιἐπίθετον
726 1748 1041 1814 Διονύσου
1051 1740 1093 1825 ,⁸
1134 1753 1338 1833 ἐπειδὴ
1388 1756 1794 1833 ἐπιτελοῦμεν
1846 1753 1960 1823 τὰς

155 1848 411 1922 θυσίας,
456 1851 603 1912 καθ’
651 1852 727 1914 ὃν
772 1853 804 1913 ὃ
850 1853 1002 1922 θεὸς
1044 1853 1139 1916 ὕει
1175 1852 1433 1936 χρόνον.
1481 1853 1842 1913 Plutarchus
1878 1851 1957 1912 de

156 1947 234 2007 Is.
282 1969 328 2007 c.
358 1948 475 2022 34.
519 1949 800 2030 Ἕλληνες
856 1952 973 2015 τὸν
1025 1952 1168 2015 υἱὸν
1225 1953 1345 2015 ἀπὸ·
1404 1961 1518 2015 τοῦ
1578 1953 1811 2023 ὓδατος
1853 1954 1960 2016 καὶ
2029 1998 2034 2006 -

156 2056 270 2111 τοῦ
315 2044 498 2123 ὗσαι,
558 2051 665 2112 καὶ
717 2052 833 2114 τὸν
891 2049 1210 2122 Διόνυσον
1238 2053 1415 2132 ,Ὕην
1461 2053 1545 2122 ὥς
1588 2051 1808 2136 κύριον
1850 2061 1959 2135 τῆς

154 2147 355 2231 ὑγρᾶς
423 2146 698 2230 φύσεως·
769 2149 936 2229 quod
998 2159 1059 2208 et
1125 2149 1384 2210 Nonnus
1453 2150 1534 2210 ad
1601 2152 1960 2229 Dionysum

157 2245 520 2307 Thebanum
560 2250 875 2317 transfert
929 2251 999 2310 L.
1056 2249 1256 2321 XXII.
1303 2250 1447 2311 276.
1508 2249 1604 2315 υἱὲ
1647 2252 1798 2323 Διὸς
1842 2251 1931 2328 ζεί
1952 2293 1964 2303 .

156 2346 318 2430 ὃωρε
354 2386 438 2392 ——
483 2350 589 2423 καὶ
631 2350 754 2436 γὰρ
802 2350 1095 2422 ἀνάσσεις
1139 2353 1390 2434 ὄμβρου
1434 2351 1844 2436 καρποτόκοιο
1865 2352 1962 2433 [g]‚

158 2465 422 2526 eumque
463 2463 530 2507 'a
600 2451 940 2510 nutricibus
1000 2453 1127 2511 suis
1184 2450 1518 2527 Hyadibus
1574 2453 1692 2512 hoc
1740 2469 1963 2530 cogno-

158 2564 305 2605 men
359 2549 667 2628 accepisse
723 2570 758 2608 e
815 2550 1044 2610 Lexico
1114 2551 1421 2620 rhetorico
1489 2551 1683 2611 tradit
1737 2552 1960 2613 Eusta-

159 2647 324 2705 thius
371 2646 451 2706 ad
496 2649 681 2708 Dion.
723 2647 905 2709 1151.
951 2651 1206 2710 Photius
1252 2661 1460 2711 autem
1505 2661 1567 2711 et
1608 2639 1961 2730 Hesychius

158 2747 304 2826 Ὕης
372 2749 705 2831 Σαβαζίου
777 2750 1090 2831 ἐπίκλησιν
1160 2771 1293 2812 esse
1355 2754 1733 2814 confirmant.
1835 2751 1961 2818 Sed

162 2846 460 2908 Sabazius
528 2851 664 2929 ipse
735 2854 871 2930 quis
944 2852 1166 2925 fuerit,
1225 2872 1447 2934 parum
1507 2856 1812 2919 convenit.
1898 2853 1959 2913 Is

159 2949 266 3027 qui
324 2947 401 3007 de
456 2950 570 3008 hac
612 2949 949 3029 ‘diligenter
1003 2954 1400 3032 inquisivisse
1457 2953 1681 3014 dieitur
1739 2952 1960 3031 (Nym-

159 3046 326 3126 phis)
384 3040 785 3124 Heracleota‚
843 3052 1133 3112 Liberum
1193 3055 1310 3114 hoc
1364 3055 1615 3113 nomine
1662 3053 1959 3112 declarari

279 3201 356 3257 [g]
406 3219 449 3246 v.
484 3206 609 3250 Voss.
642 3206 756 3264 Epp.
791 3209 934 3264 Myth.
980 3209 1036 3250 T.
1077 3210 1134 3251 ΙΙ.
1174 3226 1216 3266 p.
1259 3210 1302 3253 3.
1343 3225 1408 3265 sq.
1470 3209 1578 3252 Cum
1620 3210 1686 3251 his
1729 3183 1959 3264 conjuncta

161 3259 359 3302 videntur
389 3263 558 3305 nomina
589 3261 675 3319 ‘'an
705 3271 751 3308 et
781 3267 976 3309 Semelen
1008 3274 1051 3310 et
1080 3268 1212 3311 vitem
1255 3269 1503 3324 significans
1551 3268 1695 3323 (Suid.
1739 3267 1954 3323 Hesych.)

159 3315 397 3377 ‘Yaeyt'dssc
439 3322 488 3363 αἱ
515 3319 679 3380 βάκχαι
722 3328 770 3367 αἱ
804 3325 1026 3384 Ἀργεῖαι,
1066 3326 1333 3384 Hyadesque
1373 3327 1534 3369 Bacchi
1576 3327 1765 3369 nutrices
1804 3324 1954 3368 Cadmi

162 3376 277 3419 filiae
308 3378 454 3421 Schol.
487 3380 606 3424 Arat.
644 3383 737 3428 172,
