2150 3814
841 190 1291 236 oar-uxos
1827 181 1953 243 909

190 343 447 407 quorum
491 326 557 383 in
611 318 871 397 vestigia
910 321 1291 395 incurrerunt
1332 319 1431 392 hi,
1467 321 1594 399 ‚qui
1624 331 1713 379 vvut
1758 340 1796 380 a
1848 341 1954 382 no·

189 437 317 485 stra
358 431 558 483 aetate
599 408 1040 502 propioressiffa
1082 417 1161 478 ad
1205 417 1544 478 docendum
1589 422 1956 499 promtiores

187 534 345 595 sunt,
387 522 662 600 Agrippa
704 538 741 599 a
773 517 1512 592 Netteslieim3›''Rohert11s
1549 538 1586 578 a
1619 519 1956 594 Fluctibus,

187 623 502 700 omnisque
560 619 1091 678 Paracelsistarum
1135 618 1329 678 turba.
1417 618 1542 677 Sed
1582 628 1792 678 nostra
1836 619 1957 679 dis-

182 723 426 804 putatio
487 722 882 800 potissimum
942 719 1022 779 ad
1066 719 1378 799 Orpheum
1422 718 1752 798 spectabit,
1798 719 1958 795 ejus·

183 841 299 902 que
342 821 662 897 magistros
705 821 1075 899 Aegyptios,
1118 821 1172 878 si
1214 821 1415 878 famae
1445 817 1703 877 eredere
1743 818 1955 892 libeat,

184 931 246 979 et
310 921 651 979 imitatores
714 919 1144 996 Pythagoreos.
1249 920 1496 994 Ignotus
1554 928 1764 976 auctor
1818 915 1959 981 Col-

182 1019 317 1079 lect.
376 1018 584 1079 Chem.
637 1021 704 1077 in
757 1017 939 1077 Fabr.
996 1016 1066 1075 T.
1123 1015 1260 1075 XII.
1320 1037 1381 1095 p.
1425 1016 1569 1075 762.
1612 1017 1649 1094 ἡ
1692 1017 1957 1096 μυστικὴ

183 1120 221 1199 ἡ
275 1127 404 1182 τῶν
445 1117 811 1202 Αἰγυπτίων
863 1115 969 1177 καὶ
1014 1115 1581 1201 Ἱερογραμματέων
1631 1113 1955 1200 Αἰγύπτου

182 1218 329 1280 θεία
383 1218 488 1280 καὶ
543 1216 780 1295 ἀληθὴς
830 1215 869 1293 ἢ
924 1222 1054 1277 τῶν
1098 1215 1350 1298 φύσεων
1395 1217 1716 1302 συγγένεια
1757 1217 1960 1297 τέρπει

181 1318 292 1387 τὰς
363 1315 698 1397 ὅμοουσίας
755 1313 998 1397 φύσεις·
1066 1323 1251 1379 τοῦτο
1311 1319 1438 1380 ἔστι
1492 1316 1569 1378 τὸ
1615 1317 1958 1399 Ὀρφαϊκὸν

183 1413 519 1498 ὃμοούσιον
560 1415 665 1478 καὶ
705 1415 744 1493 ἡ
780 1415 1069 1496 Ἐρμαϊκὴ
1112 1414 1289 1498 λύρα,
1336 1419 1402 1478 ἐν
1427 1411 1529 1495 ᾗὴ
1564 1424 1652 1479 τα*
1657 1441 1696 1480 ν
1726 1419 1958 1480 οὐσιῶν

180 1514 441 1595 ποθεινή
496 1541 560 1577 τε
616 1515 722 1577 καὶ
768 1513 1132 1594 ἐναρμόνιος
1188 1518 1567 1578 ἀποτελεῖται
1620 1515 1957 1598 συμπλοκή.

183 1615 260 1674 de
317 1634 436 1694 qua
489 1616 637 1674 artis
695 1612 943 1674 divinae
995 1618 1270 1693 magistri
1312 1617 1617 1675 infinitum
1662 1626 1960 1695 quantum

179 1716 549 1795 praedicant.
650 1713 944 1790 Synesius
1025 1714 1102 1772 de
1169 1717 1436 1774 Insomn.
1506 1735 1565 1794 p.
1639 1716 1774 1774 132.
1843 1725 1958 1801 τοῦ

183 1815 416 1884 παντὸς
455 1811 681 1875 τούτου
727 1818 1104 1894 συμπαθοῦς
1149 1817 1328 1884 ὄντος
1370 1815 1477 1877 καὶ
1520 1813 1806 1897 σύμπνου
1856 1816 1963 1878 καὶ

181 1915 260 1977 τὰ
301 1915 455 1996 μέρη
500 1911 820 1995 προςήκειν
861 1911 1139 1992 ἀλλήλοις
1181 1951 1266 1959 -——-
1308 1915 1414 1977 καὶ
1443 1917 1658 1998 Δσοφὸς
1701 1917 1734 1978 ὃ
1780 1916 1960 1986 εἰδοὺς

184 2015 300 2094 τὴν
352 2022 483 2077 τῶν
537 2021 747 2094 μερῶν
801 2021 913 2076 τοῦ
970 2012 1207 2094 κόσμου
1266 2017 1627 2100 συγγένειαν
1646 2017 1745 2096 [³²²]
1795 2015 1961 2095 quod

179 2115 580 2194 Memphitica
622 2130 860 2191 quoque
901 2115 1217 2193 inscriptio
1263 2112 1546 2187 affirmat,
1591 2135 1772 2194 quam
1819 2116 1962 2175 Kir-

182 2215 395 2274 cherus
448 2214 514 2272 iu
558 2211 873 2272 Prodrom.
919 2210 1095 2292 Copt.
1139 2232 1198 2292 p.
1249 2213 1385 2271 173.
1430 2221 1493 2271 et
1536 2213 1681 2274 275.
1725 2217 1960 2294 capitu-

181 2314 259 2374 lis
313 2313 591 2390 mysticis
645 2313 1012 2389 gratificatus
1067 2323 1187 2372 est:
1229 2315 1512 2396 Οὐρανὸς
1555 2316 1723 2388 ἄνω,
1769 2316 1960 2396 οὐρα-

183 2405 304 2484 νός’
333 2411 537 2486 κάτω,
596 2413 798 2496 ἄστρα
841 2415 1008 2486 ἄνω,
1066 2415 1266 2496 ἄστρα
1308 2412 1478 2476 κάτω
1487 2458 1526 2487 ,·
1569 2421 1699 2479 πᾶν
1732 2415 1776 2477 ’ὃ
1822 2416 1958 2478 ἄνω

181 2607 446 2661 adnumerat,
477 2622 558 2651 neo
586 2623 728 2666 pauca
758 2608 812 2651 de
841 2612 1120 2665 utrorumque
1150 2623 1357 2654 consensu
1388 2610 1588 2654 dicuntur
1616 2614 1706 2655 tum
1735 2625 1762 2653 a
1782 2610 1956 2666 Reueh-

181 2666 268 2711 lino
300 2666 437 2709 Cabb.
468 2666 520 2709 L.
551 2667 630 2709 111.
660 2665 760 2710 718.
790 2682 855 2724 sq.
895 2673 983 2710 tum
1013 2667 1058 2709 in
1089 2667 1348 2711 Cabbala
1379 2669 1672 2713 denudata.
1719 2670 1775 2712 T.
1812 2671 1871 2712 ΙΙ.
1911 2684 1954 2728 p.

182 2725 254 2768 67.
283 2724 383 2767 204.
413 2730 460 2767 et
484 2724 586 2768 281.
629 2731 674 2768 et
703 2724 930 2768 exhibetur
969 2727 1032 2769 ibi
1069 2741 1111 2782 p.
1152 2726 1253 2769 225.
1293 2728 1550 2771 visionis
1590 2728 1956 2771 Ezecheliti-

180 2798 277 2827 cae
315 2783 603 2853 espositio
643 2785 1030 2854 exprincipi-is
1080 2785 1485 2854 philosophiae
1525 2786 1955 2855 Pythagorioae

180 2842 847 2956 {22:.⁰¹§;¹d¹23;„5„3‚‡;⁰35
860 2843 1679 2958 Ἑὲἓὲᾶεὲοέθὲἓεῗζοᾱῖξηέἱι’13ξέἐέ
1711 2858 1954 2947 313⁰AE

185 2958 563 3011 Gemhichte,
606 2959 826 3003 Lehren
854 2975 895 3003 u.
929 2960 1265 3016 Meinungen
1295 2961 1336 3003 d.
1366 2961 1546 3004 Juden
1579 2961 1705 3005 1823.
1740 2966 1785 3004 et
1813 2962 1951 3018 scrip·

184 3016 291 3059 toris
321 3018 519 3072 anonymi
546 3017 657 3060 libro
688 3019 868 3075 mystico
910 3019 1283 3076 Philosophie
1314 3019 1411 3062 der
1440 3019 1788 3063 Geschichte
1818 3020 1952 3062 oder

187 3075 324 3118 iiber
353 3074 444 3119 die
474 3075 787 3121 Tradition
819 3076 944 3120 1826.
975 3078 1205 3135 quidquam
1235 3078 1341 3120 disci
1370 3083 1527 3136 potest.

301 3161 398 3219 [⁸²]
443 3162 509 3206 Id.
538 3177 582 3221 p.
614 3162 710 3207 133.
740 3165 794 3209 A.
835 3161 884 3210 τὸ
925 3165 975 3214 ἐξ
1015 3164 1334 3223 ἀντικειμένων
1370 3165 1420 3210 ἓν
1458 3163 1656 3227 ἁρμονία
1696 3166 1773 3209 καὶ
1814 3162 1951 3223 λύρας

187 3219 263 3261 καὶ
290 3215 489 3289 κόσμου·
532 3222 646 3280 quod
685 3237 835 3267 nomen
873 3236 952 3281 pro
991 3223 1240 3266 Heracliteo
1280 3221 1410 3274 τόξου
1454 3225 1725 3269 substituisse
1763 3224 1950 3267 videtur.

188 3275 427 3334 Simplicius
455 3279 500 3323 in
529 3282 656 3324 Auso.
685 3282 734 3325 L.
763 3282 799 3325 1.
830 3298 871 3340 p.
904 3281 971 3324 11.
1002 3297 1042 3325 a.
1080 3279 1364 3339 ιΗράκλειτος
1392 3281 1441 3328 τὸ
1472 3281 1652 3342 ἀγαθὸν
1680 3284 1757 3327 καὶ
1781 3281 1831 3328 τὸ
1863 3297 1948 3325 κα-

189 3330 270 3377 κὸν
298 3337 361 3384 εἰς
387 3335 518 3382 ταύτὸ
548 3340 668 3396 λέγει
696 3345 896 3386 συνιέναι
927 3340 1057 3394 δίκην
1088 3338 1214 3391 τόξου
1244 3343 1320 3384 καὶ
1350 3337 1497 3401 λύρας.
1655 3361 1658 3364 ’
