2150 3814
201 175 362 238 1188
771 190 992 234 mssa
1049 188 1387 235 TERTIUS.

195 318 556 398 rybantibus
590 317 741 377 nihil
785 334 1106 377 commune
1130 316 1419 379 habuisse
1450 327 1696 399 praet-er
1727 313 1992 400 sapien-'

195 421 320 480 tiae
360 419 592 479 famam
613 461 631 492 ‚
691 416 1002 490 omnibus,
1047 433 1306 496 quorum
1349 435 1573 478 nomen
1618 432 1694 478 ex
1735 419 1968 480 ultimis

195 519 573 598 antiquitatis
627 512 895 575 tenebris
950 515 1306 591 refulgeret,
1390 515 1821 578 adhaerescere
1872 532 1972 579 so-

196 620 390 679 litam.
451 615 575 677 Sed
617 613 712 675 his
755 615 896 674 illos
940 616 1236 693 angustiis
1281 614 1483 676 educit
1526 616 1769 691 Strabo,
1811 617 1975 678 Rho-

196 718 366 790 dios‚
420 725 492 775 ut
543 712 821 804 videtur,
878 716 1206 795 scriptores
1260 727 1552 796 sequutus
1608 736 1670 798 p.
1727 719 1871 779 202.
1915 710 1975 781 οἱ

193 817 262 881 δὲ
299 815 607 897 Τελχίνων
651 818 718 878 ἐν
752 799 952 898 Ῥόδῳ
996 812 1173 879 ἐννέα
1218 816 1423 879 ὄντων
1463 815 1610 887 τοὺς
1644 817 1779 900 Ῥέᾳ
1822 831 1975 883 σὺν·

197 913 748 996 ακολουθήσαντας
806 920 891 985 εἷς
945 913 1197 998 Κρήτην
1249 914 1356 977 καὶ
1407 913 1522 978 τὸν
1575 914 1698 978 Δία
1751 930 1976 998 κουρο-

196 1013 632 1099 τροφήσαντας
686 1014 1011 1099 Κουρῆτας
1071 1016 1511 1096 ὀνομασθῆναι
1564 1020 1676 1076 cte.
1718 1031 1841 1096 qua
1880 1031 1978 1075 ra-

195 1116 362 1175 tione
406 1129 621 1173 omnes
661 1111 756 1173 illi
799 1112 1055 1173 deorum
1112 1111 1472 1174 educatores
1516 1123 1581 1173 et
1622 1117 1979 1176 comissato-

194 1227 292 1274 res
333 1215 399 1273 in
442 1220 628 1274 unam
675 1212 1117 1273 concluduntur
1165 1212 1465 1273 familiam
1508 1214 1728 1276 Rhodo
1773 1217 1978 1276 oriun-

195 1312 360 1374 dam.
430 1312 722 1372 Straboni
791 1313 1189 1390 subjungam,
1260 1322 1329 1371 ut
1398 1312 1675 1390 ejusdem
1733 1317 1977 1390 aetatis,

196 1410 493 1474 Ovidium
537 1421 600 1471 et
641 1409 964 1471 Nicolaum
1008 1411 1483 1471 Damascenum.
1566 1414 1692 1473 Ille.
1721 1417 1787 1474 in
1829 1415 1975 1475 Met.

195 1510 326 1572 vll.
371 1507 517 1571 365.
559 1521 863 1570 memorat

336 1633 700 1717 Phoebeamque
737 1649 943 1702 Rhodon
980 1654 1029 1701 et
1065 1652 1270 1717 Ialysios
1308 1651 1589 1715 Telchinas,

339 1748 538 1802 quorum
575 1740 741 1788 oculos
779 1740 884 1802 ipso
920 1739 1148 1787 vitiantes
1186 1741 1346 1788 omnia
1379 1741 1489 1788 visu

337 1823 524 1887 Jupiter
561 1840 735 1872 exosus
771 1825 996 1872 fraternis
1034 1825 1245 1873 subdidit
1279 1823 1437 1876 undis.

197 1963 305 2024 ubi
346 1981 582 2025 novum
619 1962 842 2023 accidit
876 1964 1038 2043 quod
1077 1964 1155 2023 de
1189 1983 1374 2026 causa
1405 1966 1694 2046 supplicii
1719 1967 1976 2029 Lactan-

197 2064 319 2123 tius
373 2073 583 2122 narrat
632 2065 699 2122 in
754 2061 1004 2140 Argum.
1058 2063 1209 2123 Fab.
1254 2063 1333 2123 X.
1390 2065 1816 2128 Telchinas
1859 2067 1898 2127 J
1910 2088 1977 2129 u-

107 2160 117 2163 ”
196 2163 408 2241 piter
474 2170 802 2242 propter
872 2161 1133 2222 odium
1204 2165 1562 2242 conjugis
1621 2182 1805 2226 suae
1860 2166 1978 2227 Ju-

198 2262 427 2320 nonis
470 2262 817 2356 subjecit
858 2264 1071 2322 mari.
1134 2262 1424 2324 Nicolaus
1467 2283 1618 2325 vero
1663 2283 1762 2346 ap.
1807 2266 1978 2328 Stob.

201 2361 394 2422 Serm.
449 2358 789 2421 XXXVIII.
846 2361 989 2422 225.
1045 2363 1288 2442 Fragm.
1346 2363 1532 2424 Orell.
1587 2384 1649 2446 p.
1709 2364 1846 2426 146.
1891 2367 1978 2427 la-

199 2462 322 2521 tius
367 2461 774 2539 exspatiatur:
839 2455 1113 2542 Τελχῖνες
1155 2467 1487 2547 ἄνθρωποι
1529 2466 1977 2550 ὀνομαζόμενοι

180 2543 625 2624 ῙόχοῖνΛκαθεν
667 2568 931 2643 Κρῆτες,
974 2561 1328 2642 οἰκήσαντες
1369 2563 1439 2626 δὲ
1482 2565 1589 2627 καὶ
1633 2569 1700 2629 ἐν
1739 2564 1976 2651 Κύπρῳ

197 2587 692 2744 μετῶίῑεστάντες
746 2660 812 2723 δ’
872 2666 956 2731 εἷς
1003 2660 1221 2727 Ῥόδον
1272 2663 1378 2726 καὶ
1433 2672 1668 2745 πρῶτοι
1709 2665 1823 2746 τὴν
1864 2675 1975 2748 νῆ-

199 2780 313 2824 σον
379 2757 790 2840 κατασχόντες
855 2758 1167 2843 βάσκανοί
1221 2788 1287 2826 τε
1340 2761 1590 2848 σφόδρα
1644 2760 1804 2846 ἦσαν
1869 2767 1974 2830 καὶ

200 2859 523 2943 φθονεροί.
617 2866 900 2941 Τεχνῒται
953 2861 1022 2925 δὲ
1075 2864 1247 2934 ὄντες
1302 2864 1407 2926 καὶ
1461 2864 1542 2927 τὰ
1582 2872 1714 2929 τῶν
1755 2868 1973 2950 προτέ-

198 2983 328 3042 ρων
395 2959 536 3040 (sic)
606 2962 755 3046 ἔργα
830 2960 1244 3044 μιμησάμενοι
1304 2966 1602 3044 Ἀθηνᾶς
1663 2966 1973 3047 Τελχινίας

202 3140 504 3197 phantasmata
547 3143 682 3186 tacite
724 3144 920 3187 denotari
949 3157 1087 3202 neque
1116 3152 1287 3190 veteres
1323 3149 1581 3205 interpretes
1622 3149 1830 3207 suspicati
1869 3155 1970 3193 sunt

201 3213 338 3255 neque
367 3199 480 3243 ratio
511 3201 676 3244 suadet.
734 3202 802 3245 De
832 3203 1092 3247 Rhodiorum
1122 3206 1334 3250 artificum
1377 3207 1577 3264 operibus
1616 3208 1873 3252 Eustathius
1912 3209 1969 3251 ad

200 3257 327 3299 Dion.
358 3256 458 3301 605.
512 3260 557 3302 οἱ
583 3264 781 3317 τεχνῖται
810 3259 993 3307 ἁλύσεσι
1031 3262 1254 3322 ἐδέσμουν
1283 3263 1398 3310 αὐτὰ
1438 3263 1503 3323 μὴ
1535 3267 1611 3309 καὶ
1640 3263 1827 3312 λάθοιεν
1855 3263 1968 3325 τάχα

200 3318 443 3370 κινηθέντα
471 3321 750 3374 μεταστῆναί
777 3335 866 3369 που
896 3321 1105 3379 ἀλλαχοῦ.
