2150 3814
194 178 320 239 956
730 193 966 236 mnan
1010 194 1440 238 sncuhmus.

193 322 551 382 Haereticos
598 321 895 401 quosdam
940 322 1128 381 refert
1169 323 1376 402 plures
1421 323 1685 384 mundos
1729 330 1976 387 statuis-

192 442 288 498 se3
364 423 552 503 capiti
618 422 760 480 huic
829 420 1057 480 lemma
1116 441 1152 480 a
1206 422 1473 484 librariis
1527 428 1977 508 praescriptum

193 523 782 602 Orpheonorum
843 539 1064 579 error
1119 522 1286 599 quis
1341 523 1612 599 fuerit3
1684 544 1798 606 pro
1855 545 1976 606 quo

191 624 296 683 alii
355 620 760 699 Orphicorum
819 637 927 678 seu
974 620 1389 699 Orpheorum,
1434 624 1601 703 quod
1645 623 1976 685 Joecherus

189 721 578 800 amplectitur
632 719 698 776 in
751 717 1189 779 Heilbronneri
1231 720 1395 780 Hist.
1438 723 1724 785 Matthes.
1769 745 1830 806 p.
1875 727 1977 785 82.

189 821 297 879 alii
350 817 1012 899 philosophorum
1070 819 1177 878 alii
1220 819 1726 900 Orphitarum
1773 845 1977 885 emen-

120 928 122 931 ’
189 920 369 992 dant,
431 936 692 998 quorum
747 918 901 977 nihil
957 921 1106 979 satis
1163 918 1478 999 probatur.
1535 941 1596 983 v.
1653 923 1976 984 Mosheim.

201 1020 547 1083 Versuclae
663 1019 885 1078 einer
993 1019 1366 1101 anparth.
1477 1021 1976 1102 Kirchenge-

187 1121 546 1184 schichte
603 1138 664 1198 p.
727 1119 865 1179 123.

350 1221 521 1283 XIX.
566 1220 838 1293 FicinuS,
884 1221 989 1299 qui
1037 1219 1493 1281 Platonicorum
1536 1223 1747 1302 plures
1792 1243 1975 1305 quam

184 1322 369 1383 hodie
422 1329 751 1400 supersunt
804 1319 996 1379 libros
1041 1321 1303 1398 legerat,
1361 1322 1512 1382 haec
1556 1322 1789 1405 Orphei
1830 1325 1973 1403 dog-

183 1432 355 1482 mata
412 1429 746 1480 memorat:
826 1419 967 1478 Per
1031 1420 1166 1479 has
1221 1423 1434 1481 vires
1491 1419 1973 1485 Jamblichus

186 1523 384 1582 dicit
440 1517 868 1579 effectibus
924 1537 1064 1578 nos
1108 1520 1499 1581 fatalibus
1544 1522 1970 1599 devincire,

183 1643 321 1705 per
392 1620 584 1680 illas
644 1628 902 1679 autem
956 1620 1319 1680 vicissim
1375 1622 1685 1682 solvere
1736 1640 1878 1683 nos
1934 1643 1974 1685 a

183 1724 380 1795 fato,
463 1720 684 1799 quasi
755 1719 1052 1792 claves,
1121 1723 1528 1801 ut‘inquit
1586 1721 1974 1804 Orpheus,

184 1822 277 1884 ad
333 1817 850 1901 aperiendum
903 1818 1240 1879 habeant
1308 1830 1383 1880 et
1449 1821 1543 1880 ad
1614 1823 1972 1884 clauden-

185 1923 359 1982 dum
412 1920 512 1979 De
553 1917 699 1977 Vita
742 1918 996 1978 coelitus
1042 1938 1308 2001 compar.
1355 1941 1402 1980 c.
1448 1923 1548 1980 22.
1592 1943 1652 2003 p.
1703 1923 1841 1983 166.
1887 1962 1971 1969 -

181 2019 728 2102 EmpedocleS,
785 2018 916 2078 ubi
973 2022 1297 2100 propria
1339 2023 1768 2103 unicuique
1812 2024 1970 2104 pla-

184 2132 539 2182 netarum
592 2137 925 2178 munera
994 2119 1312 2195 tribuit,
1380 2119 1652 2182 Jovem
1718 2124 1970 2183 solum

183 2219 734 2302 generationis
847 2220 1285 2300 principem
1386 2223 1735 2282 nominat
1834 2221 1973 2299 Org-

180 2325 459 2405 pheum
502 2323 869 2380 imitatus
915 2341 962 2380 c.
999 2319 1056 2380 5.
1088 2340 1148 2402 p.
1190 2322 1328 2382 154.
1365 2357 1447 2367 -—
1491 2322 1752 2383 Prima
1794 2335 1973 2384 sunt

180 2422 500 2506 (animalia
552 2418 908 2500 rationalia)
964 2439 1292 2499 quorum
1353 2442 1684 2502 corpora
1752 2425 1969 2501 solus

182 2534 301 2584 est
342 2523 567 2601 igniS.
612 2557 696 2565 —
742 2557 825 2564 —
871 2518 954 2578 Si
997 2520 1392 2595 visibilis,
1439 2523 1726 2582 stellae
1769 2535 1967 2598 sunt,

181 2626 249 2685 si
290 2619 778 2694 invisibilis,
837 2618 1250 2679 daemones
1297 2620 1652 2702 Orpheus
1695 2625 1965 2701 igneos

179 2726 306 2787 vel
363 2722 756 2784 coelestes
813 2720 1197 2800 appellat,
1278 2723 1406 2802 qui
1472 2726 1551 2781 in
1615 2723 1964 2804 planeta-

179 2843 341 2884 rum
426 2821 751 2882 circulis
831 2820 1242 2880 stellarum
1322 2823 1573 2883 vicem
1645 2833 1963 2883 teneant
2071 2830 2074 2833 ’

181 2922 318 2983 sub
361 2923 685 3003 planeta
728 2920 919 2981 duce
961 2958 1045 2967 --
1089 2959 1172 2967 —
1218 2918 1541 2996 Quarta,
1600 2941 1790 3001 quae
1833 2924 1961 2983 tri-

182 3023 322 3083 bus
383 3024 539 3101 jam
603 3021 841 3082 dictis
901 3021 1270 3081 subtilem
1331 3020 1760 3082 adhibeant
1817 3032 1961 3082 ter-

182 3141 343 3183 ram
398 3158 481 3167 -
550 3123 627 3181 hi
687 3121 778 3182 ab
838 3121 1141 3203 Orpheo
1200 3124 1496 3182 terreni
1553 3121 1960 3182 daemones

185 3222 693 3303 appellantur
749 3224 815 3295 in
869 3222 1020 3282 Plot.
1079 3223 1146 3282 L.
1202 3223 1271 3282 V.
1329 3224 1484 3282 Enn.
1537 3223 1642 3282 III.
1703 3243 1749 3282 c.
1796 3219 1852 3282 5.
1897 3243 1956 3304 p.

190 3323 875 3383 l89.-—Peccantes
919 3324 1234 3402 gravius
1281 3331 1664 3385 vexantur
1707 3341 1746 3382 a
1789 3321 1954 3383 dae-
