2210 3886
263 222 388 283 790
783 238 1020 282 LIBER
1063 238 1493 284 SECUNDUS

261 364 538 426 ducenda
593 375 719 440 est,
775 367 938 427 ultro
995 368 1349 445 cogitationi
1408 370 1668 428 occurrit
1710 369 1891 449 οἷμον
1934 370 2036 428 vel

259 467 462 548 ὕμνον
518 466 730 546 ἀοιδῆς
757 465 833 548 [⁶]
891 485 1011 546 quo
1065 476 1310 547 recepto
1365 485 1491 528 non
1545 468 1808 529 multum
1850 467 2039 528 refert

261 565 732 649 κατεπαύσαμεν
814 565 1114 627 scribatur
1191 585 1272 627 an
1337 566 1823 632 κατεπαύσατον.
1892 586 2038 627 nam

261 668 431 745 prius
493 667 571 727 ab
625 666 871 746 Orpheo
925 667 991 725 in
1050 663 1340 726 Catabasi
1396 667 1628 729 dictum
1689 667 1884 735 videri
1929 686 2039 748 po-

262 774 414 839 test,
483 767 587 831 ubi
654 765 762 825 ille
818 764 1134 824 deorum
1190 769 1638 844 progeniem
1692 786 1840 827 suo·
1887 785 2039 826 car-

262 868 460 925 mine
513 864 878 928 laudasse
933 864 1157 925 dicitur
1216 869 1301 946 (v.
1347 866 1416 926 L.
1458 868 1535 930 H.
1581 867 1646 926 P.
1689 868 1765 927 II.
1811 863 1896 946 5.)
1939 867 2041 926 vel

261 966 382 1024 alio
430 966 564 1025 loco
609 978 671 1025 et
712 974 1026 1046 tempore,
1070 968 1228 1024 sicut
1270 965 1437 1026 idem
1482 967 1549 1024 in
1590 965 1733 1044 Arg.
1776 963 1921 1025 445.
1965 965 2042 1024 de

261 1083 328 1124 se
383 1067 519 1144 ipse
578 1063 729 1124 dicit
781 1064 901 1150 ἐγώ
954 1065 1019 1127 δ’
1078 1067 1373 1145 ἄμπαυον
1430 1063 1668 1145 ἀοιδήν.
1714 1063 2043 1128 Karena&-

261 1186 452 1228 σατον
509 1164 994 1245 praeferentibus
1051 1165 1191 1245 (pro
1237 1167 1418 1225 tertia
1459 1163 1708 1246 quidem
1752 1165 2043 1244 persona)

258 1264 519 1324 liberum
576 1267 723 1338 erit,
780 1267 915 1326 sive
967 1265 1033 1323 in
1086 1264 1307 1324 Parcas
1329 1266 1403 1347 [θ]
1449 1266 1860 1343 conjecturam
1905 1281 2044 1323 con-

264 1375 500 1423 vertere
559 1367 780 1439 velint,
840 1366 975 1426 sive
1031 1366 1126 1430 in¹
1157 1365 1431 1440 Sirenes3
1492 1365 1711 1445 quibus
1744 1365 2044 1444 “utrisque

258 1482 547 1525 numerus
591 1466 793 1525 dualis
839 1466 1151 1524 conciliari
1192 1475 1415 1545 potest.
1474 1463 1892 1544 Quodcunque
1935 1464 2044 1523 ho-

259 1581 396 1621 rum
467 1565 751 1641 elegeris,
825 1567 1129 1623 sententia
1193 1564 1411 1624 eadem
1477 1573 1688 1624 manet
1753 1565 2044 1625 cecinisse

259 1663 525 1742 aliquem
587 1664 689 1726 vel
743 1665 1062 1743 praeteriti
1124 1663 1220 1725 vel
1274 1664 1559 1723 instantis
1616 1666 1758 1725 aevi
1801 1681 2044 1722 cursum

259 1763 324 1818 in
382 1773 574 1821 certas
630 1774 861 1822 aetates
918 1762 1326 1842 descriptum3
1383 1765 1462 1822 in
1517 1772 1738 1823 sexta
1793 1772 2043 1822 autem

258 1879 585 1940 pausam
644 1863 863 1937 fecit3
931 1865 1035 1942 qui
1092 1881 1383 1922 numerus
1439 1873 1711 1922 aetatum
1771 1862 2046 1942 explica-

260 1961 427 2019 tione
471 1963 624 2021 nihil
669 1971 821 2040 eget.
865 1962 1058 2022 Procl.
1103 1961 1184 2021 ad
1226 1961 1375 2022 Hes.
1421 1961 1582 2042 Opp.
1631 1963 1769 2023 156.
1812 1963 1883 2026 τὸ
1909 1963 2043 2046 τρί-

259 2085 372 2124 τον
427 2064 603 2147 γένος
661 2065 883 2134 ἐξέλιπε
938 2063 1047 2125 διὰ
1100 2071 1214 2126 τοῦ
1257 2071 1726 2144 κατακλυσμοῦ·
1772 2065 1929 2146 μετὰ
1973 2063 2042 2125 δὲ

263 2167 546 2244 παρῆλθε
617 2165 793 2247 ’γένος
859 2163 1027 2245 ἱερὸν
1092 2164 1164 2225 τὸ
1231 2170 1363 2227 τῶν
1433 2165 1718 2245 ἡμιθέων
1773 2166 2044 2248 ἅρκέσαν

263 2261 361 2322 ἐπὶ
403 2262 557 2324 ἑπτὰ
597 2262 637 2340 ἢ
681 2264 788 2324 καὶ
830 2262 992 2326 ὀκτώ
1034 2261 1264 2348 γενεάς.
1324 2263 1590 2322 Multum
1633 2265 1820 2340 igitur
1854 2264 1934 2323 ab
1971 2263 2043 2324 Ο.

258 2358 557 2418 Muellero
602 2360 932 2436 dissentio,
978 2365 1082 2441 qui
1123 2365 1187 2421 in
1232 2363 1502 2439 Prolegg.
1549 2384 1606 2442 p.
1650 2362 1794 2423 385.
1837 2373 2044 2449 γενεῆς

261 2461 510 2518 nomine
563 2463 913 2520 animorum
967 2464 1033 2520 in
1089 2480 1347 2542 corpora
1400 2480 1565 2522 nova
1618 2482 1926 2540 regressus
1982 2475 2044 2523 et

263 2559 718 2631 ἅνακυκλιόσεις
771 2563 1096 2639 significari
1139 2564 1385 2635 statuit,
1446 2581 1555 2621 nec
1598 2572 1805 2622 tamen
1850 2564 2043 2642 expli-

263 2669 393 2732 cat,
452 2662 768 2738 quusnam
823 2662 1091 2723 hominis
1145 2681 1326 2722 senos
1384 2674 1554 2723 ortus
1610 2665 1877 2722 carmine
1931 2663 2042 2722 illo

261 2759 595 2821 celebratos
661 2780 795 2822 esse
860 2762 1030 2821 velit.
1139 2761 1531 2841 Pythagoran
1596 2764 2042 2843 palingenesias

382 2943 446 3000 [ἆ]
484 2940 625 3002 Οἶμος
668 2943 800 2989 ἇοιδ
774 2962 824 3002 ης
861 2946 920 2990 H.
959 2946 1085 2991 Hom.
1127 2946 1174 2988 in
1202 2946 1336 2989 Mero.
1366 2945 1468 2989 451.
1498 2941 1628 3005 οἶμος
1655 2945 1820 3006 μύθων
1847 2947 2040 2990 Philetas

263 3002 385 3045 Stob.
427 3002 563 3045 Serm.
593 3003 796 3046 LXXIX.
826 3002 925 3048 469.
953 3003 1186 3047 Philetaer.
1215 3005 1371 3062 Ep1g.r
1400 3005 1476 3048 IV.
1510 3006 1606 3048 121.
1637 3007 1783 3052 ἐπέων
1813 3005 1935 3048 Pind.
1966 3006 2039 3048 Ol.

262 3061 340 3103 IX.
383 3058 525 3118 ὕμνος
564 3060 721 3117 ἀοιδῆς
759 3063 905 3109 Noun.
934 3063 1078 3107 XVII.
1105 3062 1207 3108 379.
1259 3020 1378 3118 διξὰ,
1409 3063 1524 3121 quod
1553 3065 1598 3108 in
1627 3064 1822 3110 Platonis
1851 3064 1946 3114 loco
1977 3064 2040 3106 le—

263 3120 406 3176 gitur,
438 3119 604 3176 Orphei
632 3121 768 3178 ipsius
797 3127 864 3165 est
891 3123 997 3181 Arg.
1029 3121 1156 3165 1282.

381 3208 444 3264 [θ]
477 3207 642 3250 Parcas
681 3206 735 3251 τὰ
764 3205 1008 3266 γεγονότα,
1046 3207 1101 3252 τὰ
1131 3203 1266 3261 ὄντα,
1296 3199 1351 3251 i&
1379 3211 1601 3266 μέλλοντα
1632 3214 1834 3252 canentes
1874 3208 2040 3251 inducit

199 3320 201 3322 ‚
266 3265 392 3308 Plato
431 3267 539 3322 Rep.
580 3266 633 3309 X.
674 3266 773 3309 617.
815 3267 869 3310 D
910 3282 995 3324 quo
1037 3267 1176 3311 nullus
1217 3267 1435 3323 antiquior
1474 3268 1577 3311 mihi
1617 3269 1832 3312 succurrit
1860 3274 2038 3317 auctor,

204 3328 207 3332 “
269 3338 363 3366 nam
407 3325 518 3380 quod
562 3325 759 3368 Catullus
797 3326 841 3367 in
881 3326 1173 3383 Epithalamio
1215 3326 1419 3369 Thetidis
1457 3326 1511 3368 iis
1541 3327 1742 3374 attribuit
1772 3324 2034 3370 vaticinandi

266 3396 439 3437 munus,
471 3383 713 3441 Aeschylus
737 3385 1006 3429 commiserat
1035 3384 1222 3444 Apollini
1254 3385 1368 3432 Plat.
1398 3385 1506 3443 Rep
1538 3385 1592 3428 II.
1621 3385 1719 3428 383.
1752 3384 1803 3426 C.
