2184 3840
715 207 1218 252 ·0RPH1c1A.
1759 203 1880 263 891

113 360 174 410 et
217 348 563 411 adventicia
604 340 1145 423 praetervolamus.
1193 339 1456 400 Tristem
1465 359 1650 404 §vero
1697 353 1758 401 et
1799 347 1885 406 la-

115 449 495 510 crimabilem
539 443 776 522 generis
820 441 1074 501 humani
1118 449 1348 500 sortem
1393 441 1582 500 simili
1625 442 1888 521 imagine

113 548 447 609 declaravit
470 542 986 623 Aesopus—tor
1030 541 1151 627 γὰρ
1197 542 1391 621 πηλὸν
1435 544 1608 624 αὐτῷ
1650 542 1682 606 ὁ·
1712 548 1887 627 1190-

32 716 73 723 „
109 648 384 731 μηθεὺς,
440 646 548 727 ἀφ’
607 638 683 706 οὗ
738 642 852 706 τὸν
907 645 1254 725 ἄνθρωπον
1304 640 1706 715 ὃιεπλάσατο,
1775 647 1889 707 οὐκ

109 747 418 829 ἐφύρασεν
508 744 727 815 ὕδατι,
827 743 979 805 ἀλλὰ
1061 741 1354 825 δακρύοις
1418 741 1714 802 Themist.
1784 742 1887 803 Or.

109 846 370 906 XXXII.
442 842 585 904 359.
655 844 821 916 sive,
892 852 963 902 ut
1012 842 1068 903 Ν
1070 844 1390 923 icephorus
1445 843 1534 901 ait
1590 843 1891 921 Gregoras

109 947 271 1007 Hist.
330 947 479 1023 Byz.
536 945 605 1004 L.
661 943 825 1004 XVI.
868 942 927 1000 4.
987 932 1127 1000 515.
1173 943 1245 1000 Ε.
1283 942 1398 1003 διὰ
1442 940 1512 1002 δὲ
1555 948 1740 1004 τοῦτο
1785 942 1890 1004 παὶ

108 1046 388 1128 Αἰσώπῳ
439 1043 630 1107 πάλαι
668 1043 781 1106 τὸν
825 1041 980 1102 θεὸν
1023 1043 1138 1120 οὐχ
1181 1042 1366 1103 ὕδατι
1408 1040 1684 1121 νομίζειν
1727 1039 1891 1120 ἐπῄει

108 1148 222 1226 τὴν
290 1155 440 1231 γῆν,
512 1142 666 1203 ἀλλὰ
735 1138 1003 1221 δάκρυσι
1059 1137 1435 1222 φυράσαντα
1494 1138 1723 1202 πλάσαι
1778 1141 1891 1221 τὸν

104 1244 470 1325 ἄνθρωπον.
571 1240 670 1298 De
726 1238 982 1298 deorum
1039 1239 1182 1298 fletu
1244 1248 1305 1296 et
1346 1239 1636 1316 lacrymis
1677 1240 1890 1320 paullo

108 1349 249 1399 ante
316 1339 613 1413 diximus3
690 1340 881 1399 risum
951 1357 1164 1398 eorum
1232 1343 1558 1416 anagogice
1625 1340 1892 1420 explicat

109 1438 399 1499 Proculus
454 1442 520 1499 in
577 1438 734 1498 Tim.
778 1441 882 1499 lII.
933 1439 1070 1499 147.
1124 1438 1232 1498 ubi
1276 1439 1588 1499 famosum
1635 1439 1890 1500 Vulcani

108 1549 236 1598 rete
292 1550 354 1599 et
410 1539 645 1599 derisos
701 1557 738 1598 a
794 1537 915 1598 diis
971 1538 1284 1599 adulteros
1338 1539 1674 1599 illuminat:
1730 1541 1763 1604 ὅ
1821 1540 1890 1604 δὲ

109 1641 296 1723 γέλως
351 1638 695 1704 ὑπόστασιν
751 1638 975 1702 δίδωσι
1029 1646 1158 1711 τοῖς
1201 1639 1567 1725 ἐγκοσμίοις.
1617 1650 1678 1700 et
1721 1643 1890 1700 simi-

109 1739 193 1798 lia
246 1739 517 1800 fatuatur
570 1738 648 1798 de
704 1739 996 1798 cachinno
1041 1739 1366 1812 coelitum,
1410 1758 1591 1819 quem
1637 1740 1890 1800 claudus

108 1841 396 1920 pincerna
451 1847 803 1899 commovet
857 1839 924 1898 L.
982 1824 1086 1898 III.
1150 1839 1285 1899 169.
1374 1838 1491 1899 His
1545 1841 1649 1920 qui
1693 1839 1889 1900 delec-

110 1950 314 2000 tantur
350 1937 642 2019 -cupediis
702 1938 1090 2015 symbolicis,
1147 1941 1448 1999 exsatiare
1491 1959 1559 1999 se
1600 1948 1893 2019 poterunt

109 2039 289 2118 longa
331 2039 763 2100 dissertatione
804 2041 868 2098 in
913 2039 1111 2100 Parm.
1156 2039 1227 2098 V.
1272 2040 1416 2100 308.
1462 2059 1584 2120 qua
1628 2042 1892 2122 explica-

111 2151 226 2213 tur,
270 2160 376 2200 cur
418 2157 578 2200 unus
621 2137 1097 2219 colloquentium
1140 2139 1470 2220 aliquando
1497 2143 1724 2214 risisse,
1767 2144 1891 2221 pri-

113 2258 183 2300 us
243 2250 453 2301 autem
495 2240 822 2301 subrisisse
865 2239 1130 2300 dicatur:
1217 2241 1288 2303 τὸ
1332 2240 1450 2322 μὲν
1492 2239 1608 2305 οὗν
1650 2241 1889 2323 μειδία-

111 2365 202 2421 μα
250 2341 371 2419 ,τὴν
428 2342 639 2422 ἀφανῆ
695 2346 970 2422 μιμεῖται
1029 2350 1158 2405 τῶν
1218 2340 1411 2404 θείων
1466 2329 1808 2426 ἐνέργειαν,
1855 2343 1887 2404 ὃ

110 2440 179 2502 δὲ
235 2443 423 2526 γέλως
476 2441 590 2520 τὴν
645 2441 743 2502 ἐπὶ
797 2442 866 2502 τὸ
914 2442 1372 2524 ἐμφανέστερον
1393 2436 1487 2520 [k].
1577 2441 1700 2500 Sed
1743 2442 1893 2502 haec

112 2539 524 2600 infantissima
566 2548 737 2614 sunt3
781 2539 1088 2619 eleganter
1132 2560 1281 2603 vero
1333 2541 1593 2601 Ennius:

361 2656 546 2720 Jupiter
581 2655 660 2703 hic
697 2657 829 2716 risit,
867 2666 1269 2722 tempestatesque
1309 2673 1507 2705 serenae

364 2742 571 2791 riserunt
606 2758 768 2791 omnes
805 2744 904 2792 risu
941 2742 1076 2792 Jovis
1113 2744 1466 2808 omnipotentis.

115 2889 358 2953 Cataposis.
420 2899 571 2940 Φασὶν
613 2895 679 2941 ὅτι
722 2901 943 2955 προϊοῦσα
972 2896 1000 2953 ἡ
1027 2903 1220 2959 πονηρία
1251 2923 1306 2929 —-
1336 2895 1397 2946 ὥς
1436 2897 1597 2952 ἐπέστη
1638 2899 1700 2939 τῶ
1732 2900 1887 2956 χωρίῳ
1941 2904 1947 2912 “

116 2956 191 3008 τῆς
219 2954 452 3011 ἀληθείας,
483 2953 730 3014 ἐξεπλάγη,
763 2959 919 3016 θαῦμα
949 2957 1139 3013 ἐπέλαβε
1170 2960 1248 3003 τοῦ
1277 2957 1539 3006 ἐξαπιναίου
1571 2939 1741 3014 (pruzos,
1780 2955 1888 3000 ἔπε’-

119 3016 222 3056 θετο
265 3016 326 3084 τῷ
368 3018 580 3073 φανέντι,
623 3013 797 3075 ἥρπασε
841 3019 964 3074 φῶς,
1008 3021 1248 3062 κατέπιε
1293 3015 1529 3075 θεωρηθὲν
1571 3040 1627 3047 --
1665 3013 1887 3062 Ἐνταῦθα

119 3069 257 3121 πολὺς
285 3087 310 3116 ο
333 3073 495 3130 γέλως,
528 3074 726 3118 ἐνταῦθα
756 3077 843 3125 πᾶς
871 3072 1121 3130 πεπάτηται
1151 3079 1299 3134 μῦθος
1329 3070 1554 3128 ἑλληνικός
1585 3073 1715 3116 Titus
1743 3073 1885 3116 Bostr.

122 3145 160 3172 c..
184 3129 307 3174 .Han.
338 3131 390 3174 L.
418 3131 455 3174 Ι.
485 3148 523 3175 c.
550 3130 624 3176 84.
651 3146 695 3191 p.
725 3133 823 3177 292.
863 3135 920 3178 T.
951 3136 1002 3178 V.
1035 3135 1151 3178 Gall.
1197 3135 1313 3177 Idem
1343 3148 1380 3180 c.
1409 3132 1480 3178 86.
1510 3132 1610 3176 294.
1652 3148 1732 3182 τας
1769 3147 1887 3191 προω

123 3187 253 3241 βολὰς
292 3190 455 3249 (ineptae
483 3191 695 3250 interpres
725 3192 1143 3251 integumenta)
1188 3191 1263 3242 τὰς
1292 3188 1462 3250 μάχας,
1505 3192 1889 3250 τὰς-μυθοποιίας

125 3246 292 3298 ἐκείνας
321 3252 398 3293 καὶ
423 3254 778 3310 γιγαντομαχίας
807 3256 1065 3311 σιωπῶμεν.

238 3305 312 3361 [k]
362 3307 429 3352 De
468 3310 559 3354 risu
597 3310 831 3366 symbolice
873 3313 1007 3355 multa
1048 3312 1163 3354 intus
1206 3317 1250 3354 et.
1286 3315 1410 3354 extra
1440 3310 1662 3353 ecclesiam
1709 3308 1889 3351 ridicule

127 3362 242 3406 dicta
270 3368 377 3407 sunt.
437 3366 631 3412 Clemens
660 3369 789 3412 Paed.
822 3371 855 3413 I.
888 3370 927 3414 5.
969 3371 1110 3414 Isaaci
1141 3384 1233 3413 cum
1264 3383 1394 3413 uxore
1422 3369 1610 3426 jocati-tis
1647 3368 1782 3412 lusum
1824 3367 1885 3408 in-
