2150 3814
799 178 1250 223 οιιΡιιιοΑ.
1783 166 1904 228 911

139 332 300 373 rum
349 311 922 375 venditatorem
978 325 1038 386 p.
1086 303 1223 365 145.
1281 315 1343 364 et
1396 326 1472 364 ex
1513 305 1787 385 Agrippa
1831 308 1909 369 de

141 413 371 473 Occult.
428 410 650 471 Philus.
691 405 761 467 L.
805 408 850 467 I.
896 427 944 466 c.
988 407 1088 466 32.
1130 425 1192 486 p.
1236 405 1336 465 37.
1393 403 1776 483 „Appulejns
1829 411 1909 467 si·
1976 407 1978 409 ’

139 514 309 589 „gnis
337 520 518 590 atque
552 508 817 588 planetis
846 508 1206 587 praecipuas
1238 505 1436 568 veluti
1467 507 1749 584 proprias
1785 505 1909 566 dis-

134 610 387 683 „tribuit
429 609 689 687 plantaS,
731 608 961 668 scilicet
1002 606 1199 666 Arieti
1244 604 1683 685 elelisphacon,
1750 605 1906 666 Tau—

133 727 238 782 „ro
314 709 732 788 peristereona
796 707 1071 779 orthion,
1153 707 1428 764 Geminis
1493 705 1912 784 peristereona

132 808 469 887 ‚,hyption,
516 803 748 866 Cancro
793 807 1204 887 symphyton,
1246 805 1442 864 Leoni
1484 805 1908 881 cyclaminum,

132 907 406 984 „Virgini
450 907 877 966 calamintham
921 914 1032 964 etc.
1117 903 1348 962 Verum
1392 903 1685 977 Hermes,
1730 925 1911 984 quem

130 1008 442 1086 „sequitur
496 1005 815 1078 Albertus,
870 1005 1135 1084 planetis
1192 1001 1300 1060 dat
1355 1002 1623 1061 Saturno
1688 1005 1910 1082 aspho-

131 1105 408 1178 „delum,
478 1103 623 1165 Jovi
678 1105 1154 1181 hyoscyamum,
1225 1095 1412 1158 Marti
1469 1100 1908 1178 arnoglossam,

130 1205 304 1276 „Soli
345 1203 892 1282 polygoniam“[⁰].
995 1199 1096 1260 Ad
1151 1199 1307 1258 hanc
1349 1201 1532 1276 igitur
1574 1198 1722 1259 artis
1766 1201 1907 1261 suh-

129 1304 419 1361 tilitatem
463 1301 565 1362 vel
592 1303 802 1381 potius
828 1301 1295 1378 perversitatem
1326 1294 1719 1376 Pythagorei,
1746 1319 1907 1380 quos

130 1412 305 1464 vetus
342 1402 599 1462 Graecia
642 1401 949 1460 admirata
994 1409 1104 1473 est,
1149 1418 1461 1481 nunquam
1506 1402 1716 1462 evecti·
1747 1410 1904 1461 sunt.

911 1682 964 1762 ξ.
1052 1685 1109 1742 2.

292 1867 390 1928 Ab
434 1868 550 1926 hoc
591 1867 769 1926 initio
812 1867 1254 1947 proficiscimur
1297 1865 1378 1926 ad
1419 1867 1622 1946 ipsam
1666 1867 1902 1927 Macro-

74 2044 77 2045 ,
125 1971 314 2028 cosmi
377 1969 738 2045 imaginem,
809 1986 994 2047 quam
1063 1966 1344 2046 Orpheus
1406 1967 1903 2029 luculentissimis

132 2169 255 2224 οἱοὶ)
296 2168 477 2225 praebet
509 2171 553 2210 et
592 2179 727 2223 nuper
765 2165 931 2223 recepit
958 2166 1182 2208 Kuehnius
1211 2166 1267 2208 T.
1299 2166 1375 2209 XI.
1406 2165 1507 2209 792.
1546 2180 1787 2223 quanquam
1831 2168 1901 2210 Ol.

129 2226 404 2278 Borrichius,
448 2226 605 2268 stultus
634 2226 947 2281 Aegyptiorum
976 2225 1233 2277 admirator,
1275 2224 1320 2266 in
1359 2225 1463 2281 Sap.
1492 2223 1684 2267 Hermet.
1714 2227 1901 2282 Aegypt.

129 2300 172 2342 p.
204 2283 302 2327 162.
340 2298 479 2340 neque
506 2284 695 2326 Venetos
725 2282 894 2325 codices
921 2297 1059 2353 neque
1088 2283 1356 2325 Basileenses
1384 2284 1494 2325 hanc
1522 2298 1669 2327 vocem
1699 2284 1902 2326 exhibere

127 2342 246 2386 dicit.
307 2342 434 2394 Quae
462 2346 719 2398 sequuntur:
750 2346 816 2390 τίς
845 2338 983 2391 οὕτως
1011 2338 1114 2384 α’θλι
1102 2358 1168 2390 ιος
1197 2337 1245 2390 ὃς
1271 2343 1521 2398 παρελθεῖν
1548 2340 1604 2384 τὰ
1633 2344 1901 2401 Διοςκουρί-

126 2401 211 2445 δου
240 2402 318 2443 καὶ
345 2402 525 2458 Νίγρου
553 2402 630 2443 καὶ
648 2395 858 2459 Κρατεύα
888 2402 965 2442 καὶ
995 2397 1141 2449 ἄλλων
1168 2403 1346 2460 μυρίων
1375 2400 1426 2443 ἐν
1454 2401 1506 2459 τῇ
1535 2403 1666 2460 τέχνῃ
1697 2416 1898 2471 καταγη-

127 2454 385 2519 ρασάντων,
428 2459 578 2512 βιβλία
606 2455 901 2527 γραμματικὰ
930 2454 1213 2530 γράᾳὛοντος
1259 2455 1440 2531 ἐπῳδὰς
1477 2446 1554 2500 καὶ
1566 2456 1901 2530 μεταμορφώ-

125 2531 217 2567 σεις
245 2518 322 2559 καὶ
352 2516 555 2560 δεκανῶν
584 2519 663 2559 καὶ
692 2512 925 2566 δαιμόνων
955 2514 1087 2588 ἱερὰς
1125 2511 1316 2571 βοτάνας
1355 2512 1578 2574 ἀνάσχοιτ’
1620 2511 1679 2559 ἄν
1718 2531 1773 2587 p.
1803 2514 1900 2560 144.

124 2576 181 2619 Ε.
220 2575 283 2618 sic
311 2571 697 2646 interpungenda‘
682 2571 732 2625 ὂς
752 2572 1004 2644 παρελθὼν
1032 2600 1091 2608 —-
1128 2576 1278 2630 βιβλία
1319 2577 1646 2644 Γραμματικοῧ
1687 2571 1897 2644 γράφον-

126 2650 201 2683 τος
227 2660 286 2667 -
315 2630 571 2691 ἀνάσχοιτο.
614 2647 698 2691 quo
729 2633 1000 2690 significatur
1027 2634 1302 2690 Pamphilus,
1350 2633 1666 2678 Grammaticus
1708 2634 1899 2678 Aristar-

125 2694 254 2736 cheus
282 2707 324 2735 v.
355 2691 581 2750 Sprengel.
609 2692 725 2736 Hist.
753 2693 911 2736 Botan.
940 2707 983 2750 p.
1017 2692 1113 2736 111.
1144 2692 1317 2736 Fabric.
1347 2692 1463 2735 Bibl.
1493 2692 1551 2735 T.
1574 2692 1652 2735 VI.
1681 2690 1782 2735 374.

241 2791 315 2849 [θ]
360 2793 580 2851 Agrippa,
625 2793 700 2850 qui
728 2807 782 2836 ea
810 2795 954 2836 aetate
981 2792 1093 2836 vixit
1122 2807 1206 2849 qua
1235 2793 1440 2835 librormn
1469 2791 1794 2835 hermeticorum
1825 2806 1898 2835 co

125 2851 198 2908 pia
224 2854 483 2921 suppetebat
511 2866 622 2894 nunc
651 2852 869 2909 dispersa,
907 2851 1084 2909 ipseque
1114 2852 1384 2894 hermeticam
1414 2850 1726 2916 philosophiam
1754 2850 1896 2907 publi-

126 2910 189 2951 cis
229 2910 385 2955 scholis
424 2910 642 2968 explicare
678 2910 844 2953 studuit
883 2910 947 2967 (v.
990 2910 1180 2953 Meiners
1222 2908 1263 2950 L
1277 2922 1299 2950 e
1311 2909 1333 2951 b
1345 2923 1366 2951 e
1378 2922 1407 2951 n
1420 2923 1440 2951 ⁸
1453 2908 1477 2951 b
1491 2922 1513 2950 e
1525 2923 1545 2951 ε
1560 2921 1583 2950 c
1595 2908 1624 2950 Ιι
1638 2923 1662 2951 r
1674 2923 1726 2950 οι
1718 2907 1762 2950 b
1778 2922 1807 2950 ιι
1820 2921 1848 2950 η
1857 2923 1894 2966 g

123 2967 450 3013 beric'ltmter
501 2967 750 3012 Miinner
797 2981 903 3012 aaa
958 2968 1062 3011 den
1119 2967 1324 3011 Zeiten
1366 2967 1465 3010 der
1513 2966 1890 3010 IViederher-

122 3029 396 3084 atellung
435 3027 532 3070 der
581 3026 1394 3085 Wisseusch.'1.1.p.242.et
1422 3042 1464 3084 p.
1494 3026 1620 3083 402.)
1660 3027 1798 3070 locum
1838 3025 1896 3068 il-

125 3084 209 3130 lum
238 3087 294 3130 ad
321 3086 499 3129 verbum
527 3087 749 3130 transtulit
776 3101 831 3129 ex
860 3086 971 3129 libro
999 3086 1246 3129 Hermetico
1278 3086 1398 3142 cujus
1434 3084 1692 3158 particulam
1726 3086 1789 3128 sic
1825 3086 1892 3128 in-

127 3144 327 3200 scriptam
354 3146 419 3187 At
445 3140 629 3200 βοτάναι
657 3147 749 3189 τῶν
787 3150 832 3200 ιβ
862 3144 1030 3202 ζῳδίων
1070 3145 1329 3189 ἔκδοθεῖσαι
1365 3141 1489 3204 παρὰ
1526 3141 1715 3203 Ἑρμοῦ,
1757 3158 1893 3213 nuper

127 3201 221 3243 der.-
209 3216 290 3246 ··.un
318 3217 411 3246 cum
440 3203 479 3246 J.
509 3203 577 3260 Ly
579 3204 634 3247 do
663 3204 800 3247 edidit
827 3203 1273 3247 Roetherus.1dem
1311 3203 1528 3248 Hermetis
1567 3203 1893 3246 commentarius

127 3272 155 3300 a
185 3260 349 3304 Galeno
379 3261 613 3332 significari
641 3262 813 3305 videtur
830 3261 991 3334 Simpl.
1023 3261 1140 3305 Med.
1181 3261 1234 3303 L
1276 3261 1348 3303 VI.
1390 3277 1432 3321 Ρ.
1475 3260 1572 3307 145.
1596 3262 1664 3305 Β.
1706 3263 1892 3318 Βιβλίον

127 3321 332 3375 περιέχον
359 3317 436 3370 τὰς
465 3321 520 3371 λς
548 3323 638 3366 τῶν
667 3317 946 3381 ὥροσκόπων
974 3320 1097 3379 ἱερας
1124 3317 1325 3375 βοτάνας.
