2150 3814
769 221 1325 266 SAMo‘rHRAclA.
1753 211 1916 272 1289

139 353 407 414 infabre.
435 353 737 433 sculptum
780 350 1019 410 idolum
1061 351 1430 430 reperiatur,
1484 352 1653 429 quus
1698 352 1916 433 adspe-

141 465 241 512 ctu
296 433 550 512 barbari¹
593 451 856 511 cultores
910 469 1034 510 non
1089 449 1415 530 aliquando
1483 450 1564 510 ad
1619 453 1916 513 virtutem

138 552 538 612 affectandam
556 580 563 590 ψ’
583 553 833 610 excitari
876 554 1131 632 possint.
1186 551 1502 610 Postremo
1547 553 1602 610 si
1644 553 1777 632 quis
1816 572 1919 612 me

137 655 738 730 interroget,r,quam
790 652 901 711 illa
943 671 1115 712 sacra
1170 651 1494 711 habuerint
1549 652 1916 712 celebritatis

137 771 417 824 causam,
472 750 669 810 nihilo
711 754 943 829 magiS,
989 751 1155 832 quod
1196 751 1633 832 respondeam,
1658 752 1916 813 vhabebo

137 870 322 929 quam
390 853 444 910 si
503 853 637 930 quis
692 863 945 931 quaerat
1000 872 1105 912 cur
1159 852 1439 912 homines
1494 853 1766 931 religiosi
1825 862 1921 913 tot

137 953 332 1010 maria
386 970 457 1010 ac
512 962 704 1012 terras
760 954 1215 1033 permeaverint
1256 963 1325 1011 ut
1365 952 1620 1011 Herculi
1665 953 1919 1013 Gadita-

136 1047 308 1131 no'[‘¹]
356 1052 457 1111 vel
504 1050 711 1112 Cereri
754 1053 1026 1112 Eunensi
1069 1052 1173 1111 vel
1217 1051 1368 1109 deae
1398 1051 1821 1111 Pessinuntiae
1838 1051 1913 1134 [ἢ]

136 1153 553 1231 supplicarent
593 1161 965 1230 praesentes
1063 1150 1233 1209 Nihil
1278 1151 1441 1207 enim
1487 1159 1618 1208 tam
1662 1152 1920 1210 arbitra-

135 1254 295 1309 rium
354 1261 415 1309 et
469 1250 923 1309 inaestimabile
980 1258 1073 1308 est
1129 1267 1312 1328 quam
1367 1249 1535 1308 fama
1577 1251 1918 1330 popularis,

135 1369 295 1429 quae
346 1351 505 1411 levis
561 1370 746 1410 aurae
800 1352 1002 1410 affiatu
1056 1351 1310 1408 incitata
1363 1351 1430 1408 in
1487 1370 1668 1430 quam
1728 1353 1919 1410 semel

131 1451 451 1511 inclinavit
504 1462 744 1530 partem
803 1470 984 1511 coeca
1025 1452 1094 1512 vi
1135 1451 1520 1530 propellitur.
1607 1451 1784 1511 Alius
1828 1454 1919 1513 vi-

134 1550 360 1610 sendae
403 1552 783 1630 antiquitatis
830 1570 1014 1611 causa
1055 1551 1204 1609 illuc
1245 1551 1555 1630 profectus
1601 1566 1712 1625 est,
1759 1553 1916 1612 alius

135 1661 206 1709 ut
272 1661 487 1711 votum
552 1652 851 1725 solveret,
917 1652 1074 1710 alius
1132 1650 1214 1709 ad
1265 1650 1634 1730 placandum
1688 1670 1920 1711 numen

135 1751 360 1810 scelere
415 1752 750 1826 violatum,
808 1752 1092 1811 omnibus
1147 1768 1261 1829 pro
1322 1760 1485 1808 certo
1542 1752 1714 1810 stetit
1767 1752 1922 1812 faci-

131 1851 256 1910 lius
317 1871 384 1910 se
427 1850 682 1911 deorum
726 1853 984 1929 gratiam
1030 1860 1510 1930 consequuturos
1554 1870 1689 1910 esse
1732 1855 1786 1912 si
1837 1853 1920 1913 ad

129 1953 439 2031 principes
509 1970 724 2015 eorum
791 1969 929 2011 aras
994 1952 1448 2010 sacrificassent.
1558 1950 1774 2032 Itaque
1840 1973 1918 2013 ne

129 2052 280 2112 haec
345 2051 591 2131 quidem
626 2053 845 2117 sacri.
880 2051 1287 2110 Samothracii
1355 2050 1675 2111 celebritas
1744 2072 1920 2132 argu-

134 2163 408 2212 mentum
453 2151 728 2232 praebet,
772 2169 909 2210 cum
951 2152 1210 2210 initiatis
1255 2151 1446 2210 ullam
1487 2149 1919 2232 philosophiae

137 2261 245 2312 aut
302 2253 536 2312 ethicae
593 2261 700 2312 aut
752 2251 1045 2331 physicae
1112 2260 1354 2330 partem
1410 2255 1919 2314 communicatam

135 2373 286 2413 esse.
382 2352 594 2432 Neque
645 2354 711 2411 in
764 2351 986 2415 ritibus
1042 2353 1196 2430 ipsis
1239 2351 1574 2432 quidquam
1616 2356 1921 2434 reperitur

135 2453 302 2533 quod
356 2454 512 2520 hanc
568 2453 920 2532 opinionem
965 2452 1300 2515 confirmet.
1385 2453 1660 2512 Primum
1703 2455 1921 2514 mulien

134 2574 232 2615 res
293 2554 515 2614 horum
569 2562 941 2613 secretorum
985 2553 1258 2612 conscias
1302 2553 1494 2614 factas
1539 2573 1673 2614 esse
1717 2572 1920 2615 exem-

134 2655 242 2736 plo
295 2661 438 2712 sunt
495 2651 819 2733 Olympias
876 2659 939 2709 et
990 2650 1371 2726 Harmonia,
1429 2673 1687 2734 quarum
1746 2656 1920 2716 illam

135 2755 455 2837 Philippus
536 2753 692 2812 hanc
770 2749 1040 2812 Cadmus
1119 2736 1325 2812 Schol.
1397 2754 1663 2813 Phoenn.
1730 2775 1790 2816 v.
1859 2757 1918 2814 7.

136 2864 412 2935 tempore
454 2853 890 2931 mysteriorum
933 2852 1054 2912 sibi
1085 2854 1440 2913 conciliasse
1468 2853 1708 2929 dicitur,
1754 2856 1920 2936 quod

139 2953 260 3012 nisi
326 2955 611 3032 imperite
677 2953 882 3013 fictum
924 2962 1064 3026 sest,
1135 2953 1406 3014 ostendit
1458 2965 1621 3031 certe
1677 2957 1917 3036 utrique

262 3161 336 3219 [d]
381 3161 529 3218 Pomp.
558 3160 679 3204 Mela
707 3161 860 3203 111.6.
894 3163 935 3205 1.
967 3170 1054 3207 not.

264 3249 328 3305 [†]
378 3247 472 3291 Cic.
502 3246 557 3289 de
584 3248 756 3304 harusp.
787 3261 899 3305 resp.
929 3264 966 3292 c.
997 3249 1121 3293 XIII.
1164 3249 1359 3292 Lucilius
1388 3251 1530 3296 Aetna
1558 3249 1658 3294 563.

397 3305 656 3375 Magnificus
685 3305 815 3349 aedes
844 3320 1110 3363 operosaque
1140 3307 1280 3350 visere
1309 3309 1468 3366 templa

396 3364 630 3419 trajicimus
659 3364 793 3409 maria
822 3376 874 3407 ac
902 3368 1057 3406 terras.
