2150 3814
217 212 345 281 976
746 227 984 274 mena
1027 225 1455 271 sncuNnus.

218 364 288 424 Τ.
329 362 438 423 ΙΧ.
491 381 552 442 p.
607 360 706 419 27.
762 368 824 417 et
873 359 932 416 si
984 358 1119 436 quis
1175 373 1371 419 novas
1425 355 1665 417 fabulas
1726 356 1988 436 scripsit,

219 466 513 523 recitatae
557 459 751 536 magis
795 467 938 515 sunt
981 474 1165 534 quam
1209 466 1398 516 actae.
1452 456 1685 515 Plinius
1728 453 1831 515 VI.
1877 455 1993 535 Ep.

223 565 319 624 19.
384 560 789 637 Virginius
854 555 1244 614 Romanus
1305 574 1551 637 nuper
1617 555 1809 633 legit
1868 573 1995 615 co-

217 660 595 724 moediam
641 655 734 715 ad
779 655 1171 734 exemplar
1211 658 1514 717 veteris·
1551 654 1996 715 comoediae

218 763 610 839 scriptam.
714 757 774 815 Is
848 754 1100 833 ποιητὴς
1166 738 1436 837 ἀρχαίας,
1485 756 1818 837 κωμῳδίας
1869 754 1997 814 dici

215 861 446 943 poterit
487 859 646 917 sicut
702 856 772 915 L.
818 854 1108 914 Annaeus
1166 853 1400 913 Seneca
1438 855 1705 935 ,ποιητὴς
1751 879 1997 939 τραγῳ-·

216 963 357 1032 δίας
401 957 680 1042 ἀρχαίας.
761 955 830 1014 Si
873 956 1007 1034 quis
1050 955 1301 1034 ποιητὴς
1343 953 1605 1038 ἀρχαίας
1645 953 1999 1039 τραγῳδίας

215 1066 284 1123 in
325 1078 506 1121 scena
549 1067 722 1117 actae
764 1055 988 1115 allatus
1030 1056 1246 1128 fuerit,
1302 1063 1374 1112 ut
1416 1062 1509 1112 est
1559 1053 1836 1133 ποιητὴςῖ
1862 1078 2000 1115 και-

216 1172 326 1244 νῆς
381 1163 532 1243 (non
573 1154 740 1235 νέας)
784 1155 1139 1241 τραγῳδίας
1193 1153 1500 1232 simulque
1555 1154 1852 1233 patueritr
1883 1153 2002 1213 hoc
2092 1205 2094 1215 ,

218 1264 618 1340 antiquum
661 1275 850 1334 genus
895 1253 1248 1331 tragoediae
1290 1272 1418 1312 non
1460 1255 1699 1314 novitio
1738 1251 2000 1328 cuidam,

217 1363 382 1443 quali
425 1359 759 1419 Tarsenses
802 1362 866 1412 et
908 1352 1310 1413 Alexandrini
1364 1354 1630 1413 fortasse
1685 1356 1784 1414 usi
1838 1365 2001 1429 sunt,

118 1456 121 1461 ’
218 1462 327 1524 sed
379 1461 473 1519 illi
520 1457 790 1537 opponi,
845 1456 912 1513 in
971 1471 1091 1532 quo
1145 1453 1488 1529 Aeschylus
1545 1462 1608 1512 et
1664 1453 2000 1534 Sophocles

216 1559 665 1630 excelluerunt,
725 1571 959 1614 errasse
1001 1572 1103 1611 me
1147 1551 1496 1612 confitebor.

387 1659 562 1719 Haec
616 1656 747 1715 fere
813 1654 963 1712 olim
1020 1654 1240 1732 scripsi
1293 1654 1361 1712 in
1412 1651 1579 1711 Diss.
1650 1651 1742 1712 de*
1781 1652 2003 1714 Aetate

221 1760 486 1839 Orphei,
545 1775 742 1835 neque
797 1754 873 1812 ab
933 1773 1007 1811 ea
1060 1756 1364 1812 sententia
1414 1773 1514 1812 me
1553 1753 1829 1813 ‘deduxit
1881 1756 2004 1816 viri

219 1860 386 1920 docti
431 1857 794 1936 disputatio,
840 1855 946 1932 qui
988 1852 1300 1911 Boeckhio
1346 1871 1628 1914 assensus
1674 1865 1782 1914 est.
1837 1855 2002 1919 Ante

223 1957 552 2039 Thespidis
623 1965 888 2015 aetatem
955 1954 1158 2033 prima
1215 1953 1623 2013 fundamenta
1691 1963 1754 2012 et
1831 1956 2015 2034 quasi,

219 2062 459 2122 semina
501 2055 851 2133 tragoediae
886 2054 1055 2131 jacta
1101 2072 1266 2126 esse,
1310 2053 1622 2130 Bentlejus
1666 2055 1803 2133 ipse
1846 2053 2004 2114 affir-

219 2170 349 2222 mat
391 2179 452 2239 p.
494 2156 636 2216 311.
680 2173 876 2233 neque
919 2171 1187 2231 unquam
1233 2152 1662 2211 addubitatum
1707 2162 1816 2212 est.
1880 2153 2004 2213 Sed

220 2257 568 2338 tragoedias
614 2273 718 2313 eas
762 2273 922 2342 esse!
937 2261 1192 2314 vocatas
1218 2253 1388 2311 nullo
1419 2253 1758 2332 probabi-lis
1796 2262 2005 2314 aucto·

218 2363 306 2422 ris
350 2357 705 2418 testimonio
764 2363 1020 2413 constat.
1120 2352 1334 2431 Neque
1387 2353 1689 2429 Horatio,
1743 2353 2006 2414 Diosco-

221 2459 395 2521 ridae
462 2457 723 2533 aliisque
789 2455 899 2513 vix
965 2451 1504 2526 numerabilibus,'
1560 2456 1665 2532 qui
1732 2453 2005 2534 Thespin

222 2556 573 2637 tragoediae
615 2556 1002 2613 inventorem
1046 2550 1388 2630 perhibent,
1435 2555 1669 2632 opponi
1715 2553 1898 2614 debet
1925 2556 2005 2614 il·

224 2659 332 2720 lud
376 2655 554 2717 futile
599 2651 827 2712 Suidae
871 2661 1285 2711 commentum
1328 2651 1405 2710 de
1461 2652 1808 2732 quindecim
1853 2655 2005 2716 Tra·
2103 2675 2114 2678 ⁴

223 2762 403 2840 giciS‚
459 2756 689 2836 quippe
744 2751 1130 2811 simillimum
1173 2753 1283 2824 iis,
1342 2770 1502 2831 quae
1545 2752 1624 2812 de
1666 2755 2002 2835 Epicorum

226 2862 401 2921 affert
453 2852 936 2916 successionibus
992 2854 1455 2912 commenticiis,
1559 2854 1628 2913 Si
1671 2857 1806 2934 quis
1849 2874 2001 2917 vero

223 2968 405 3042 putat
445 2958 602 3017 hanc
655 2970 904 3013 causam
947 2951 1201 3010 Eusebii
1257 2953 1620 3012 auctoritate
1675 2958 2006 3015 sustentari

224 3064 440 3142 posse3
507 3054 954 3134 Xenophanem
1011 3051 1483 3136 τραγῳδοποιόν
1537 3057 1848 3128 vocantis,
1907 3058 2001 3116 rei

228 3166 656 3219 controversae
702 3149 1057 3235 probandae
1073 3186 1082 3195 2
1111 3172 1242 3211 rem
1298 3173 1486 3233 aeque
1544 3164 2002 3216 controversam

228 3257 504 3330 adhibet3
557 3274 703 3314 nam
743 3256 923 3314 illum
973 3252 1221 3312 Eusebii
1262 3254 1468 3313 locum
1511 3256 1850 3334 quicunque
1892 3255 2000 3314 ad-

228 3360 345 3418 huc
399 3357 758 3434 attigerunt,
827 3355 1050 3416 vitiose
1113 3354 1407 3434 scriptum
1474 3372 1607 3413 esse
1663 3355 1999 3413 conclama-
