2210 3886
820 246 1270 289 ORPHICA.
1807 240 1933 300 789

156 384 262 433 aut
329 376 394 432 in
460 373 743 447 Stobaei,
824 373 1080 432 Eusebii
1151 385 1212 432 et
1267 375 1715 456 olympiodori·
1768 385 1929 442 notis

153 475 480 534 lectionum
526 473 886 546 diversitaS,
930 474 1051 532 nisi
1094 474 1257 553 quod
1301 495 1446 556 pars
1492 477 1772 538 codicum
1816 506 1927 543 κα-

151 572 490 637 ταπαύσετε
559 575 821 633 exhibet.
924 572 1106 634 Unus¹
1162 574 1520 635 Plutarchus
1586 580 1928 658 paullulum

150 672 457 754 discrepat
499 673 593 733 de
618 681 697 736 Εἰ
739 693 836 755 ap.
884 675 1105 754 Delph.
1150 674 1284 735 XV.
1325 677 1467 738 236.
1505 679 1680 738 -illam
1728 680 1929 740 Plato-

148 775 243 832 nis
322 774 805 855 disputationem
890 775 1293 836 adumbrans:
1401 783 1684 842 ἐνταῦθα
1763 777 1927 865 λήγει

153 873 424 938 Πλάτων
468 876 538 938 τὸ
579 875 880 959 Ὀρφικὸν
922 875 1199 940 ὑπειπών

275 1016 428 1087 (Έκτῃ
465 1016 518 1068 δ’
560 1018 612 1068 ἐν
647 1021 787 1086 γενεῇ
823 1014 1184 1069 καταπαύσατε
1223 1018 1396 1084 θυμὸν
1434 1017 1625 1087 ἀοιδῆς.

143 1166 256 1227 pro
315 1165 436 1225 quo
494 1146 787 1206 Petavius
844 1145 1036 1227 ἀηδής
1096 1148 1297 1222 dedit,
1367 1168 1611 1208 causam
1681 1151 1929 1229 ineptae

142 1237 547 1306 aberrationis
602 1246 697 1306 ad,
739 1248 1191 1313 κατακαύσεται
1245 1249 1474 1331 κόσμος
1518 1248 1739 1331 ἀειδής.
1825 1249 1926 1310 Ad

141 1348 452 1407 Plutarchi
515 1349 880 1428 scripturam
950 1352 1207 1431 propius
1274 1349 1507 1411 accedit
1561 1351 1804 1429 Sibylla
1855 1351 1924 1411 L.

139 1449 244 1508 III.
289 1468 359 1529 p„
397 1447 539 1508 256.

273 1574 460 1629 εΗνίκα
498 1572 562 1628 (5⁷²
598 1595 695 1642 μοι,
723 1576 896 1643 θυμὸς
934 1576 1194 1630 ἐπαύσατο
1231 1579 1411 1631 ἔνθεον
1447 1571 1606 1646 ὕμνον

140 1726 322 1788 quam
396 1708 764 1766 sententiam
834 1707 956 1764 alio
1015 1707 1203 1766 modo
1260 1711 1606 1769 enuntiavit
1662 1711 1724 1767 in
1783 1707 1925 1767 libri

140 1809 303 1867 tertii
346 1808 652 1886 principio
933 1796 936 1799 V
1404 1791 1407 1794 ’
1655 1821 1658 1826 ·
1783 1800 1785 1803 “

266 1928 441 2003 Ἠμος
479 1933 543 2002 δὴ
576 1933 860 1986 κατέπαυσε
898 1931 1025 1993 θεὸς
1059 1932 1460 2006 πολυπάνσοφον
1498 1932 1654 2008 ᾠδήν.

141 2066 406 2140 Quinam
464 2084 611 2127 vero
656 2065 747 2124 illi
792 2065 944 2138 sint,
1009 2083 1163 2144 quos
1209 2065 1492 2145 Orpheus
1550 2085 1786 2126 cessare
1820 2067 1926 2144 ju-

140 2168 271 2242 bet,
335 2187 413 2226 ne
481 2167 832 2244 conjectura
902 2164 1150 2244 quidem
1221 2166 1420 2244 effingi
1474 2175 1683 2246 potest
1695 2186 1711 2238 ;
1777 2184 1923 2225 nam

140 2267 352 2326 Musas
418 2265 500 2325 ad
565 2264 1009 2344 auspicandum
1067 2264 1316 2344 quidem
1373 2274 1618 2324 cantum
1671 2267 1926 2324 incitare

139 2367 342 2427 solent
383 2375 626 2445 poetae,
673 2364 755 2424 ad
796 2365 1135 2424 finiendum
1180 2384 1306 2423 non
1347 2367 1515 2425 item.
1558 2366 1773 2444 Itaque
1817 2364 1925 2424 ad-

136 2467 278 2526 duci
319 2484 446 2525 non
485 2483 739 2545 possum
784 2467 932 2544 quin
974 2465 1322 2524 existimem
1359 2465 1696 2539 Socratem,
1719 2484 1926 2545 ‚quum

139 2567 460 2627 Philebum
528 2575 591 2625 et
657 2565 1054 2625 Protarchum
1110 2566 1552 2646 alloqueretur,
1595 2568 1926 2647 *imperati-

137 2687 286 2730 vum
330 2668 505 2727 illum
550 2666 941 2726 substituisse
983 2685 1098 2746 pro
1143 2667 1266 2726 alio
1314 2667 1504 2730 verbi.
1533 2666 1759 2740 modo,
1803 2685 1924 2746 quo

139 2767 424 2849 Orpheus
493 2786 641 2828 usus
712 2776 859 2827 erat.
945 2766 1068 2827 Hic
1124 2767 1390 2827 fortasse
1447 2770 1692 2848 scripsit
1748 2768 1925 2829 κατέ-

138 2871 342 2932 παυσὲ
386 2894 451 2931 τε
506 2867 778 2951 κόσμον,
840 2876 1131 2948 sequente
1175 2869 1368 2927 altero
1413 2894 1508 2941 τε,
1553 2867 1632 2926 de
1652 2826 1921 2927 'Proser-

137 2972 320 3050 pinae
380 2971 540 3028 inter
595 2967 928 3028 texendum
973 2971 1276 3029 cantantis
1320 2978 1428 3028 aut
1470 2969 1628 3028 alius
1673 2967 1924 3029 divinae

138 3071 410 3130 textricis
454 3079 564 3129 aut
604 3052 924 3149 Apollinis
958 3071 1157 3150 ipsius
1202 3070 1502 3129 cantilena
1545 3070 1840 3150 loquutus
1884 3087 1921 3127 a

138 3170 355 3231 mundi
408 3169 800 3252 primordiis,
856 3178 928 3229 ut
979 3170 1258 3244 videtur,
1313 3190 1502 3252 usque
1559 3169 1638 3230 ad
1682 3179 1917 3230 sextam

140 3271 239 3329 vel
284 3271 539 3330 deorum
585 3271 687 3333 vel
730 3271 1049 3331 hominum
1095 3280 1358 3331 aetatem
1402 3271 1720 3353 producta.
1809 3268 1919 3337 Sin

142 3370 418 3430 lectionis
471 3391 510 3432 a
553 3371 876 3432 Plutarcho
926 3381 1206 3435 servatae
1249 3375 1466 3455 θυμὸν
1512 3373 1724 3451 ἀοιδῆς
1760 3370 1917 3429 rafiO
