2150 3814
813 269 1374 316 sAMo‘rHRAclA.
1830 263 1994 327 1119

206 406 307 468 σὶν
365 405 486 467 ὑπὸ
543 398 879 483 Κουρήτων
937 402 1378 482 ὀνομασθῆναι
1432 402 1528 464 ὅτι
1587 404 1701 467 τὸν
1743 407 1992 489 Κρόνον

205 507 415 574 αὐτοῖς
469 498 771 586 φεύγουσι
823 501 931 562 καὶ
973 506 1056 571 εἰς
1101 502 1254 564 αὐτὸ
1299 502 1698 567 καταὸυεῖσιν
1743 505 1991 591 ἐπήρκε-

202 621 334 667 σεν·
408 602 572 664 οὕτω
637 598 872 667 Ξενίων
939 605 1008 666 ἓν
1077 607 1208 673 τοῖς
1266 604 1407 686 περὶ
1462 601 1736 686 Κρήτης,
1795 613 1860 668 et
1916 622 1992 667 ex

198 700 375 760 Arati
429 700 469 759 l.
515 721 562 760 c.
619 702 726 781 qui
780 719 957 762 ursas
1011 703 1215 783 ipsas,
1276 703 1535 764 Helicen
1595 715 1658 764 et
1715 703 1993 783 Cynosu-

194 812 361 872 ram,
416 798 596 863 Jovis
651 803 719 862 in
763 798 948 862 Creta
992 806 1259 865 nutrices
1301 806 1494 865 fuisse
1537 805 1760 880 tradit,
1804 824 1992 888 quan-

195 918 382 980 quam
440 902 548 962 alii
603 903 760 964 hanc
816 904 1093 965 fabulam
1149 905 1230 964 ad
1276 903 1575 982 Cyzicum
1618 907 1993 968 transferunt

191 1000 454 1080 Magnae
496 1005 714 1063 matris
756 1005 1155 1082 religionibus
1201 1014 1637 1079 consecratam,
1684 1017 1745 1066 et
1781 1009 1990 1088 ipsum

178 1104 474 1184 ’Ἄρκτων
533 1107 678 1185 ὄρος
748 1104 891 1163 hinc
946 1113 1236 1164 vocatum
1292 1112 1517 1183 putant
1585 1106 1692 1168 διὰ
1746 1107 1818 1169 τὸ
1875 1108 1990 1178 τὰς

191 1204 467 1284 τροφοὺς
522 1211 636 1266 τοῦ
681 1203 830 1272 Διὸς
873 1206 998 1265 ἐκεῖ
1035 1209 1120 1273 εἷς
1165 1206 1434 1285 ἄρκτους
1475 1210 2003 1290 μεταμορφωθῆ-

188 1325 295 1365 ναι
351 1301 553 1362 Schol.
610 1302 819 1382 Apoll.
874 1302 921 1363 Ι.
979 1303 1124 1364 941.
1211 1303 1504 1365 Euemeri
1560 1307 1988 1367 testimonium

190 1400 443 1463 Curetes
512 1423 548 1462 e
607 1401 768 1466 Jove
823 1413 886 1463 et
942 1402 1186 1465 Junone
1242 1415 1423 1466 natos
1483 1405 1741 1467 dicentis
1796 1404 1986 1466 Diod.

186 1504 435 1582 Fragm.
478 1504 549 1563 L.
593 1503 694 1564 VI.
739 1525 800 1586 p.
845 1505 904 1564 6.
948 1515 1203 1586 propter
1246 1524 1555 1567 summam
1594 1508 1862 1568 auctoris
1897 1507 1986 1566 le-

186 1607 447 1666 vitatem
490 1606 981 1685 praetermittam
998 1650 1016 1679 ‚
1058 1625 1171 1665 nec
1211 1606 1369 1666 Istro
1416 1617 1478 1666 et
1518 1605 1984 1667 Anaximandro

186 1715 329 1765 utar
381 1724 642 1786 quorum
697 1707 836 1780 ille,
891 1725 1083 1786 quum
1140 1703 1394 1766 Curetes
1454 1707 1644 1766 olim
1704 1707 1800 1789 (τὸ
1861 1731 1985 1769 πα-

187 1805 389 1884 λαιόν)
453 1806 719 1866 Saturno
776 1807 1136 1867 immolasse
1192 1805 1485 1866 scriberet
1526 1825 1587 1868 v.
1631 1806 1875 1884 Fragm.
1919 1826 1983 1887 p.

184 1902 286 1964 75.
342 1923 469 1965 non
514 1904 798 1980 CureteS,
857 1907 936 1966 de
979 1906 1201 1987 quibus
1244 1905 1345 1965 hic
1388 1908 1617 1984 agitur,
1675 1906 1788 1967 sed
1832 1900 1988 1966 Cre-

183 2015 387 2068 tenses
419 2017 658 2068 veteres
691 2008 953 2087 intelligi
996 2007 1203 2070 voluit
1219 2008 1317 2088 [g]‚
1363 2007 1519 2067 alter
1562 2016 1770 2067 autem
1813 2008 1982 2068 insu-·

184 2106 346 2180 lam,
405 2126 562 2187 quae
615 2110 790 2188 prius
846 2107 1036 2168 Aeria
1093 2107 1291 2180 dicta,
1348 2126 1387 2167 a
1445 2105 1627 2166 Crete
1684 2105 1983 2168 Curetum

184 2226 324 2284 rege
382 2205 635 2268 Curetin
692 2209 1249 2268 transnominatam
1293 2206 1545 2268 tradens
1591 2207 1783 2267 Solin.
1828 2228 1876 2267 c.
1921 2207 1981 2268 9.

187 2317 347 2366 certe
393 2306 846 2368 dubitationem
889 2308 1182 2387 relinquit
1197 2350 1214 2378 ‚
1260 2316 1431 2367 utros
1474 2307 1790 2385 significet,-
1837 2304 1982 2367 Cre·

184 2416 278 2467 tes
334 2425 415 2466 an
460 2404 731 2467 Curetes,
815 2406 980 2467 Hinc
1033 2406 1464 2487 progredimur
1519 2406 1601 2466 ad
1643 2407 1982 2484 Pragmati-

186 2524 396 2566 corum
450 2505 727 2580 fabulas,
793 2525 943 2588 quas
999 2506 1317 2566 Diodorus
1371 2506 1563 2565 refert
1618 2507 1723 2565 III.
1769 2507 1869 2568 60.
1917 2516 1980 2567 et

184 2607 256 2666 V.
300 2604 402 2667 65.
458 2608 667 2687 priore
720 2606 856 2667 loco
914 2604 1090 2668 Jovis
1149 2608 1548 2686 antiquioriS,
1591 2607 1789 2685 reguli
1834 2605 1979 2667 Cre-

183 2709 318 2782 tici,
363 2706 576 2767 decem
621 2708 814 2782 filios,
856 2709 1110 2768 nomine
1157 2704 1443 2779 CureteS‚
1487 2706 1708 2782 fuisse3
1765 2725 1977 2767 secun-

183 2808 264 2869 do
322 2819 470 2890 post
510 2807 812 2886 Dactylos
867 2809 935 2869 in
989 2806 1171 2868 Creta
1225 2807 1502 2866 extitisse
1558 2802 1811 2866 Curetes
1866 2825 1975 2865 no-

185 2927 330 2970 vem
382 2910 487 2971 vel
543 2912 877 2988 terrigenas
932 2910 1036 2972 vel
1092 2910 1340 2968 illorum
1383 2915 1698 2987 posteros,
1753 2925 1976 2989 pecua-

186 3011 333 3085 riae,
373 3011 688 3083 mellificii‚
730 3012 1081 3071 venationis
1128 3018 1189 3068 et
1224 3024 1542 3067 armorum
1577 3001 1651 3087 [¹¹]
1697 3014 1973 3087 reperto-

305 3179 379 3237 [ss]
434 3179 644 3226 Athenas.
698 3195 736 3224 c.
785 3181 920 3226 Gent.
968 3196 1010 3240 p.
1052 3180 1124 3224 21.
1170 3179 1223 3222 C.
1290 3180 1502 3228 Φοίνικες
1549 3175 1628 3221 καὶ
1672 3178 1845 3236 Κρῆτες
1891 3173 1974 3222 τὸν

189 3233 369 3295 Κρόνον
414 3238 466 3284 ἔν
502 3244 600 3290 ταῖς
645 3244 960 3291 τεκνοθυσίαις
1006 3234 1302 3298 ἐθεράπευον.
1371 3235 1490 3291 Idem
1528 3234 1584 3279 de
1623 3234 1796 3293 Lyctiis
1845 3234 1973 3278 Anti·

190 3294 549 3398 cgdletemaffirmat
587 3297 704 3357 apud
750 3298 1037 3359 PorphyrIum
1083 3297 1231 3341 eodem
1272 3296 1367 3339 loco
1411 3307 1496 3353 quo
1537 3293 1638 3339 lutri
1679 3293 1968 3338 testimonium

187 3368 213 3397 a
250 3368 274 3397 e
371 3386 383 3398 .

305 3425 380 3484 [fl]
432 3425 597 3486 Εὑρεῖν
630 3428 682 3474 δὲ
712 3429 790 3474 καὶ
817 3432 928 3488 ξίφη
959 3431 1035 3473 καὶ
1066 3425 1207 3487 κράνη
1239 3429 1314 3471 καὶ
1354 3423 1433 3476 τὰς
1471 3425 1707 3473 ἐνοπλίους
1746 3418 1965 3481 ὀρχήσεις.

1469 3491 1634 3559 22*
