2150 3814
235 212 398 272 1300
779 223 1015 267 mmm
1076 222 1442 280 'rssRfrlus

227 353 336 416 lud
391 352 788 435 proverbium
844 356 930 437 μὴ
972 354 1378 441 μελαμπύγου
1420 354 1610 437 τύχῃς
1653 355 1754 416 Vel
1796 353 2002 435 τύχοις

227 457 430 538 primo
474 462 837 535 usurpatum
883 464 1028 537 post
1065 454 1146 515 ad
1186 456 1468 516 homines
1503 453 1866 515 fortitudine
1901 474 2013 514 no-

227 570 383 631 biles
442 568 808 628 translatum
869 569 1150 641 videtur,
1224 567 1302 628 de
1374 569 1593 650 quibus
1664 571 2016 630 etiamnunc

231 673 322 731 ita
378 668 764 749 perhibetur,
822 670 968 740 τοὺς
1021 668 1348 755 γενναίους
1401 672 1536 750 ἤτοι
1592 672 1856 756 εὐγενεῖς
1912 695 2017 750 με·

234 766 595 855 λαιιπύγους
638 770 813 833 εἶναι.

397 868 468 926 In
512 869 665 928 alias
709 870 988 946 regiones
1046 865 1387 949 Cercopum
1447 868 1768 928 latrocinia
1822 881 2018 928 trans-

231 968 350 1028 fert
395 967 596 1028 Schol.
653 968 872 1029 Aesch.
929 967 1007 1029 de
1051 968 1215 1028 Fals,
1259 967 1402 1046 Leg.
1461 989 1521 1048 p.
1569 968 1712 1028 224.
1771 969 2019 1052 Κέρκω-

231 1068 336 1139 πές
375 1070 552 1153 γένος
605 1093 666 1131 τι
722 1070 1004 1152 ὑπῆρχον
1048 1077 1292 1150 λῃστῶν
1336 1069 1442 1131 καὶ
1483 1066 1865 1152 πανούργων
1906 1093 2019 1132 κα-
2100 1133 2113 1141 x

230 1169 308 1231 τοὶ
366 1169 483 1248 τὴν
537 1166 830 1252 Λιβύην,
900 1170 1011 1238 οὓς
1069 1167 1489 1251 ἐτιμωρήσατο
1538 1171 1857 1253 ςΗρακλῆς
1912 1168 2018 1231 διὰ

227 1293 343 1346 την
374 1269 606 1347 κλοπὴν
649 1276 780 1331 τῶν
817 1271 996 1345 βοῶν
1033 1277 1146 1331 τοῦ
1179 1267 1530 1351 Γηρυόνου·
1574 1256 1740 1349 ἦσαν
1773 1268 1844 1332 δὲ
1882 1267 2018 1332 δύο

229 1366 397 1425 ubi
405 1385 628 1428 vorem
687 1385 764 1424 ne
819 1368 1028 1425 notius
1083 1386 1308 1426 nomen
1362 1367 1576 1450 Λιβύη
1645 1368 2023 1449 subrepserit

230 1484 346 1546 pro
391 1465 599 1553 Λιγύη
645 1467 803 1525 sicut
844 1468 909 1525 in
954 1466 1256 1526 Plutarch.
1311 1466 1534 1526 Aemil.
1594 1467 1761 1526 Paul.
1817 1488 1864 1526 c.
1923 1468 2022 1528 31.

233 1576 294 1624 et
356 1566 493 1625 aliis
551 1566 701 1624 locis
758 1565 993 1626 factum
1052 1575 1161 1626 est.
1219 1585 1279 1628 v.
1335 1566 1594 1626 Palmer.
1653 1567 1735 1627 ad
1791 1567 2022 1627 Memn.

231 1665 396 1725 Hist.
445 1687 492 1725 c.
540 1651 1176 1749 CXXIX.'0re11.[¹¹].
1221 1667 1379 1728 Nam
1424 1668 1535 1727 illa
1579 1666 1657 1726 de
1700 1667 2024 1745 Pygmaeis

232 1766 446 1826 fabula
489 1766 698 1825 fratris
743 1766 969 1827 Antaei
1024 1786 1233 1826 necem
1293 1768 1516 1827 ulturis
1578 1768 1720 1827 huic
1771 1785 2025 1848 prorsus

238 1866 559 1926 dissimilis
593 1869 664 1945 [⁶]
734 1884 935 1946 neque
978 1866 1276 1927 Manilius
1333 1868 1436 1927 IV.
1486 1868 1644 1929 664.
1711 1878 1785 1926 et
1843 1887 2026 1948 por-

234 1974 600 2026 tentosos
641 1963 1070 2046 Cercopum
1114 1966 1327 2026 ludit
1369 1969 1449 2026 in
1494 1975 1718 2026 ortus
1759 1966 1900 2026 illos
1936 1967 2026 2027 la-

234 2066 549 2125 trunculos
595 2064 704 2123 sed
750 2083 1071 2142 germanos
1117 2067 1329 2125 simias
1372 2067 1660 2142 intelligit
1687 2063 1784 2147 [f].
1868 2067 2028 2127 Her-

237 2165 433 2224 culem
480 2174 687 2223 autem
733 2184 767 2222 e
810 2164 1012 2241 Libya
1054 2166 1117 2223 in
1156 2165 1419 2224 Iberiam
1456 2164 1801 2244 profectum
1839 2184 2028 2244 quum

236 2265 378 2346 hinc
420 2263 616 2323 redux
659 2264 965 2342 Geryonis
1012 2275 1291 2324 armenta
1333 2284 1445 2345 per
1474 2248 1848 2342 Ligusticam
1895 2283 2030 2343 age-

237 2374 363 2438 ret,
418 2374 741 2444 raptorum
780 2364 1023 2424 insidiis
1069 2366 1334 2444 petitum
1396 2383 1528 2424 esse
1582 2375 1833 2424 narrant
1873 2365 2028 2424 Dio-

242 2463 431 2525 dorus
474 2463 576 2522 IV.
628 2464 723 2523 19.
769 2466 869 2524 20.
928 2475 990 2523 et
1032 2463 1454 2545 Apollodorus
1497 2466 1573 2523 II.
1621 2463 1676 2525 5.
1723 2466 1779 2524 9.
1838 2483 2027 2545 quan—

242 2550 427 2644 quam
475 2564 540 2623 hi
584 2580 709 2623 non
755 2561 1098 2644 Cercopum
1156 2583 1382 2625 nomen
1426 2575 1642 2642 gerunt
1685 2564 1796 2625 sed
1837 2565 2027 2625 Hale-

365 2731 442 2806 [ἃ]
496 2734 650 2777 Tzetz.
682 2734 738 2777 ad
768 2735 874 2790 Lyc.
906 2731 1004 2779 649.
1047 2731 1159 2778 κατὰ
1188 2733 1292 2784 τοὺς
1318 2733 1384 2793 μὴ
1415 2733 1589 2785 εἰδότας
1619 2714 1842 2808 διαίρεσιν
1867 2731 2029 2794 κλιμά-

245 2807 336 2836 των
367 2791 479 2835 cm&
509 2791 591 2845 τὴν
620 2791 760 2838 αὐτὴν
789 2794 1036 2842 δοκοῦντας
1063 2791 1341 2848 Λιβυστικὴν
1373 2794 1450 2837 καὶ
1478 2792 1761 2852 Λιγυστικὴν
1789 2790 1930 2844 οἴτως
1956 2798 2026 2838 εἴ-

247 2865 399 2910 πομεν
429 2852 563 2908 ἔχειν.

367 2937 437 2994 [θ]
490 2937 697 2982 Philostr.
728 2939 876 2983 Iconn.
906 2940 965 2982 II.
995 2938 1066 2983 22.
1113 2939 1372 2982 Homunculi
1400 2939 1465 2983 illi
1503 2939 1548 2982 in
1588 2938 1739 2983 tabula
1766 2938 2027 2982 Hancarvil-

252 2995 382 3048 liana,
414 2997 467 3038 de
499 3011 584 3053 qua
615 2998 850 3040 Muellerus
879 2998 1070 3054 loquitur
1098 2998 1142 3040 in
1162 2998 1312 3041 Dorib.
1337 2998 1394 3041 T.
1411 2999 1447 3041 I.
1477 3014 1520 3055 p.
1536 2997 1635 3041 457.
1665 3012 1804 3040 nonne
1818 2998 2030 3054 Pygmaei

252 3060 352 3097 sunt
379 3056 523 3111 potius
554 3070 680 3111 quam
711 3056 964 3114 Cercopes2

371 3140 440 3198 [f]
502 3156 544 3184 v.
584 3142 881 3187 Lichteusteiu
921 3145 997 3187 De
1037 3143 1366 3197 Simiarum,
1415 3157 1558 3200 quae
1596 3143 1900 3186 veteribus
1938 3142 2026 3185 in-

255 3203 600 3254 notuerunt,
631 3202 832 3244 formis
862 3218 905 3260 p.
937 3205 1008 3246 50.
1046 3203 1178 3246 Plura
1207 3204 1392 3246 fortasse
1418 3202 1615 3244 Edward
1645 3203 1796 3259 Tyson
1824 3201 1868 3244 in
1898 3201 2026 3254 libro,

257 3259 378 3314 cujus
410 3258 543 3301 solam
572 3259 891 3318 inscriptionem
920 3261 1044 3304 novi.
1086 3262 1126 3303 A
1164 3261 1551 3319 philological
1592 3275 1754 3316 essay
1797 3273 2026 3303 concer—

258 3317 391 3373 ning
433 3317 530 3359 the
587 3321 1000 3377 cynocephali,
1050 3320 1146 3365 the
1187 3327 1383 3377 Satyrs
1425 3320 1536 3362 and
1567 3320 1870 3376 sphingeS‚
1912 3333 2025 3361 we·-

258 3375 377 3418 rein
420 3374 469 3419 it
513 3376 629 3418 will
671 3392 880 3436 appear
920 3379 1043 3422 that
1082 3378 1214 3434 they
1254 3392 1399 3422 were
1442 3377 1517 3421 all
1558 3378 1745 3421 either
1788 3378 1931 3433 Apes
1961 3390 2025 3419 or
