2150 3814
290 1081 1583 1174 „EPIMETRUM
1714 1077 1905 1165 l·,„-

670 1287 747 1337 ad
798 1286 855 1341 C.
905 1285 1018 1341 III.
1088 1291 1134 1351 ξ.
1182 1291 1230 1339 2.
1289 1293 1420 1338 not.
1469 1301 1518 1352 g.

203 1450 758 1570 Leontopodion‚
834 1495 1086 1556 herbam
1156 1497 1486 1572 magicam,
1553 1500 1796 1573 praeter
1865 1483 1990 1551 alia

205 1592 460 1650 nomina
519 1594 837 1671 magnifica
894 1604 956 1654 et
1011 1594 1382 1670 symbolica,
1427 1593 1805 1674 Λαμναμένη
1851 1585 1988 1672 (sic)

121 1764 126 1768 .
209 1693 449 1764 vocari,
515 1692 780 1752 traditur
834 1696 899 1753 in
952 1695 1173 1755 Nothis
1228 1693 1608 1754 Dioscuridis
1674 1692 1742 1750 L.
1785 1690 1886 1749 IV.
1942 1710 1988 1748 c.

214 1788 350 1848 131.
411 1811 471 1871 p.
531 1793 671 1851 233.
728 1802 790 1851 et
852 1795 918 1852 in
974 1794 1169 1854 literis
1234 1795 1520 1873 Ephesiis
1590 1789 1871 1851 Clemens
1929 1798 1989 1848 et

211 1887 558 1965 Hesychius
603 1892 755 1950 haec
797 1893 1069 1952 referunt
1098 1897 1299 1966 Ἄσκι,
1345 1890 1643 1964 Κατάσκι,
1687 1891 1830 1962 Λίξ,
1883 1890 1990 1951 Τέ-

210 1994 396 2070 τραξ,
467 1991 943 2072 Δαμναμενεύς,
1014 1994 1119 2072 qui
1179 2003 1384 2052 utrum
1442 1990 1593 2049 nudi
1647 1990 1875 2050 fuerint
1930 1999 1991 2048 et

212 2089 380 2146 sine
423 2099 670 2148 mente
714 2094 907 2164 soni,
952 2111 1030 2151 an
1072 2091 1415 2168 Magorum,
1471 2108 1731 2168 quorum
1775 2109 1992 2168 perve-

211 2194 312 2245 tus
357 2186 589 2266 Ephesi
645 2190 980 2264 habitatio,
1036 2190 1340 2253 vocabula
1397 2189 1752 2262 vernacula,
1796 2187 1994 2248 adhuc

211 2305 336 2346 non
381 2290 786 2368 exploratum.
872 2292 1204 2350 Formulae
1245 2292 1544 2367 magicae,
1590 2308 1745 2368 quae
1789 2288 1995 2347 dicun-

213 2394 342 2459 tur,
388 2397 458 2446 ut
500 2390 836 2468 plurimum
881 2394 1153 2451 exoticae
1198 2401 1399 2464 erant,
1451 2391 1693 2469 ipsique
1732 2388 1992 2448 Romani

213 2496 454 2548 veteres
497 2491 856 2570 inscriptum
905 2493 1076 2550 ostiis
1111 2491 1302 2550 Arse
1344 2490 1657 2570 verse[³]
1703 2488 1842 2568 plus
1885 2505 1989 2549 va-

214 2587 341 2645 lere
401 2587 481 2647 ad
540 2589 980 2669 compescenda
1033 2590 1317 2649 incendia
1373 2588 1762 2649 crediderunt
1806 2606 1987 2668 quam

218 2688 271 2746 si
339 2688 596 2748 eandem
655 2689 1127 2751 detestationem
1181 2690 1522 2752 vernaculis
1579 2687 1989 2748 reddidissent

218 2776 430 2848 literiS.
530 2788 630 2850 Ad
685 2791 947 2851 alterum
999 2809 1186 2868 genus
1241 2789 1629 2850 referendum
1674 2797 1765 2847 est
1807 2806 1987 2847 sono-

339 2971 412 3029 [ἢ]
466 2989 506 3016 v.
536 2974 675 3016 Lanzi
705 2975 839 3032 Sagg.
871 2977 927 3018 T.
958 2976 1016 3017 Π.
1047 2972 1147 3018 490.
1194 2974 1355 3017 Graeci
1385 2973 1506 3016 ostiis
1534 2971 1825 3014 inscribebant
1871 2975 1986 3020 εἴςο-

220 3028 298 3077 δος
327 3029 491 3087 ἀγαθῷ
523 3033 707 3092 δαίμονι
735 3049 776 3076 v.
808 3049 925 3091 supr.
959 3034 1009 3076 C.
1040 3035 1091 3076 V.
1124 3037 1164 3087 ς.
1195 3034 1237 3076 9.
1278 3033 1348 3076 vel
1388 3030 1410 3075 ὁ
1454 3032 1532 3075 τοῦ
1563 3027 1672 3079 Διὸς
1710 3035 1817 3078 παῖς
1850 3027 1987 3087 ‘Hocc-

220 3089 324 3139 κλῆς
354 3086 376 3131 ὃ
408 3091 661 3140 καλλίνικος
691 3089 845 3136 ἐνθάδ’
881 3095 1015 3148 οῖκεῖ,
1046 3091 1192 3150 μηδὲν
1221 3094 1360 3141 εῗςίτω
1393 3085 1532 3133 κακόν
1560 3104 1601 3132 v.
1632 3089 1814 3143 Diogen.
1843 3088 1985 3144 Epist.

221 3145 321 3206 VII.
353 3147 420 3189 ed.
452 3149 649 3192 Boissou.
680 3151 726 3192 in
755 3151 969 3194 Manuscr.
1011 3151 1124 3193 Bibl.
1164 3150 1271 3206 Imp.
1315 3150 1370 3196 T.
1402 3148 1457 3190 X.
1498 3163 1541 3203 p.
1573 3145 1672 3190 246.
1715 3147 1888 3201 Menag.
1931 3146 1985 3187 ad

221 3203 350 3260 Diog.
397 3206 479 3249 La.
521 3208 593 3250 VI.
635 3210 676 3250 5.
715 3208 786 3252 39.
846 3209 1132 3266 Frequentius
1170 3209 1336 3250 foribus
1379 3206 1565 3263 appositi
1605 3202 1783 3264 ῥύτορες
1823 3206 1985 3247 θαλλοὶ

221 3263 460 3318 (Hesych.)
501 3263 755 3326 κουροθάλη
799 3269 961 3326 (Etym.
994 3267 1081 3323 M.)
1121 3263 1272 3324 κώμυς
1308 3265 1544 3323 (Hesych.)
1576 3266 1676 3307 alba
1704 3265 1827 3321 spina
1846 3264 1983 3322 (περ-

221 3318 461 3379 σεφόνιον)
503 3328 548 3366 et
579 3325 665 3367 alia
694 3326 813 3369 talia.
