2150 3814
742 185 1300 232 sAMoTflRAclA.
1743 180 1903 243 1203

132 323 349 382 Asiam
418 322 775 400 traiecturus
831 328 1043 390 esset‚;
1083 317 1402 396 reliquisse
1458 323 1913 384 remanentibus

129 438 494 500 magnorum
538 417 795 483 deor-um
842 417 1076 495 sigilla,
1121 419 1418 498 exempla-2
1448 429 1654 479 autem
1693 420 1911 481 'eorum

129 521 496 580 fabricatum
551 536 756 595 secum
817 537 943 578 una
998 535 1136 576 cum
1192 517 1487 579 Palladiis
1546 520 1614 585 in
1669 518 1911 580 Darda·-

127 623 297 680 niam
340 626 806 696 transportasse,
850 636 1043 697 eaque
1084 618 1344 696 posthac
1379 619 1606 696 Trojae
1639 622 1706 680 in
1741 637 1909 690 acro-

124 718 256 798 poli
312 735 445 775 esse
501 716 748 778 condita
791 728 853 777 et
895 727 1211 790 asservata
1255 718 1449 778 donec
1493 718 1910 785 Palladiorum

123 835 318 876 unum
361 816 700 889 Diomedes
746 828 807 877 et
840 815 1048 878 Ulixes
1077 818 1247 877 furto
1275 819 1604 892 auferrent,
1647 819 1908 879 alterum

119 916 364 976 Aeneas
411 936 547 978 cum
593 917 848 979 deorum
891 935 1250 994 magnorum
1293 919 1640 978 simulacris
1684 921 1750 978 in
1783 919 1908 987 Itaa,

119 1018 270 1076 liam
328 1015 673 1078 deveheret.
771 1018 1106 1096 Postquam
1165 1018 1285 1076 huc
1340 1019 1755 1075 narrationem
1802 1015 1906 1075 de-

120 1117 297 1176 duxit
338 1115 822 1194 ArchaeologuS‚
879 1117 1166 1174 continuo
1220 1115 1408 1178 infert
1453 1118 1627 1194 quasi
1671 1115 1904 1174 dissen-

120 1217 325 1275 tientis
379 1215 619 1275 Arctini
683 1215 1138 1274 testimonium:
1199 1216 1507 1295 Ἀρκτῖνος
1573 1217 1648 1278 δέ
1713 1237 1905 1299 φησιν

117 1315 237 1378 ὑπὸ
294 1315 444 1385 Διὸς
495 1316 771 1395 δοθῆναι
823 1312 1190 1377 Παλλάδιον
1246 1317 1313 1378 ἓν
1370 1316 1489 1396 καί
1519 1317 1682 1380 εἶναι,
1717 1324 1902 1379 τοῦτο

118 1420 186 1479 ἐν
235 1414 388 1497 Ἰλίῳ
450 1418 563 1485 ἕως
615 1417 652 1495 ἡ
708 1414 882 1485 πόλις
936 1414 1212 1493 ἡλίσκετο
1259 1419 1325 1478 ἐν
1371 1414 1592 1497 ἀβάτῳ
1633 1442 1901 1500 κεκρυμ-

115 1517 339 1597 μένον,
395 1513 604 1578 εἰκόνα
657 1516 725 1578 δ’
773 1515 1006 1578 ἐκείνου
1050 1502 1621 1596 κατεσκευασμένην
1664 1521 1731 1580 ἐν
1775 1541 1901 1599 φα-

115 1624 277 1698 νερῷ
334 1618 597 1693 τεθῆναι
638 1616 745 1678 καὶ
787 1615 984 1693 αὐτὴν
1022 1615 1298 1693 Ἀχαιοὺς
1342 1614 1900 1695 ἐπιβουλεύσαντας

115 1718 349 1796 λαβεῖν.
406 1715 570 1774 unde
621 1723 796 1794 patet
839 1732 980 1772 eum
1025 1713 1368 1772 Palladium
1413 1733 1536 1772 non
1581 1733 1619 1771 a
1664 1710 1899 1790 Chryse

112 1814 407 1874 Pallantis
459 1815 588 1873 filia
644 1813 752 1873 sed
809 1833 848 1873 a
903 1811 1062 1873 Jove
1104 1812 1401 1871 Dardano
1448 1812 1743 1872 traditum
1785 1831 1897 1892 pu-

112 1925 290 1974 tasse.
345 1913 464 1973 His
519 1913 1135 1989 relatisffiDionysius
1193 1932 1435 1973 causam
1480 1922 1759 1992 perorat:
1815 1914 1894 1976 τὰ

110 2014 227 2097 μὲν
285 2011 401 2077 οὖν
455 2019 538 2084 εἰς
574 2012 850 2079 Ἰταλίαν,
890 2013 991 2075 ὑπ’
1037 2012 1291 2076 Αἰνείου
1333 2014 1719 2094 κομισθέντα
1761 2013 1894 2095 ἱεροὶ

113 2121 242 2184 τοῖς
286 2115 623 2196 εἰρημένοις
668 2110 938 2194 ἀνδράσι
980 2111 1351 2192 πειθόμενος
1391 2111 1619 2197 γράφω
1661 2121 1793 2175 τών
1829 2138 1894 2174 τε

114 2212 402 2298 μεγάλων
482 2218 657 2276 θεῶν
721 2209 961 2281 εἰκόνας
1027 2212 1217 2286 εἶναι,
1296 2213 1405 2282 οὓς
1474 2209 1895 2294 Σαμόθρᾳκες

107 2312 411 2392 Ἑλλήνων
466 2311 736 2394 μάλιστα
792 2310 1151 2397 ὀργιάζουσι
1161 2359 1181 2385 ,
1236 2313 1343 2375 καὶ
1383 2314 1453 2375 τὸ
1497 2313 1895 2394 μεμυθευμέ-

112 2438 227 2478 νον
273 2411 642 2476 Παλλάδιον
702 2413 737 2474 ὅ
794 2435 947 2494 φασι
990 2412 1102 2481 τὰς
1145 2413 1312 2494 ἱερὰς
1355 2410 1690 2494 φυλάττειν
1731 2436 1891 2494 παρ-

109 2514 356 2582 θὲνους.
469 2512 568 2571 Ex
631 2512 749 2570 hoc
811 2513 996 2588 igitur
1051 2512 1187 2570 loco
1243 2511 1600 2571 Welckerus
1658 2509 1892 2571 efficere

109 2612 389 2685 molitur,
441 2611 760 2672 Arctinum
805 2611 882 2671 de
926 2613 1233 2688 mysteriis
1279 2612 1720 2672 samothraciis
1765 2610 1889 2670 dis-

106 2715 367 2774 seruisse
443 2722 535 2786 et‚
616 2711 981 2791 quibusnam
1059 2711 1317 2771 deorum
1400 2732 1472 2771 ea
1536 2721 1887 2772 consecrata

113 2815 265 2885 sint,
322 2822 614 2874 testatum
670 2814 979 2894 fecissesff]
1039 2811 1202 2892 quod
1259 2833 1293 2871 e
1346 2812 1638 2889 Dionysii
1677 2811 1887 2873 verbis
1975 2892 1978 2894 q

112 2912 280 2969 nullo
334 2913 521 2973 modo
584 2915 786 2992 colligi
837 2922 1056 2993 potest.
1168 2913 1442 2971 Primum
1501 2914 1708 2972 omnia
1761 2912 1888 2983 illa,

117 3029 271 3090 quae
326 3013 424 3072 hic
477 3017 776 3094 percurrit
830 3012 975 3072 inde
1031 3025 1068 3071 a·
1123 3013 1310 3091 primi
1368 3011 1564 3074 divini
1616 3014 1887 3071 muneris

234 3151 307 3207 [ὃ]
363 3176 418 3183 --
470 3180 524 3188 --
574 3154 755 3198 durch
803 3154 906 3196 den
961 3155 1187 3207 Auszug
1237 3167 1337 3194 ans
1389 3154 1688 3206 Arktinos,
1745 3152 1882 3194 nach

117 3209 383 3253 welchem
427 3211 519 3255 die
561 3214 775 3257 alteste
807 3213 1228 3256 Geheimweihe
1267 3211 1382 3254 dem
1424 3213 1568 3255 Pa'ar
1609 3212 1704 3254 der
1735 3225 1882 3267 gros—

117 3282 213 3309 sen
268 3268 489 3314 Gotter
547 3273 703 3327 galt3
759 3273 937 3315 neben
990 3272 1168 3314 denen
1219 3271 1356 3314 noch
1402 3271 1603 3315 Pallas
1654 3270 1882 3312 v'erehrt

117 3326 324 3369 ward.“
387 3326 467 3369 Die
496 3330 695 3387 Aeschyl.
727 3330 897 3387 Trilog.
932 3346 970 3387 p.
1003 3329 1099 3374 236.
