2150 3814
256 190 422 253 1196
824 205 1061 252 LIBER
1104 207 1472 253 TERTIUS.

252 349 315 401 et
370 360 446 402 ex
507 357 680 400 vanov
723 340 930 400 fictum
983 346 1104 409 est,
1161 347 1322 401 certe
1377 336 1603 400 alicubi
1645 347 1853 403 ortum
1892 356 2027 405 esse

250 440 448 501 debet.
534 439 661 501 Nec
716 439 869 499 mihi
924 436 1283 498 incredibile
1350 439 1548 502 visum
1611 437 1782 517 quod
1818 450 2027 506 'aucto-

247 561 346 602 res
405 539 687 612 tradunt,
752 547 999 616 gentem
1057 534 1374 616 quandam,
1409 546 1796 618 perveterem
1838 539 2028 603 fuisse

248 642 366 701 hoc
408 640 659 699 nomine
703 637 965 713 dictam3
1009 635 1118 696 sed
1162 643 1358 699 totam
1402 637 1760 715 Sicyonia-m
1805 646 2028 701 totam-

248 759 368 821 que
409 738 699 800 Rhodum
742 758 781 799 a
823 754 1152 799 numeroso
1209 735 1475 817 quodam
1519 737 1878 802 Telchinum
1919 732 2031 819 po‘-

244 839 398 920 pulo
443 839 759 899 obsessam
805 858 937 899 esse
979 854 1292 917 nunquam
1335 837 1490 898 mihi
1531 839 1598 901 in
1629 847 1897 903 mentem
1922 857 2030 899 ve—

245 941 339 999 nit
401 938 638 1013 dicere,
721 950 792 1000 ut
860 941 1113 1000 omnino
1171 955 1301 1000 non
1354 936 1607 1000 videam
1661 935 1812 1017 quid
1864 935 2033 997 Wel-

230 1040 462 1099 'ckerus
506 1051 754 1120 pugnet,
799 1037 1346 1100 contradictionem
1388 1038 1456 1097 in
1497 1036 1737 1116 adjectu
1764 1045 1830 1100 et
1856 1037 2033 1116 quasi

252 1138 660 1222 σιδηρόξυλον
703 1157 838 1201 esse
881 1138 1120 1210 dicens,
1178 1138 1236 1198 si
1280 1139 1415 1216 quis
1459 1135 1538 1197 de
1581 1144 1760 1216 gente
1804 1137 2031 1198 venefi-

246 1258 457 1299 corum
500 1240 902 1319 loquat-ur—
930 1237 1059 1298 del·
1101 1236 1420 1314 Begriff
1453 1239 1667 1298 eines
1711 1235 2032 1300 zauber-

245 1339 528 1399 volcks
598 1339 981 1397 schliesst
1048 1344 1299 1398 etwas
1359 1335 2033 1416 widerspreehen-

248 1436 384 1498 des
419 1438 498 1496 in
541 1436 706 1497 sich
748 1423 809 1516 p.
851 1436 991 1502 189.
1035 1435 1289 1495 Veteres
1332 1433 1586 1513 quidem
1621 1435 1800 1498 aliter
1829 1454 2035 1496 sense-

244 1545 414 1598 runt.
456 1535 817 1598 Herodotus
859 1536 934 1596 Π.
976 1535 1080 1597 33.
1124 1535 1612 1614 peregrinaturos
1654 1534 2034 1600 Nasamones

244 1636 490 1698 deserta
544 1636 784 1715 Libyae
838 1646 1193 1718 penetrasse
1246 1643 1458 1695 narrat
1512 1671 1598 1682 --
1651 1635 1757 1698 καὶ
1811 1638 1871 1706 ἐς
1922 1636 2036 1706 οὓς

249 1735 423 1801 οὗτοι
482 1737 778 1802 ἀπίκοντο
824 1735 1240 1821 ἀνθρώπους,
1300 1734 1529 1822 γόητας
1571 1737 1731 1800 εἶναι
1774 1733 2031 1806 πάντας.

243 1838 417 1921 Idem
443 1837 546 1898 IV.
579 1836 719 1898 105.
763 1837 1200 1902 κινδυνεύουσι
1241 1833 1413 1901 οὗτοι
1441 1839 1500 1899 οἱ·
1527 1838 1860 1920 ἄνθρωποι
1883 1835 2035 1921 γόη-

228 1939 342 2010 sics-
384 1940 562 2002 εἶναι.
650 1938 862 2018 Neque
905 1935 1030 1997 alia
1071 1934 1241 2004 fama
1283 1936 1404 1996 fuit
1437 1935 1800 1999 Thibiorum
1843 1953 2032 2014 genus

200 2024 569 2098 ”Ponticum
611 2037 918 2097 Plutarch.
963 2038 1180 2118 Symp.
1223 2036 1295 2095 V.
1345 2036 1399 2096 l.
1443 2036 1586 2097 224.
1648 2054 1801 2116 qnos
1846 2038 2034 2106 ἔθνος

243 2136 669 2221 βασκαντικόν
733 2147 919 2198 vocat
986 2136 1334 2216 Stephanus
1362 2137 1456 2214 -[⁶].
1566 2133 1731 2208 Quin
1797 2136 2033 2202 Plinius

245 2238 376 2298 VII.
421 2240 479 2299 2.
523 2238 794 2299 familias
838 2237 1136 2318 quasdam
1175 2255 1316 2297 esse
1356 2236 1545 2295 refert
1585 2234 1900 2299 laudando
1942 2234 2035 2295 ›ef-2

243 2339 678 2415 fascimntium
737 2349 919 2418 atque
962 2337 1130 2398 haud
1172 2340 1300 2398 scio
1344 2356 1423 2396 an
1467 2335 1771 2416 hadieque
1815 2337 2035 2401 vivant

243 2439 428 2517 huffius
472 2441 709 2517 generis
754 2440 1037 2511 venefici,
1082 2440 1189 2518 qui
1230 2439 1549 2500 immensis
1591 2435 1879 2497 laudibus
1920 2455 2034 2515 par

243 2538 673 2620 ephemerides
739 2539 972 2619 sparsis
1040 2539 1273 2596 amicos
1334 2555 1479 2596 suos
1535 2538 1626 2597 ita
1682 2535 2034 2604 effascinent

243 2648 315 2701 ut
382 2648 698 2720 postremo
766 2637 887 2696 sibi
952 2638 1166 2696 omnia
1221 2638 1375 2696 scire
1431 2627 1762 2716 omnisque¹
1803 2637 2034 2699 erroris

246 2749 527 2820 expertes
586 2756 719 2797 esse
775 2735 1121 2798 videantur.
1219 2737 1318 2796 De
1377 2746 1608 2809 cetere,
1654 2737 1709 2796 si
1749 2754 1870 2815 qua
1911 2735 2033 2795 fuit

245 2858 392 2920 gens
435 2838 770 2911 Telchinia,
811 2855 939 2896 non
979 2855 1228 2897 necesse
1272 2828 1365 2897 est
1410 2838 1468 2896 ei
1507 2836 1798 2918 primitus
1841 2853 2032 2916 quum

245 2948 598 3005 nosceretur
640 2939 869 2998 artium
912 2939 1282 3016 magicarum
1325 2937 1645 2996 infamiam
1681 2933 2033 2996 adhaesisse

247 3038 358 3099 sed
419 3040 552 3100 fieri
607 3047 815 3119 potest
874 3047 944 3098 ut
983 3038 1133 3098 haec
1177 3045 1313 3096 orta
1355 3039 1439 3098 sit
1482 3055 1558 3096 ex
1598 3034 1857 3109 fahuIiS,
1900 3037 2031 3116 qui-

370 3237 437 3293 [0]
490 3236 626 3280 Addit
656 3238 734 3280 καὶ
762 3236 815 3280 τὰ
852 3234 1039 3296 σώματα
1080 3235 1227 3280 αὐτῶν
1268 3238 1330 3285 εἰς
1367 3231 1605 3278 θάλασσαν
1645 3233 1699 3279 οὐ
1738 3231 2027 3288 καταδύουσι,

253 3295 608 3398 gpgdlmsagarum
644 3295 925 3353 Inquisitores
965 3294 1259 3368 certissimum!
1283 3295 1524 3338 habuerunt
1561 3295 1680 3351 pacti
1718 3292 1922 3337 diabolici
1959 3292 2027 3334 in-
