2150 3814
740 220 1296 284 s4M0THRAc1A.
1729 204 1890 267 1333

135 355 235 413 VI.
296 353 438 414 301.
503 355 636 417 ὅσοι
701 351 1070 435 καθαρμοὺς
1128 348 1420 419 ἐδίδαξαν
1474 346 1514 427 ἢ
1537 359 1542 363 “
1573 350 1894 432 λυτηρίους

136 456 302 539 ᾠδὰς
343 455 381 533 ἢ
427 451 899 534 ἄποπομπίμους
941 450 1156 534 φωνὰς
1196 449 1236 529 ἢ
1280 446 1548 517 κτύπους
1591 456 1700 507 etc.

1644 596 1810 616 &sav-n

363 868 1406 946 EPIMETRUM
1522 868 1670 943 ΙΙ.
1769 911 1772 915 ·

367 992 371 995 .
611 1051 690 1102 ad
743 1048 803 1103 C.
850 1049 958 1103 IV.
1014 1053 1057 1115 ς.
1106 1053 1156 1102 3.
1224 1058 1351 1102 not.
1390 1046 1426 1101 l.

302 1249 680 1327 Cognomina
724 1245 980 1305 deorum
1024 1265 1062 1306 a
1106 1244 1440 1306 cultoribus
1463 1246 1588 1309 ‘vel
1633 1243 1909 1304 condito-

130 1350 301 1410 ribus
355 1365 670 1408 sacrorum
729 1356 975 1427 accepta
1017 1347 1289 1428 plurima
1333 1347 1508 1405 affert
1549 1347 1910 1420 Pausanias3

130 1450 414 1511 Minerva
455 1447 743 1529 Ναρκαία
785 1447 869 1546 V‘
908 1448 1003 1506 16.
1050 1445 1105 1506 5.
1143 1447 1380 1513 Ἰτωνία
1422 1445 1528 1506 ΙΧ.
1563 1446 1663 1506 34.
1709 1446 1910 1506 Diana

132 1550 406 1630 Laphria
461 1547 592 1606 VH.
642 1548 737 1606 18.
797 1547 856 1606 6.
925 1545 1167 1629 Jupiter
1209 1546 1588 1618 Μεσσαπεύς
1632 1548 1752 1610 ἀπὸ
1796 1555 1906 1610 τοῦ

134 1649 552 1732 ἱερωσαμένου
610 1647 714 1706 III.
774 1648 873 1706 20.
932 1647 990 1706 3.
1074 1647 1477 1728 Aesculapius
1531 1648 1910 1731 Δημαίνετος

136 1750 258 1812 ἀπὸ
302 1757 414 1813 τοῦ
459 1749 878 1831 ἱδρυσαμένου
937 1747 1035 1805 VI.
1082 1748 1182 1807 21.
1226 1748 1285 1807 4.
1373 1748 1673 1808 Hercules
1717 1747 1911 1813 Μάν-

134 1857 336 1919 τικλος
395 1847 684 1931 καθάπερ
754 1849 860 1910 καὶ
910 1849 1168 1929 ’Άμμων
1235 1849 1341 1911 καὶ
1398 1854 1601 1928 Βῆλος
1654 1885 1740 1894 -—-
1793 1850 1911 1912 ἀπὸ

134 1956 250 2013 τοῦ
294 1949 733 2031 ἱδρυσαμένου.
780 1935 853 2010 cf.
901 1946 1159 2007 Siebelis
1204 1947 1273 2006 T.
1317 1947 1363 2007 1.
1407 1967 1468 2028 p.
1514 1945 1657 2008 257.
1714 1948 1912 2026 Hesy-

136 2050 306 2110 chius
358 2046 654 2118 Ἑκάλειος
709 2048 899 2122 Ζεὺς,
957 2050 1033 2113 ὃν
1079 2047 1292 2128 Ἑκαλή
1338 2047 1654 2131 ἱδρύσατο.
1739 2049 1912 2110 Idem

23 2233 27 2239 .
137 2151 483 2227 Αὓξίδηνος
527 2146 665 2229 (sic)
690 2148 920 2229 Ἒρμῆς
963 2149 1061 2210 ἐπὶ
1103 2150 1241 2230 (scr.
1279 2147 1427 2227 ἀπὸ)
1462 2158 1568 2229 τῆς
1602 2148 1911 2233 ἱδρύσεως.

138 2249 264 2308 Sed
317 2249 433 2308 hoc
486 2248 623 2307 loco
680 2246 1007 2328 disceptari
1060 2250 1268 2328 potest
1321 2258 1527 2308 utrum
1580 2249 1915 2311 Mercurius

138 2349 494 2431 Αὖξίδημος
548 2357 804 2410 vocatus
849 2351 931 2407 sit
985 2358 1281 2429 tanquam
1347 2351 1751 2429 amplificator
1805 2370 1915 2432 pov
1952 2416 2000 2436 -.

138 2450 274 2531 puli
330 2468 408 2508 an
465 2467 503 2507 a
546 2448 863 2513 conditore
905 2447 1288 2523 Auxidemo‚
1347 2459 1409 2509 et
1462 2451 1580 2510 hoc
1632 2451 1913 2532 probato,

138 2560 348 2609 utrum
392 2567 566 2608 casus
610 2557 811 2608 rectus
855 2548 1207 2609 retinendus
1253 2567 1333 2608 an
1372 2550 1735 2632 Αὗξιδήμου
1775 2555 1916 2612 scri-

140 2649 411 2710 bendum
465 2652 562 2709 sit.
650 2649 926 2709 Occurrit
982 2650 1144 2709 enim
1188 2653 1524 2711 memoriae
1567 2653 1672 2710 ille
1707 2653 1917 2716 Ἀνδο-

142 2749 319 2813 κίδου
379 2750 630 2834 Ἑρμῆς,
696 2748 860 2808 unde
926 2768 1093 2812 nova
1158 2750 1542 2811 subnascitur
1599 2751 1917 2812 dubitatio.

146 2849 445 2909 Sluiterus
499 2850 663 2908 enim
718 2851 782 2908 in
837 2848 1027 2909 Lectt.
1084 2850 1317 2911 Andoc.
1374 2872 1434 2933 p.
1484 2854 1622 2912 170.
1676 2863 1920 2934 praeter

146 2950 270 3009 alia
322 2960 704 3028 argumenta,
760 2950 977 3030 quibus
1039 2951 1264 3026 Lysiae
1321 2955 1665 3014 orationem
1712 2964 1922 3015 contra

146 3048 528 3111 Andocidem
570 3053 916 3134 impugnat,
971 3054 1156 3112 etiam
1199 3055 1317 3113 hoc
1360 3055 1534 3115 affert
1576 3054 1742 3135 quod
1787 3073 1921 3116 ora-

149 3151 335 3211 tionis
392 3152 650 3231 scriptor
703 3151 1086 3213 Andocidem
1144 3153 1464 3235 Aristippo
1510 3156 1680 3215 litem
1724 3157 1920 3216 inten-

152 3250 315 3310 disse
358 3270 609 3313 narrans
650 3254 746 3314 his
792 3273 938 3314 usus
971 3256 1052 3315 sit
1084 3254 1290 3316 verbis
1327 3253 1590 3337 φάσκων
1621 3256 1736 3321 τὸν
1764 3256 1920 3339 Ἀρί-

94 3416 97 3417 .
155 3373 416 3414 στιππον
478 3354 722 3434 ἀσεβεῖν
778 3355 917 3437 περὶ
969 3356 1081 3420 τὸν
1128 3357 1355 3439 Ἑρμῆν
1405 3356 1520 3421 τὸν
1563 3357 1757 3421 αὑτοῦ
1800 3381 1920 3419 πα-
