2210 3886
187 184 311 244 792
362 243 366 245 ,
715 194 952 238 menn
996 190 1425 236 SECUNDUS.

192 324 355 386 dem
399 343 567 387 esse
607 325 772 407 Apo
790 327 1079 387 llinem4
1097 332 1123 374 1<
1150 325 1372 384 Dixit
1416 324 1647 382 etiam
1693 322 1960 380 finitis

192 410 546 488 omnibus
602 427 893 487 seculis
941 431 1209 502 rursus
1240 422 1532 483 :eadem
1576 422 1963 493 renova-ri,

191 545 412 607 quam
454 546 610 586 rem
655 528 897 587 etiams
931 525 1394 608 'philosophi
1435 524 1573 583 hac
1617 521 1964 603 disputa-

192 627 250 685 ti
267 644 406 686 one
443 655 454 693 ,ε
471 627 766 705 colligu
783 636 895 700 nt,
944 625 1343 702 ..dicentes
1378 622 1766 703 completo
1820 641 1968 682 ma-

193 745 332 804 gno
391 741 583 787 anno
641 728 894 787 omnia
948 724 1213 785 sidera
1253 725 1331 782 in
1377 726 1598 783 ortuis
1642 740 1821 782 suo-s
1865 741 1970 779 re-

194 823 312 885 dir
325 845 375 885 e.
488 824 678 905 Atqui
743 825 821 885 de
886 827 1002 885 hoc
1071 823 1398 904 Orpheum
1444 841 1686 902 quoque
1739 820 1971 901 aliquid

191 926 579 1005 praecepisse
633 926 800 1000 haud
850 926 934 985 'du
942 925 1108 985 bium
1164 923 1457 1003 relinquit
1511 918 1881 981 Censorinus
1926 941 1973 979 c.

191 1022 416 1088 XVIII.
502 1025 653 1105 Huj
667 1043 755 1087 u's
813 1025 1070 1109 (magni)
1128 1044 1166 1084 a
1180 1032 1222 1083 ιι·
1236 1026 1314 1083 ni
1370 1024 1412 1082 h
1425 1025 1448 1082 i
1463 1043 1498 1082 e
1513 1041 1623 1083 ms
1681 1038 1920 1082 sum-m
1936 1040 1975 1080 a

195 1143 230 1184 e
243 1142 272 1184 s
287 1134 313 1184 t
381 1126 826 1210 -κατακλυσμός
836 1174 858 1203 ,
946 1146 984 1187 a
999 1145 1077 1186 es
1088 1130 1170 1185 &za
1185 1144 1227 1185 s.
1293 1143 1331 1184 a
1344 1143 1387 1183 u
1399 1132 1426 1183 t
1440 1144 1552 1184 em
1618 1121 1975 1206 ἐκπύρωσις.

191 1228 362 1286 Hun
379 1245 411 1284 c
428 1225 968 1291 :Aristarchus
1013 1227 1340 1306 puta-vit
1383 1243 1555 1285 esse
1599 1242 1897 1283 annoru
1914 1231 1975 1282 m

196 1323 425 1385 duum
470 1326 806 1388 millium
851 1365 939 1375 —
976 1354 1061 1375 ·--·
1111 1325 1573 1386 Heraclitus
1617 1334 1693 1385 et
1734 1324 1979 1384 Linus

194 1424 272 1483 D.
342 1425 426 1483 M.
486 1422 672 1489 CCM.
733 1427 785 1487 Ο
802 1448 834 1486 r
846 1448 888 1507 p
904 1428 945 1487 h
961 1448 995 1486 e
1012 1446 1052 1486 u
1068 1446 1099 1487 s
1157 1423 1222 1486 C.
1279 1425 1489 1486 MXX.
1546 1423 1713 1505 quod
1770 1426 1978 1506 ipsum

196 1524 521 1583 confirmat
577 1526 936 1588 Plutarchus
994 1526 1073 1585 de
1127 1526 1270 1586 Def.
1329 1526 1502 1586 Orac.
1561 1547 1608 1585 c.
1653 1525 1792 1585 XII.
1837 1525 1980 1585 316.

198 1622 268 1681 Τ.
311 1622 420 1682 ΙΧ.
463 1625 579 1704 τὴν
617 1627 884 1707 στωικὴν
920 1625 1271 1709 ἐκπύρωσιν
1307 1627 1435 1709 ὁρῶ
1475 1627 1672 1708 ὥςπερ
1697 1626 1777 1688 τὰ
1792 1626 1981 1707 Ἡρα-

197 1723 446 1800 κλείτου,
479 1725 585 1786 καὶ
626 1726 706 1788 τὰ
744 1728 1018 1810 Ὀρφέως
1062 1727 1578 1808 ἐπινενεμημένην
1621 1728 1731 1805 ἔπη
1743 1771 1766 1800 ,
1822 1726 1986 1789 οὕτω

198 1823 303 1885 καὶ
344 1823 423 1885 τὰ
473 1823 789 1900 Ἠσιόδου,
850 1844 1196 1906 quanquam
1240 1824 1542 1885 Heracliti
1587 1827 1839 1899 mentio,
1886 1845 1986 1885 cu-

190 1923 297 2000 jus
341 1921 567 2001 dogma
608 1944 646 1984 a
691 1924 916 1987 Stoicis
958 1925 1295 2006 plurimum
1340 1923 1648 2005 discrepat
1661 1969 1678 2000 ‚
1747 1924 1988 1986 dubita-

198 2024 429 2085 tionem
473 2025 649 2084 affert
659 2069 677 2099 ,
719 2035 925 2086 utrum
970 2027 1121 2086 haec
1163 2028 1466 2087 sententia
1506 2028 1571 2085 in
1616 2019 1991 2087 carminibus

203 2123 487 2203 Orphicis
549 2125 708 2184 clare
769 2129 1051 2207 exposita
1094 2145 1174 2186 an
1215 2129 1770 2208 interpretantium
1790 2115 1992 2188 s'ubti4

202 2224 379 2282 litate
436 2225 494 2282 ei
548 2224 826 2303 subjecta
879 2228 979 2288 sit.
1081 2225 1280 2300 Quam
1338 2229 1752 2307 suspicionem
1811 2236 1994 2306 auget

202 2322 468 2383 Hesiodi
511 2341 740 2383 nomen
756 2368 773 2398 ‚
828 2326 1011 2404 hujus
1055 2326 1372 2387 doctrinae
1417 2338 1578 2386 certe
1619 2314 1834 2405 ign‘ari;
1921 2329 1993 2387 In

205 2421 477 2483 Ausonii
537 2422 786 2503 quidem
841 2425 1068 2503 Idyllio
1124 2425 1350 2485 XVIII.
1409 2426 1574 2506 quod
1630 2413 1994 2507 inscriptum

210 2531 305 2583 est
363 2523 474 2583 De
531 2524 939 2586 aetatibus
997 2527 1461 2586 animalium
1521 2525 1993 2602 Hesiodion,

211 2643 425 2685 versus
469 2625 611 2684 illos
657 2623 737 2683 de
775 2635 1018 2707 septem
1061 2617 1446 2706 planetarum
1493 2628 1994 2690 conversionibus

215 2724 278 2782 et
320 2726 426 2804 qui
469 2732 810 2805 sequuntur

468 2855 639 2906 Donec
675 2864 926 2906 consumto
962 2873 1167 2923 magno,
1205 2858 1286 2921 qui
1322 2857 1522 2919 dicitur,
1558 2875 1686 2907 anno

466 2956 630 2989 rursus
666 2943 719 2991 in
756 2943 1000 3007 antiquum
1036 2944 1237 2991 veniant
1270 2958 1396 3009 vaga
1430 2945 1587 2992 sidera
1623 2960 1826 2997 cursum.

219 3072 668 3136 Barthelemius
725 3078 792 3135 in
834 3075 1018 3138 Mem.
1063 3076 1251 3137 Acad.
1299 3078 1486 3138 Paris.
1533 3079 1602 3139 T.
1648 3079 1808 3140 XLI.
1854 3076 1995 3140 506.

220 3171 297 3232 ab
354 3150 655 3257 Hesioffl
691 3187 927 3238 sumtos
982 3187 1159 3259 putat
1181 3179 1281 3259 [g]‚
1340 3190 1698 3258 argumento
1742 3180 1996 3251 lubrico,

341 3342 401 3398 [g]
435 3344 746 3389 Astronomiam
786 3347 965 3391 Hesiodi
1005 3348 1251 3406 significare
1294 3349 1486 3402 videtur,
1543 3363 1711 3395 carmen
1766 3349 1996 3400 novitium3
