2150 3814
215 214 344 275 990
746 225 980 271 LIBER
1023 225 1453 274 SECUNDUS.

215 357 506 418 scriberet
545 356 870 435 natalibus,
914 378 1248 440 eorumque
1292 370 1520 421 mortes
1564 363 1752 424 etiam
1796 374 1860 423 et
1899 384 1990 427 se-

214 459 495 541 pulturas
538 456 1006 517 demonstraret.
1093 457 1284 537 Cujus
1328 464 1667 522 sententiae
1692 464 1992 544 improbi-

214 566 344 618 tate
407 558 626 617 Graeci
691 558 781 615 ita
847 559 1114 637 perculsi
1183 571 1616 644 auctoremque
1671 573 1993 646 tantopere

215 658 479 718 execrati
534 663 708 729 sunt,
761 664 833 716 ut
887 667 1099 737 pateat
1151 662 1456 722 neminem
1501 674 1643 724 ante
1688 683 1829 724 eum
1870 666 1994 724 tale

214 756 507 837 quiddam
568 774 784 815 ausum
829 776 979 816 esse.
1064 759 1278 839 anue
1320 763 1560 820 ratione
1604 763 1820 824 ductus
1858 766 1995 843 jam

213 858 364 916 olim
418 856 795 933 Dionysium
851 858 1061 932 illum,
1121 878 1304 939 quem
1359 859 1677 922 Diodorus
1730 865 1834 923 ΠΙ.
1893 863 1994 925 52.

209 958 278 1016 in
342 957 459 1016 hoc
523 975 742 1034 genere
811 959 1337 1039 interpretationis
1406 960 1624 1021 ducem
1703 965 1998 1043 sequitur,

210 1057 449 1138 Ephori
492 1057 871 1138 temporibus
914 1062 1263 1140 postposui,
1287 1049 1474 1138 *cujas
1517 1058 1625 1120 ille
1666 1061 1852 1122 fuerit
1878 1063 1998 1124 Mi-

213 1159 532 1234 tylenaeus
589 1177 670 1219 an
726 1157 971 1219 Samius
1031 1179 1109 1220 an
1151 1161 1465 1235 Milesius,
1519 1163 1588 1220 in
1629 1162 1862 1222 incerto
1903 1183 1998 1223 re-

210 1259 493 1339 linquens
569 1268 825 1340 propter
904 1259 1190 1338 ambigua
1259 1270 1540 1322 veterum
1618 1265 1992 1327 testimonia.

214 1359 467 1418 Etenim
524 1359 693 1438 quod
751 1359 975 1419 Suidas
1028 1361 1217 1420 refert
1270 1362 1996 1443 Dionysium'quendam

211 1459 523 1518 Milesium
544 1459 618 1538 [g]
662 1469 907 1540 praeter
951 1460 1105 1519 alios
1143 1460 1341 1537 ,libros
1383 1463 1707 1522 historicos
1752 1471 1816 1520 et
1856 1482 1998 1540 geo-

213 1559 536 1639 graphicos
579 1559 858 1622 Μυθικᾶ
902 1561 1219 1640 scripsisse
1263 1571 1325 1620 et
1366 1562 1614 1626 Κύκλον
1660 1562 1995 1646 ἱστορικόν,

210 1660 500 1740 idemque
554 1659 676 1719 alio
733 1660 869 1719 loco
926 1660 1303 1737 Dionysium
1359 1662 1672 1722 Milesium
1728 1665 1996 1747 ἱστοριο-

210 1759 461 1846 γράφον
484 1759 780 1819 Hecataei
825 1761 1140 1839 aequalem
1183 1761 1349 1834 facit,
1392 1780 1517 1821 non
1560 1764 1712 1823 satis
1747 1765 1997 1826 firmum

209 1859 538 1923 videbatur
595 1860 677 1919 ad
729 1859 1151 1940 probandum,
1218 1862 1380 1920 hunc
1436 1881 1567 1922 esse
1622 1882 1661 1922 a
1712 1864 1998 1926 Diodoro

211 1960 575 2022 adhibitum.
661 1960 822 2021 Nam
878 1960 1292 2038 Mitylenaeus
1357 1981 1595 2042 quoque
1652 1963 1995 2042 Dionysius

212 2063 572 2139 cognomine
616 2059 1099 2136 Scytobrachion
1131 2061 1408 2124 Μυθικοί
1452 2064 1716 2143 scripsit,
1759 2072 1831 2123 ut
1861 2065 1996 2125 Sui-

211 2162 323 2222 das
366 2161 586 2233 refert,
631 2170 694 2219 et
737 2161 1036 2243 στρατιάν
1078 2159 1391 2224 Διονύσου
1436 2163 1542 2223 καὶ
1588 2165 1857 2242 ’Ἀθηνᾶς
1891 2166 1998 2228 καὶ

204 2259 618 2348 Ἀργοναύτας
674 2268 954 2320 sermone
1010 2260 1315 2341 pedestri,
1371 2280 1718 2341 quanquam
1764 2263 1995 2344 Epicus

211 2373 399 2444 poeta
453 2372 740 2434 vocatur,
803 2371 865 2420 et
919 2361 996 2420 ab
1052 2362 1170 2420 hoc
1225 2362 1601 2438 Mitylenaeo
1646 2363 1996 2425 Diodorum

211 2467 533 2536 sumsisse,
593 2480 749 2540 quae
806 2461 883 2519 de
940 2460 1195 2520 deorum
1250 2461 1433 2520 rebus
1476 2464 1660 2539 gestis
1703 2463 1995 2525 Euemeri

211 2565 400 2626 modo
457 2569 698 2634 narrat,
755 2559 1011 2620 Vossius
1069 2570 1130 2619 et
1184 2559 1431 2621 Jonsius
1486 2562 1556 2621 L.
1613 2563 1715 2621 ΠΙ.
1770 2584 1832 2644 p.
1890 2565 1991 2625 43.

212 2665 511 2747 suspicati
586 2670 744 2722 sunt.
859 2660 1295 2721 Difficultatem
1366 2663 1549 2740 hujus
1619 2667 1992 2743 quaestionis

214 2776 438 2845 augent
483 2764 862 2824 scholiastae
904 2761 1243 2842 Apollonii,
1291 2765 1395 2841 qui
1424 2763 1811 2841 Argonautas
1856 2768 1990 2826 sive

212 2867 626 2945 Argonautica
693 2863 881 2924 modo
948 2863 1190 2922 Milesio
1258 2864 1567 2941 Dionysio
1638 2865 1994 2929 adscribunt

212 2969 315 3027 ΠΙ.
373 2969 514 3027 200.
572 2965 705 3048 (ubi
759 2964 1090 3024 Muellerus
1149 2963 1229 3023 ad
1287 2966 1558 3024 Reinesii
1615 2964 1870 3028 Observ.
1926 2969 1993 3026 in

215 3067 387 3128 Suid.
433 3087 479 3127 s.
522 3086 584 3127 v.
628 3059 1056 3146 Μιτυληναῖος
1097 3068 1316 3146 reponi
1348 3066 1549 3145 jubet)
1598 3076 1660 3126 et
1701 3067 1802 3126 IV.
1848 3060 1991 3128 223.

210 3169 360 3229 228.
420 3157 600 3228 1153.
659 3167 847 3228 modo
902 3166 1277 3244 Mitylenaeo
1334 3167 1378 3227 Ι.
1443 3167 1622 3228 1290.
1680 3169 1753 3227 ΙΙ.
1805 3168 1986 3229 1144.

221 3336 770 3441 leff]4D1⁶;512)i⁰ny⁸i⁰
820 3336 1028 3394 Sophista
1066 3335 1238 3378 Milesio
1278 3352 1318 3379 v.
1360 3337 1546 3380 Reimar.
1600 3337 1656 3379 ad
1694 3337 1822 3380 Dion.
1864 3337 1985 3381 Cass.
