2150 3814
721 206 1315 254 SAMo'anAclA.
1747 200 1910 263 119⁷

131 340 243 401 bus
286 350 506 423 poetae
548 355 736 419 genus
778 335 887 396 diu
930 337 1264 397 extinctum
1298 338 1726 401 involvisseut.
1770 343 1911 407 Hoc

127 442 264 500 loco
319 440 604 502 subvenit
659 435 918 498 obscura
974 436 1235 497 historia
1278 456 1318 499 a
1360 437 1560 502 Schol.
1580 498 1582 501 ,
1604 442 1812 522 Apoll.
1856 446 1902 504 1.

131 541 310 601 1141.
354 529 416 600 et
457 539 664 615 Etym.
706 556 769 618 p.
818 536 954 597 111.
997 535 1100 598 46.
1143 535 1540 598 adumbrata:
1577 542 1825 606 Ἀνταία
1865 545 1905 624 ἡ

117 642 265 704 ‘Pe'a
318 638 489 721 παρὰ
542 637 659 717 τὴν
716 639 948 717 ἄντην,
1007 637 1105 699 ὅτι
1155 642 1285 708 τοῖς
1334 644 1610 719 Τελχῖσιν
1653 643 1905 706 ἐναντία

121 741 373 826 ἐγένετο.
474 733 550 797 Id
585 737 702 797 etsi
744 755 783 796 a
822 737 994 798 nullo
1037 736 1162 797 alio
1206 747 1487 799 veterum
1530 742 1902 822 scriptorum

119 837 496 898 declaratum
539 846 662 911 est,
718 836 868 917 quid
908 837 1304 898 molientibus
1345 839 1519 899 Rhea
1574 840 1902 917 obstiterit,

117 946 325 998 tamen
365 938 421 997 si
463 948 727 998 ceteram
764 938 949 1016 hujus
989 937 1142 999 deae
1176 940 1244 997 in
1268 939 1734 1019 propugnandis
1757 942 1902 1004 filiis

116 1047 178 1097 et
230 1037 560 1118 nepotibus
613 1038 928 1098 solertiam
971 1047 1034 1097 et
1075 1037 1373 1098 adversus
1415 1035 1703 1102 inimicos
1745 1043 1902 1118 vigi-

112 1137 368 1197 lantiam
431 1139 776 1209 intuemur,
845 1154 972 1196 non
1027 1135 1323 1196 aliorsum
1376 1136 1624 1198 videtur
1678 1138 1898 1200 referri

111 1253 299 1317 posse
356 1253 541 1315 quam
596 1234 678 1295 ad
717 1233 979 1295 insidias
1022 1236 1132 1295 uni
1174 1236 1566 1298 alumnorum
1609 1247 1869 1300 structas
1881 1259 1898 1316 ;

108 1333 273 1396 unde
314 1333 651 1414 probabilis
695 1335 904 1401 existit
953 1336 1316 1414 conjectura,
1361 1336 1702 1413 TelchineS,
1744 1358 1898 1420 quos

107 1433 426 1495 Diodorus
483 1434 839 1514 Neptunum
883 1432 1177 1497 educasse
1218 1435 1438 1510 tradit,
1498 1437 1576 1498 ab
1621 1439 1760 1499 aliis
1803 1440 1894 1499 hi-

108 1537 342 1596 storiae
402 1533 698 1596 fabularis
766 1535 1220 1596 enarratoribus
1288 1554 1363 1595 ea
1436 1536 1688 1597 indutos
1759 1557 1895 1599 esse

107 1655 407 1715 persona,
463 1654 649 1716 quam
703 1637 771 1695 in
825 1636 1077 1716 Epaphi
1117 1635 1461 1715 Bacchique
1515 1636 1743 1698 fabulis
1788 1638 1893 1698 Ti-

105 1744 280 1796 tanes
338 1745 400 1794 et
456 1732 709 1795 Curetes
763 1737 1066 1796 sustinere
1107 1734 1409 1807 videmus.
1495 1732 1639 1808 Jam
1683 1756 1892 1817 quum,

104 1843 177 1893 ut
219 1835 372 1894 alias
415 1832 592 1895 Jovis
636 1834 1003 1896 concubinas
1037 1835 1128 1893 ita
1150 1832 1454 1893 Latonam
1498 1836 1688 1896 etiam
1732 1839 1893 1916 ejus-

106 1953 223 2014 que
277 1936 634 2014 progeniem
689 1932 949 1995 Junonis
1006 1932 1167 1993 odiis
1214 1935 1584 2011 exagitatam
1631 1945 1890 2010 constet,

101 2032 268 2094 haud
321 2052 468 2094 sane
521 2037 658 2096 veri
711 2034 994 2094 absimile
1050 2042 1175 2108 est,
1232 2033 1593 2095 Telchinum
1634 2053 1889 2095 manum

101 2133 531 2194 struendarum
596 2133 964 2194 insidiarum
1031 2135 1379 2194 ministram
1445 2135 1654 2193 fuisse.
1751 2133 1889 2195 Hos

106 2234 271 2294 enim
339 2233 418 2293 ab
485 2232 782 2314 Apolline
849 2235 1212 2293 interemtos
1282 2251 1415 2293 esse
1486 2240 1699 2312 aperte
1765 2242 1886 2294 tra·
1947 2239 1954 2264 ³

103 2331 196 2392 dit
261 2332 515 2395 Servius
585 2333 667 2394 ad
728 2332 881 2393 Aen.
952 2332 1055 2393 IV.
1126 2332 1269 2392 377.
1357 2340 1421 2392 et
1489 2332 1740 2412 quidem
1821 2335 1885 2392 in

101 2432 235 2513 lupi
314 2433 582 2494 formam
638 2451 968 2507 converso;
1034 2451 1259 2512 nempe
1315 2431 1397 2492 ad
1453 2431 1886 2511 explicandum

96 2532 407 2613 Apollinis
460 2533 639 2610 Lycii
689 2551 950 2607 nomen,
1017 2534 1115 2592 cui
1170 2532 1277 2592 alii
1334 2552 1369 2591 e
1425 2535 1763 2608 contrario,
1816 2544 1891 2595 ut
1936 2521 1938 2525 Α

99 2642 242 2692 sunt
294 2632 885 2714 mythographorum
932 2642 1308 2706 commenta,
1352 2651 1593 2693 sacrum
1636 2653 1675 2693 a
1715 2633 1886 2710 Lyco

99 2732 387 2793 Telchine
443 2735 844 2794 constitutum
901 2751 1036 2794 esse
1079 2733 1424 2795 voluerunt.
1510 2731 1595 2790 Et
1635 2733 1702 2790 in
1746 2751 1885 2794 eam
1907 2731 1930 2772 ’ἰ

99 2833 460 2893 sententiam
504 2833 811 2895 Lactantii
866 2851 1109 2915 quoque
1151 2832 1343 2896 verba
1387 2821 1582 2913 accipi
1625 2842 1885 2912 possunt

0 3013 1 3019 ἵ
102 2929 515 2994 Telchines
570 2932 885 3016 Jupiter
941 2943 1271 3014 propter
1340 2931 1605 2992 odium
1658 2929 1884 2992 Juno-

0 3021 1 3068 3
101 3032 217 3091 nis
262 3032 605 3111 subjecit
646 3036 869 3107 mari,
911 3035 1028 3094 hoc
1072 3044 1182 3108 est,
1227 3036 1370 3113 quia
1414 3032 1542 3092 odii
1585 3033 1882 3093 ministris

101 3148 214 3189 usa
255 3142 385 3192 erat
427 3132 834 3195 Telchinibus.
897 3133 1021 3194 Sed
1063 3143 1268 3214 potest
1309 3135 1442 3193 fieri
1485 3141 1555 3192 ut
1595 3135 1736 3212 ipsa
1780 3151 1882 3191 eo-

103 3249 240 3290 rum
281 3230 520 3292 insidiis
563 3236 759 3314 petita
783 3244 845 3293 et
868 3234 1076 3295 Rheae
1102 3232 1418 3314 praesidio
1443 3241 1721 3315 protecta
1748 3232 1880 3293 fue-

104 3330 201 3387 rit.
289 3330 387 3389 De
428 3331 663 3393 Baccho
707 3353 959 3414 prorsus
1001 3335 1153 3395 nihil
1200 3342 1463 3409 constat3
1523 3351 1665 3394 nam
1714 3330 1875 3412 quod

183 3430 245 3481 11.
1458 3434 1545 3493 27
