2150 3814
197 168 361 231 1220
758 179 991 226 LIBER
1035 183 1403 228 ruamus.

191 315 550 398 Ἠλέκτρας,
607 313 946 396 Δάρδανον
999 307 1105 377 καὶ
1153 316 1467 392 Ἰασίωνα,
1524 317 1871 401 Καβείρους
1914 320 1982 381 δὲ

200 414 647 494 ὀνομασθῆναι
692 412 814 475 ἀπὸ
842 411 1158 493 Καβείρου
1193 415 1380 496 ὄρους
1415 421 1482 480 ἓν
1509 415 1785 501 Φρυγίᾳ,
1831 416 1986 478 ὅθεν

199 517 285 583 εἰς
339 510 783 595 Σαμοθρᾴκην
835 512 1327 592 μετηνέχθησαν.
1383 534 1643 596 quorum
1687 515 1844 574 nihil
1887 533 1985 575 sa-

196 613 278 671 tis
354 611 713 692 expeditum
786 621 895 670 est.
982 611 1345 672 Athenionis
1416 613 1653 676 Comici
1710 615 1989 675 fabulam

196 709 620 796 Σαμόθρᾳκες
672 712 1033 791 inscriptam
1079 723 1384 772 memorat
1423 713 1780 775 Athenaeus
1822 714 1988 775 XIV.

195 811 337 871 661.
381 811 456 871 A.
514 810 680 871 unde
735 810 893 870 illud
951 813 1374 871 testimonium
1420 812 1810 907 depromtum
1855 835 1988 876 esse

191 913 342 971 satis
386 915 668 992 speciosa
708 911 960 973 videtur
1003 913 1368 990 conjectura.
1449 908 1575 973 sed
1615 933 1856 976 moram
1897 918 1990 975 in-

186 1011 325 1088 jicit
365 1011 762 1073 Herodianus
797 1002 867 1074 dr.
908 1020 1081 1076 Μον.
1126 1032 1188 1093 p.
1238 1013 1334 1074 10.
1378 1000 1487 1073 ubi
1529 1015 1842 1094 profertur
1884 1034 1990 1075 ne-

195 1112 322 1170 scio
367 1115 470 1193 qui
507 1116 896 1192 Ἀθ-ηνακῶν
943 1111 1084 1192 (sic)
1130 1114 1162 1175 ὃ
1207 1113 1763 1197 τὰέΣαμοθρᾴκια.
1811 1125 1891 1189 et,
1936 1118 1990 1176 si

194 1231 410 1273 verum
456 1214 637 1273 fateri
691 1212 1013 1285 volumuS,
1075 1223 1207 1271 tota
1248 1215 1373 1273 ista
1417 1214 1742 1275 adnotatio
1788 1217 1990 1277 cathe-

196 1311 344 1371 drae
401 1304 584 1392 quam
643 1330 861 1369 scenae
915 1313 1173 1390 propior
1227 1309 1495 1372 videtur.
1597 1316 1843 1376 Deinde
1895 1320 1990 1377 in-

195 1412 390 1490 telligi
448 1409 699 1490 quidem
758 1419 967 1491 potest
1026 1430 1132 1469 cur
1186 1413 1265 1485 ii,
1324 1415 1429 1492 qui
1475 1411 1839 1476 Cabirorum
1883 1436 1991 1477 no-

195 1513 363 1571 mine
418 1530 735 1571 sacrorum
782 1510 1350 1570 Samothraciorum
1410 1513 1758 1574 conditores
1803 1515 1992 1576 deno-

193 1614 313 1671 tari
357 1614 810 1682 existimarunt,
853 1609 1218 1670 Dardanum
1268 1622 1331 1671 et
1371 1612 1680 1674 Iasionem
1737 1616 1854 1675 huc
1896 1637 1991 1676 re-

195 1714 478 1787 tulerint,
535 1711 645 1771 sed
705 1709 868 1791 quod
929 1711 994 1770 hi
1056 1732 1089 1769 e
1130 1711 1397 1791 Phrygia
1438 1716 1505 1773 in
1551 1714 1991 1776 Samothracen

194 1815 662 1891 transmigrasse
717 1811 1032 1883 dicuntur,
1093 1813 1390 1874 reclamat
1445 1823 1580 1874 tota
1637 1818 1990 1898 antiquitas,

192 1914 333 1974 Hoc
397 1925 606 1973 tamen
661 1911 842 1970 facile
900 1903 1165 1972 solvitur
1223 1914 1276 1970 si
1331 1922 1713 1993 postremam
1759 1916 1991 1977 Scholii

193 2023 434 2095 partem
491 2012 842 2095 Καβείρους
901 2011 971 2074 δὲ
1026 2014 1466 2093 ὀνομασθῆναι
1524 2026 1634 2073 etc.
1679 2015 1756 2075 ab
1800 2017 1987 2078 Athe-

193 2117 379 2174 nione
434 2111 512 2171 ad
570 2112 728 2170 alios
789 2106 1263 2184 transferamUS‚
1319 2115 1425 2192 qui
1479 2110 1847 2175 Cabirorum
1890 2138 1990 2195 ge-

193 2233 308 2274 nus
354 2223 417 2272 et
462 2221 668 2271 ortum
715 2209 1031 2271 diversum
1076 2211 1496 2287 tradideruut3
1555 2233 1713 2293 quae
1756 2218 1993 2295 conjec-

194 2325 333 2374 tura
391 2315 674 2372 firmatur
732 2310 1053 2371 Strabonis
1099 2314 1463 2372 auctoritate
1508 2314 1788 2390 eandem,
1834 2336 1992 2396 quae

194 2416 294 2473 hic
349 2413 689 2473 Athenioni
758 2411 1157 2485 adscribitur,
1226 2415 1596 2472 sententiam
1653 2425 1716 2474 et
1772 2417 1988 2477 eadem

195 2513 389 2576 verba
458 2510 870 2571 Stesimbroto
943 2512 1326 2587 assignantis,
1436 2511 1536 2571 Ad
1606 2513 1988 2592 postremum

195 2617 335 2694 ipsa
402 2614 586 2672 lectio
657 2629 882 2689 anceps
953 2620 1016 2670 et
1088 2621 1485 2671 controversa
1543 2623 1662 2688 est3
1719 2635 1864 2675 nam
1922 2621 1988 2678 in

198 2714 398 2773 Schol.
454 2722 576 2773 vet.
630 2711 748 2770 hoc
806 2709 1031 2770 dicitur
1078 2711 1388 2791 Ἀθηνίων
1445 2714 1638 2797 φησὶν
1691 2716 1786 2777 ὅτι
1839 2719 1989 2788 Διὸς

197 2815 302 2877 καὶ
349 2815 676 2895 Ἠλέκτρας
733 2815 968 2898 ἐγένετο
1021 2811 1262 2875 Ἰασίων
1304 2814 1411 2874 καὶ
1451 2812 1800 2896 Δάρδανος.
1858 2814 1986 2878 Κοί-

196 2918 395 2996 βειροι
450 2913 520 2976 δὲ
575 2914 834 2976 δοκοῦσι
889 2918 1427 2998 προςηγορεῢσθαι
1486 2904 1608 2977 ἀπὸ
1652 2915 1986 2998 Καβείρων

177 3003 326 3077 ’τῶν
368 3015 526 3077 κατὰ
574 3012 869 3099 Φρυγίαν
912 3015 1097 3094 δρῶν.
1144 3031 1266 3092 quo
1310 3014 1599 3074 fratribus
1643 3015 1767 3076 illis
1805 3013 1985 3077 Cabi-

197 3131 409 3174 rorum
454 3130 680 3172 nomen
724 3113 1016 3174 aufertur.
