2184 3840
0 239 4 378 ξ

0 391 4 532 ἰ

0 533 2 635 ν

767 197 1215 243 onrnch.
1606 139 1609 140 γ
1753 189 1880 249 889

110 335 305 396 titulis
361 332 688 395 inscribere
743 328 970 402 solent,
1023 344 1147 386 non
1201 326 1650 409 Aegyptiorum
1705 330 1880 392 obse-

111 437 254 515 quio
298 434 407 494 sed
449 442 719 494 naturae.
780 427 946 502 Quid
985 430 1169 507 igitur
1213 429 1291 489 de
1331 429 1727 508 Pythagoreis
1772 430 1882 491 du-

109 536 404 608 bitamuS,
465 532 683 613 quibus
739 538 977 590 constat
1018 528 1255 590 decoris
1299 539 1360 589 et
1401 532 1883 608 magnificentiae

106 652 230 692 non
310 635 611 696 minorem
682 649 888 690 curam
954 629 1144 717 fuisse
1213 649 1393 710 quam
1464 630 1882 706 ArchemistiS‚

104 732 300 809 Magis
371 742 432 791 et
498 730 916 812 seplasiariis‘l
986 729 1126 790 Huc
1183 730 1508 790 accedebat
1561 733 1883 812 proprium

104 833 287 910 hujus
331 842 532 892 sectae
575 831 850 892 studium
894 849 1097 890 rerum
1142 832 1417 890 omnium
1448 830 1882 892 similitudines

106 943 168 992 et
210 933 524 1010 analogias
566 931 930 1010 indagandi,
982 929 1146 989 unde
1189 934 1369 1008 copia
1410 933 1884 992 translationum

106 1044 170 1092 et
223 1033 788 1092 denominationum
844 1031 1012 1103 nasci
1055 1029 1229 1088 solet.
1313 1028 1492 1089 Hanc
1535 1040 1742 1090 autem
1785 1051 1883 1091 ra—

104 1136 333 1193 tionem
390 1132 763 1191 domesticae
817 1131 1036 1189 horum
1093 1128 1607 1208 philosophorum
1660 1130 1884 1191 doctri-

103 1251 219 1292 nae
298 1231 855 1310 conjunctissimam
870 1273 888 1303 ‚
975 1228 1248 1308 nullique
1329 1231 1436 1289 alii
1507 1239 1708 1290 sectae
1775 1251 1884 1291 seu

103 1333 374 1391 Graecae
416 1350 525 1391 seu
569 1331 842 1390 exoticae
886 1347 1275 1390 communem
1292 1375 1310 1404 ‚
1355 1333 1491 1411 quis
1536 1331 1746 1392 credat
1783 1351 1884 1392 ex-

102 1434 397 1492 trinsecus
442 1431 518 1491 ab
545 1430 830 1511 Aegypto
876 1448 1008 1489 esse
1052 1428 1436 1492 derivatam?
1479 1433 1648 1492 Inter
1683 1453 1884 1494 exem-

101 1534 239 1612 pla,
295 1552 451 1612 quae
507 1532 872 1604 afferuntur,
940 1529 1315 1606 symbolicae
1373 1531 1690 1607 dictioniS‚
1751 1536 1885 1595 sive

104 1634 211 1692 illa
264 1635 404 1692 ficta
456 1643 599 1692 sunt
642 1651 680 1691 a
723 1630 1040 1690 Graeculis
1084 1632 1218 1692 sive
1261 1632 1645 1711 Pythagorae
1686 1634 1884 1714 ipsius

105 1751 213 1791 ore
268 1741 551 1811 excepta,
606 1750 798 1791 unum
842 1739 966 1803 est,
1009 1736 1076 1789 in
1120 1750 1240 1810 quo
1288 1731 1522 1791 diutius
1565 1735 1887 1793 immorari

102 1832 318 1904 libeat,
377 1831 534 1890 illud
576 1831 740 1911 quod
785 1829 863 1889 de
904 1832 1093 1890 maris
1138 1840 1276 1889 ortu
1320 1830 1559 1891 dicitur.
1646 1832 1804 1893 Nam
1852 1854 1889 1894 a

102 1932 367 1991 lacrimis
436 1930 695 1990 deorum
766 1941 899 1990 tum
955 1931 1093 2005 alii,
1151 1950 1305 2011 quos
1352 1934 1485 2010 jam
1538 1935 1887 1997 nominavi-

101 2050 241 2091 mus
259 2075 276 2104 ,
344 2031 782 2092 similitudines
850 2030 1189 2105 duxerunt,
1255 2041 1387 2092 tum
1455 2034 1641 2093 etiam
1699 2043 1888 2115 poeta

104 2131 468 2209 Theologus.
537 2131 830 2191 Proculus
897 2133 962 2190 in
1018 2131 1174 2191 Tim.
1231 2133 1276 2191 l.
1330 2130 1429 2193 35.
1487 2137 1546 2196 οἱ
1598 2134 1887 2221 θεολόγοι

106 2233 220 2311 τὴν
274 2232 531 2311 ἡλιακὴν
586 2229 888 2314 πρόνοιαν
947 2232 1053 2293 καὶ
1105 2237 1189 2301 εἰς
1231 2233 1308 2294 τὰ
1353 2234 1563 2313 θνητοὶ
1606 2235 1712 2299 διὰ
1755 2244 1886 2300 τῶν

106 2330 402 2414 δακρύων
443 2331 815 2413 σημαίνουσι

243 2433 464 2504 Δάκρυα
498 2436 593 2502 μὲν
628 2436 782 2491 σέθεν
818 2436 925 2487 ἔστι
960 2433 1289 2504 πολυτλήτων
1324 2438 1466 2506 γένος
1501 2437 1700 2510 ἀνδρῶν

106 2542 166 2590 et
209 2533 275 2589 in
318 2530 494 2588 Polit.
517 2549 579 2610 p.
605 2529 748 2590 384.
795 2528 944 2588 dicit
984 2529 1295 2606 lacrymiS,
1340 2531 1560 2611 quibus
1605 2533 1694 2593 dii
1721 2552 1886 2595 mor-

105 2641 230 2690 tem
295 2631 615 2690 hominum
680 2629 799 2690 sibi
855 2630 1254 2690 familiarium
1312 2631 1534 2691 deflere
1587 2633 1888 2709 dicantur,

104 2732 430 2809 significari
486 2749 699 2790 eorum
741 2732 807 2790 in
850 2730 1081 2790 tuendo
1124 2731 1480 2793 mortalium
1523 2753 1742 2811 genere
1785 2734 1889 2796 cu—'

106 2851 240 2891 ram
304 2842 366 2891 et
424 2830 910 2912 providentiam:
969 2831 1230 2918 Δάκρυα
1282 2831 1691 2916 πολυτλήμων
1746 2836 1895 2919 (sic)

108 2932 282 3015 γένος
326 2932 615 3016 ἀνδρῶν,
676 2932 829 3015 φησί
870 2956 962 3004 τις
1003 2935 1118 2999 τὸν
1157 2935 1330 3013 ἥλιον
1373 2934 1610 3015 ὑμνῶν.
1700 2936 1783 2995 Et
1823 2955 1886 3016 p.

111 3028 254 3090 385.
296 3031 373 3093 τὰ
419 3031 666 3115 δάκρυα
709 3040 815 3112 τῆς
860 3038 943 3104 εἷς
985 3035 1064 3097 τὰ
1108 3036 1318 3114 θνητὰ
1349 3035 1644 3118 προνοίας
1673 3038 1885 3101 αὐτῶν

112 3131 216 3193 καὶ
257 3130 509 3216 ἐπίκηρα
553 3133 892 3219 πράγματα
936 3133 1316 3217 συνθήματά
1359 3139 1558 3210 ἐστιν,
1603 3137 1635 3199 ὃ
1681 3136 1750 3199 δὲ
1787 3137 1887 3222 γε’-

117 3237 232 3299 λως
282 3239 388 3311 τῆς
445 3239 529 3304 εἷς
582 3235 662 3298 τὰ
717 3237 829 3301 ὅλα
872 3237 977 3299 καὶ
1021 3234 1316 3307 ὥσαύτως
1359 3235 1694 3318 κινούμενα
1736 3246 1888 3316 πλη-

116 3326 375 3411 ρώματα
442 3341 554 3398 τοῦ
608 3337 840 3407 παντὸς
896 3338 1229 3423 ἐνεργείας·
1284 3335 1498 3421 διόπερ
1559 3339 1730 3420 οἶμαι
1784 3338 1888 3400 καὶ
