2184 3840
301 177 426 236 896
854 190 1066 232 maun
1119 189 1519 233 SECUNDUS.

303 318 453 400 ἦχον
498 322 714 403 φωνὴν
762 321 917 383 εἶναι
960 345 1127 389 τινος
1171 326 1298 380 τῶν
1343 316 1666 399 δαιμόνων
1710 321 2066 398 ἐναπειλημ-

300 421 492 501 μένην
547 430 637 503 τῷ
685 426 912 500 χαλκῷ.
984 429 1044 477 et
1100 418 1458 477 Eustathius
1514 437 1573 496 p.
1635 415 1814 476 1067.
1860 413 1958 476 59.
2014 420 2070 478 οἱ

303 519 740 606 Πυθαγόρειοί
817 538 971 599 φασι
1049 519 1162 581 τὸν
1226 516 1462 596 χαλκὸν
1529 517 1716 580 παντὶ
1785 522 2071 595 συνηχεῖν

304 621 598 701 θειοτέρῳ
641 615 978 698 πνεύματι,
1023 618 1121 679 διὸ
1166 617 1272 678 καὶ
1311 625 1401 702 τῷ
1438 616 1786 685 Ἀπόλλωνι
1818 616 2073 699 τρίπους

300 727 577 786 τοιοῦτος
643 713 976 779 ἀνάκειται.
1044 715 1264 796 quibus
1331 715 1626 793 fingendis
1694 717 2075 776 occasionem

301 817 476 876 dedit
544 817 704 875 aeris
769 833 916 875 usus
986 815 1068 876 ad
1123 816 1468 893 ⁴imaginem
1547 817 1928 895 antiquitatis
2008 816 2073 873 in

296 917 486 975 sacris
549 923 853 988 retentuS‚
917 917 1088 994 cujus
1157 934 1403 976 causam
1471 915 1750 974 sollerter
1813 915 2077 994 explicat

296 1015 614 1075 Hoeckius
667 1017 734 1074 in
780 1013 1008 1076 Creta
1051 1016 1119 1075 T.
1163 1017 1209 1075 I.
1255 1015 1397 1075 264.
1443 1013 1805 1074 Sacerdotes
1848 1015 2077 1075 Roma-

298 1133 411 1175 nos
469 1134 660 1176 aenea
710 1116 944 1196 forcipe
987 1117 1079 1174 uti
1121 1133 1236 1195 pro
1279 1116 1480 1175 ferrea
1521 1114 1656 1174 Joh.
1698 1114 1912 1192 Lydus
1955 1124 2077 1174 tra-

300 1215 393 1275 dit
434 1215 627 1276 Mens.
670 1216 713 1276 1.
763 1216 821 1276 9.
871 1216 966 1275 12.
1011 1215 1225 1275 addita
1266 1217 1534 1275 ratione:
1581 1217 1613 1278 5
1659 1216 1782 1301 γὰρ
1827 1215 2077 1297 σίδηρος

299 1316 460 1378 κατὰ
503 1317 651 1386 τοὺς
696 1316 1182 1402 Πυθαγορείους
1222 1324 1297 1396 τῇ
1341 1317 1456 1396 ὕλῃ
1500 1313 1846 1380 ἀνάκειται·
1891 1317 2077 1398 μέλας

298 1415 422 1500 γὰρ
463 1416 570 1478 καὶ
610 1416 718 1478 διὰ
759 1425 944 1479 τοῦτο
990 1417 1171 1501 ἐγγὺς
1213 1417 1390 1497 ᾅδου.
1436 1425 1499 1474 et
1540 1434 1616 1474 ex
1659 1413 1878 1475 eodem
1907 1416 2079 1475 fonte

296 1514 518 1574 hausta
581 1514 904 1588 videntur,
974 1533 1130 1594 quae
1185 1515 1479 1575 Proculus
1533 1525 1742 1576 narrat
1792 1518 1860 1574 in
1903 1514 2076 1576 Crat.

299 1611 582 1675 CXXIX.
648 1635 709 1696 p.
766 1616 868 1675 81.
936 1617 969 1678 5
1020 1615 1257 1699 χρυσὸς
1311 1617 1547 1679 ἀνεῖται
1606 1622 1697 1697 τῷ
1749 1617 2078 1700 πρωτίστῳ

298 1723 428 1778 τῶν
469 1714 726 1796 κόσμων
767 1717 872 1779 καὶ
905 1716 1185 1799 ἐμπυρίῳ
1219 1716 1325 1778 καὶ
1356 1723 1574 1798 νοερῷ,
1621 1716 1818 1797 φασὶν
1845 1718 1905 1779 οἱ
1929 1721 2079 1781 θεο-

299 1813 504 1900 λόγοι,
562 1817 595 1878 5
654 1815 724 1878 δὲ
782 1819 1055 1902 ἄργυρος
1109 1823 1199 1897 τῷ
1253 1817 1423 1897 μέσῳ
1482 1816 1541 1895 (5
1597 1814 1667 1877 δὲ
1719 1818 1948 1896 χαλκὸς
1989 1825 2081 1901 τῷ

295 1915 537 1999 ὗλαίῳ).
627 1914 753 1975 Sed
805 1916 957 1977 haec
990 1917 1123 1994 jam
1167 1916 1352 1975 altius
1395 1923 1701 1994 spectant,
1763 1934 2081 1978 reservan-

299 2014 496 2096 daque
551 2026 694 2075 sunt
749 2018 807 2075 ei
859 2017 1028 2089 loco,
1089 2035 1209 2095 quo
1267 2015 1345 2095 de
1398 2015 1618 2075 mundi
1670 2015 1967 2090 visibilis,
2011 2030 2082 2077 ut

297 2117 546 2192 mystici
598 2117 964 2195 loquuntur,
1022 2126 1084 2174 et
1135 2115 1467 2176 invisibilis
1522 2125 1810 2175 contextu
1870 2116 2082 2177 dedita

299 2233 489 2294 opera
531 2215 905 2275 tractabitur.
971 2216 1071 2274 De
1114 2215 1635 2293 Pythagoreorum
1681 2214 1940 2276 decretis
1983 2235 2081 2278 su-

293 2324 502 2393 perest
551 2315 707 2376 illud
762 2315 929 2396 quod
980 2316 1161 2393 Diog.
1217 2315 1324 2375 La.
1381 2315 1542 2374 VIII.
1603 2314 1698 2375 10.
1755 2326 1818 2374 et
1859 2314 2080 2379 Jambl.

301 2413 371 2471 V.
428 2414 492 2472 P.
549 2434 597 2472 c.
642 2414 929 2475 XXVIII.
983 2416 1281 2474 referunt:
1339 2416 1664 2494 ἀπείχοντο
1722 2425 1912 2498 σοροῦ
1965 2442 2078 2480 κυ-

298 2514 664 2596 παρισσίνης
729 2515 836 2577 διὰ
903 2515 973 2577 τὸ
1042 2522 1155 2577 τοῦ
1213 2514 1360 2583 Διὸς
1415 2522 1727 2596 σκῆπτρον
1784 2519 2078 2581 ἐντεῦθεν

297 2619 697 2694 πεποιῆσθαι.
754 2613 918 2694 quod
974 2616 1105 2673 sine
1161 2613 1350 2673 dubio
1386 2632 1482 2694 ,eo
1536 2617 1928 2694 propositum
1989 2628 2080 2676 est

298 2715 554 2773 consilio
611 2724 681 2774 ut
733 2714 1012 2775 homines
1069 2733 1106 2773 a
1148 2716 1485 2776 vanissimo
1530 2724 1820 2775 avocaret
1861 2734 2078 2792 genere

298 2825 631 2887 sumtuum,
665 2814 831 2895 quod
854 2823 1238 2876 mortuorum
1265 2815 1487 2874 honori
1513 2814 1800 2874 tribuitur
1814 2812 1913 2895 [†].
1956 2814 2077 2875 Ne-'

299 2900 416 2993 que
470 2932 581 2991 ego
636 2916 898 2976 multum
940 2915 1295 2995 repugnabo
1316 2958 1333 2987 ‚
1387 2917 1442 2974 si
1497 2916 1630 2994 quis
1684 2914 1794 2973 illa
1836 2933 2076 2995 quoque

297 3023 658 3094 praecepta,
715 3015 793 3075 de
848 3017 1079 3076 tonitru
1134 3024 1196 3074 et
1251 3014 1329 3074 de
1381 3015 1605 3074 tinnitu
1661 3016 1900 3075 aurium
1921 3059 1937 3086 ‚
1993 3014 2075 3074 ad

418 3211 504 3267 [†]
536 3212 588 3255 Id
618 3214 748 3256 altius
778 3220 990 3271 quaerunt
1015 3213 1257 3256 Bochartus
1286 3218 1331 3254 et
1359 3212 1522 3268 Lampe
1550 3211 1596 3253 in
1625 3211 1740 3253 Diss.
1770 3211 1824 3254 de
1855 3212 2072 3270 Cupressu

299 3283 340 3324 p.
372 3267 470 3311 589.
504 3270 561 3313 T.
579 3271 614 3313 I.
644 3273 892 3317 Dissertatt.
924 3272 1246 3330 Simplicissima
1275 3271 1447 3313 videtur
1475 3270 1605 3323 ratio,
1638 3270 1750 3325 quod
1771 3270 1893 3314 Jovis
1911 3271 2071 3327 patria,

300 3327 458 3381 Creta,
494 3343 791 3386 cupressorum
820 3332 1086 3378 feracissima
1117 3331 1214 3374 fuit.
1247 3345 1287 3373 v.
1319 3329 1509 3372 Boeckh.
1541 3329 1594 3372 ad
1626 3329 1751 3374 Pind.
1781 3329 1857 3371 Fr.
1893 3344 1934 3386 p.
1972 3327 2070 3370 631.
