2184 3840
302 252 429 312 890
832 262 1066 307 ιιΒΕΒ
1110 262 1537 307 εΕουΝουε.

302 397 414 460 τὸν
456 395 571 476 μὲν
614 395 846 478 γέλωτα
891 398 963 470 τῇ
1007 394 1233 476 γενέσει
1276 399 1404 455 τῶν
1449 390 1674 463 θείων,
1717 390 1795 453 τὰ
1841 390 1908 452 δὲ
1952 389 2067 453 δά-

300 520 461 579 κρυα
505 502 579 574 τῇ
625 490 914 556 συστάσει
956 499 1084 554 τῶν
1128 488 1490 571 ἀνθρώπων
1531 491 1571 571 ἢ
1619 487 1796 565 ζώων
1849 490 2069 552 ἀπονέ-

231 583 233 585 ¹
297 621 495 678 μομεν

439 704 655 776 Δάκρυα
690 704 783 768 μὲν
819 701 971 754 σέθεν
1008 701 1114 753 ἔστι
1149 704 1472 770 πολυτλῆμον
1507 702 1646 770 γένος
1682 702 1897 772 ἀνδρῶν,

437 792 686 858 μειδῆσαν
722 787 778 839 δὲ
813 790 953 839 θεῶν
989 784 1123 855 ἱερὸν
1157 784 1298 853 γένος
1333 785 1613 854 ἐβλάστησε
1633 785 1694 854 [¹²]
1735 815 1737 817 ·

299 909 566 973 quorum.
613 906 904 949 versuum
960 889 1230 968 priorem
1288 886 1594 946 Gesnerus
1638 888 1740 947 Fr.
1783 885 2071 948 XXXVI.

299 992 547 1072 Orpheo
603 988 849 1061 tribuit,
906 986 1202 1065 Theologi
1243 988 1496 1046 nomine
1539 985 1755 1047 ductus
1797 985 2074 1066 pluribus

295 1091 546 1173 quidem
617 1089 957 1162 communi,
1027 1088 1360 1168 praecipuo
1415 1097 1624 1147 tamen
1679 1087 1771 1146 illi
1823 1095 2072 1166 poetae3

295 1191 461 1273 quod
506 1192 610 1271 qui
653 1188 1038 1270 probaverit,
1081 1206 1295 1250 versus
1338 1188 1521 1247 hosce
1562 1187 1817 1265 Hymno
1860 1188 1926 1245 in
1962 1186 2074 1246 So-

295 1294 417 1352 lem
491 1290 725 1350 dudum
792 1292 1018 1349 amisso
1089 1288 1434 1348 adscribere
1492 1306 1618 1347 non
1675 1286 2072 1357 cunctabitur,

294 1393 612 1453 Sententia
652 1393 790 1471 ipsa
833 1408 957 1448 non
1001 1390 1261 1449 multum
1307 1388 1613 1468 discrepat
1655 1387 1733 1447 ab
1776 1388 1874 1460 iis,
1919 1391 2075 1466 quae

295 1494 726 1552 Gnosticorum
789 1489 1038 1568 quidam
1099 1489 1177 1548 de
1234 1492 1424 1551 variis
1467 1489 1864 1565 Enthymesis
1909 1506 2074 1547 com-

294 1592 668 1654 motionibus
723 1589 1144 1662 tradiderunt‚
1199 1590 1320 1652 ἀπὸ
1376 1597 1505 1653 τῶν
1547 1587 1842 1672 δακρύων
1887 1591 2074 1667 αὐτῆς

294 1695 613 1780 γεγονέναι
668 1698 880 1754 πᾶσαν
925 1693 1190 1776 ἔνυγρον
1234 1689 1489 1762 οὐσίαν,
1538 1691 1659 1752 ἀπὸ
1704 1689 1774 1752 δὲ
1816 1695 1929 1751 τοῦ
1973 1689 2073 1773 γέ-

295 1803 485 1863 λωτος
537 1793 651 1872 τὴν
708 1792 1047 1875 φωτεινὴν,
1108 1791 1229 1853 ἀπὸ
1288 1789 1358 1852 δὲ
1414 1797 1522 1869 τῆς
1576 1787 1767 1869 λύπης
1820 1789 1926 1852 καὶ
1963 1795 2074 1867 τῆς

294 1892 625 1973 ἐκπλήξεως
677 1894 755 1955 τὰ
802 1890 1123 1972 σωματικὰ
1166 1897 1279 1953 τοῦ
1323 1888 1562 1971 κόσμου
1607 1895 1874 1969 στοιχεῖα
1917 1890 2072 1948 Iren.

292 1995 338 2053 Ι.
391 1995 451 2053 7.
505 2013 566 2073 p.
611 1992 711 2052 21.
769 1992 841 2051 cf.
892 1991 986 2051 lo.
1031 1990 1132 2050 26.
1147 1985 1238 2071 [¹]
1282 1989 1642 2050 Haereticos
1687 1999 1924 2063 autem,
1970 1991 2074 2069 qui

294 2094 727 2157 Gnosticorum
782 2092 1057 2151 familiae
1096 2089 1556 2174 adscribuntur,
1599 2090 1797 2150 multa
1838 2090 1916 2149 ab
1961 2089 2075 2148 Or-

292 2196 454 2275 pheo
500 2203 561 2252 et
601 2191 881 2254 Hesiodo
926 2199 1239 2250 mutuatos
1284 2208 1417 2250 esse
1440 2188 1890 2250 Feuardentius
1935 2207 2073 2249 con-

292 2293 492 2354 tendit
535 2292 617 2353 ad
658 2292 884 2373 Epiph.
929 2291 996 2350 L.
1041 2292 1087 2350 I.
1131 2311 1191 2372 p.
1237 2291 1337 2350 27.
1382 2309 1467 2370 sq.
1523 2290 1634 2351 sed
1677 2292 1910 2350 crimen
1950 2308 2076 2349 non

293 2393 601 2475 approbat
665 2411 861 2472 neque
928 2392 1196 2471 suspicio
1266 2390 1469 2464 abest,
1531 2392 1679 2471 quin
1732 2390 2075 2450 similitudo

290 2494 435 2567 illa,
456 2564 458 2566 ,
479 2511 634 2572 quae
675 2492 823 2550 furti
866 2492 1133 2570 speciem
1176 2490 1451 2569 praebet,
1494 2490 1824 2551 verborum
1866 2492 2074 2570 potius

295 2594 377 2652 sit
418 2611 599 2672 quam
644 2610 847 2651 rerum
865 2587 962 2671 [Ἦ.
1051 2589 1278 2650 Verum
1322 2590 1470 2650 haee
1512 2609 1752 2670 quoque
1795 2600 1866 2650 ut
1907 2591 2073 2651 levia

412 2802 489 2861 [¹¹]
529 2804 606 2846 Sic
637 2802 950 2847 emendavimus
974 2802 1154 2858 vulgata
1183 2798 1472 2861 πολυτλήμον
1502 2808 1548 2844 et
1575 2802 1813 2861 μηὸεῖσαν.

414 2875 493 2933 [i]
537 2877 578 2920 E:
619 2876 888 2932 lacrymis
931 2875 1207 2918 Achamot
1247 2875 1556 2918 humectam
1598 2875 1891 2932 prodiisse
1935 2875 2037 2916 sub
2054 2899 2068 2904 —

297 2937 568 2978 stantiam
582 2970 594 2991 ,
645 2951 669 2978 e
713 2935 829 2978 risu
869 2939 1050 2978 autem
1104 2933 1347 2979 lucidam
1390 2950 1431 2992 p.
1479 2932 1573 2977 130.
1650 2931 1880 2976 consimile
1928 2931 2071 2974 Mani-

296 2996 521 3037 chaeorum
563 2995 882 3038 deliramentum
926 2994 980 3036 de
1026 2996 1124 3036 ortu
1163 2993 1360 3035 imbrium
1406 3007 1512 3048 quos
1562 3007 1586 3034 e
1625 2992 1780 3035 sudore
1824 2991 2070 3034 coelestium

295 3052 506 3152 virglinum
549 3053 735 3096 existere
774 3053 936 3096 volunt.
980 3067 1017 3094 v.
1052 3051 1209 3094 Milles.
1241 3051 1296 3094 ad
1327 3052 1479 3109 Cyrill.
1510 3052 1631 3093 Hier.
1662 3051 1840 3094 Catech.
1872 3050 1971 3094 VII.
2006 3050 2071 3092 18.

414 3179 495 3239 [ii]
544 3184 894 3227 Manichaeorum
924 3184 1127 3240 probolas
1166 3183 1472 3240 quodammodo
1504 3184 1559 3225 ab
1584 3182 1767 3238 >Orpheo
1806 3179 2071 3223 introductas

296 3256 389 3284 esse
430 3241 626 3286 Clemens
668 3243 791 3285 Alex.
832 3243 1046 3286 affirmare
1075 3257 1158 3285 uon
1188 3242 1372 3285 dubitat.
1410 3257 1449 3285 v.
1481 3255 1597 3298 supr.
1629 3241 1680 3283 P.
1709 3239 1769 3284 Π.
1802 3254 1837 3281 c.
1868 3239 1926 3281 II.
1958 3242 1998 3292 §.
2029 3233 2069 3279 4.

300 3301 355 3342 N.
386 3301 510 3343 VIII.
541 3307 586 3344 et
613 3303 746 3344 verbo
775 3298 1047 3361 προβάλλειν
1076 3301 1204 3344 semel
1246 3301 1450 3344 Proculus
1488 3301 1532 3342 in
1577 3298 1873 3354 Genealogiae
1909 3296 2071 3352 Orphi—

297 3373 373 3400 cae
404 3359 671 3415 expositione
701 3359 866 3415 utitur,
913 3361 1084 3404 divinae
1116 3360 1327 3403 essentiae
1363 3372 1621 3417 vprogressus
1660 3357 1777 3410 sive,
1826 3360 1873 3399 ut
1914 3355 2067 3410 vulgus

297 3418 501 3473 loquitur,
552 3419 817 3463 evolutiones
851 3415 1077 3478 προόδους
1108 3419 1251 3463 dicere
1294 3419 1459 3462 solitus.
1532 3418 1627 3461 Nec
1673 3418 1795 3459 abest
1839 3413 2068 3457 similitudo
