2150 3814
735 140 1934 210 smuo'rnnxcm.1297v

115 302 369 378 promti
390 311 534 361 sunt
569 318 787 364 versus
825 318 979 381 quos
1010 297 1235 360 suidas
1259 319 1306 360 s.
1331 291 1651 385 Κέρκωπες
1696 302 1906 366 demto

116 409 366 460 auctore
410 402 593 462 affert

261 536 512 604 Ψεύστας,
548 537 859 608 ἠπεροπῆας,
895 535 1137 606 ἅμήχανά
1171 538 1213 590 τ’
1254 539 1350 608 ἔργ’
1391 537 1680 604 ἀνύσαντας
1700 542 1760 609 [¹¹]

253 623 666 693 ἒξαπατητῆρας·
722 622 915 691 πολλὴν
951 622 997 675 <5²
1037 624 1116 675 ἐπὶ
1152 631 1303 693 γαῖαν
1336 623 1498 687 ἰόντες

248 703 561 778 ἀνθρώπους
596 705 897 761 ἀπάτασκον
931 706 1179 776 ἀλώμενοι
1214 707 1392 778 ἤματα
1426 708 1612 764 πάντα.

105 855 303 918 neque
344 838 462 898 hoc
503 840 825 918 praeteriit
867 839 1257 900 Kuesterum.
1328 838 1466 913 Quo
1511 842 1647 901 loco
1694 850 1898 902 autem

106 937 418 998 Homerus
465 937 768 1021 Cercopes
812 959 958 1000 suos
1001 939 1414 1000 introduxerit
1462 950 1525 999 et
1569 941 1721 1020 quid
1774 943 1899 1019 agi-

108 1047 338 1112 tanteS,
396 1060 473 1100 ex
527 1040 652 1100 illis
708 1040 1010 1121 suspicari
1062 1057 1426 1118 possumus,
1483 1058 1641 1118 quae
1691 1040 1897 1100 Dioti-

107 1157 245 1198 mus
287 1142 536 1220 scripsit
577 1142 642 1199 in
678 1139 1049 1220 Ἡρακλέους
1093 1139 1318 1208 ἄθλοις
1364 1137 1535 1198 Suid.
1598 1157 1644 1199 s.
1689 1138 1895 1220 Εὐρύ-

103 1239 323 1319 βατος)
1412 1311 1425 1350 ἱ

271 1412 273 1415 .
310 1364 586 1435 Κέρκωπὲς
620 1385 700 1418 τοι
735 1363 902 1417 πολλὰ
935 1363 1070 1417 κατὰ
1105 1362 1344 1435 τριόδους
1379 1364 1650 1427 πατέοντες

316 1454 562 1503 Βοιωτῶν
599 1451 828 1503 σίνοντο·
868 1449 1010 1520 γένος
1047 1449 1092 1502 δ’
1133 1449 1256 1503 ἴσαν
1298 1450 1591 1519 Οῗχαλιῆες,

302 1527 462 1597 Ὦλός
495 1533 538 1588 τ’
578 1531 882 1605 Εὗρῦβατός
916 1556 971 1588 τε
1008 1534 1116 1588 δύω
1150 1536 1532 1606 βαρυδαίμονες
1567 1533 1766 1606 ἄνδρες.

100 1663 265 1724 unde
308 1662 716 1746 probabiliter
758 1663 1074 1724 conficitur
1099 1661 1442 1724 Homerum
1483 1682 1723 1744 quoque
1752 1660 1895 1723 Cer-

101 1783 285 1845 copes
331 1783 470 1823 cum
511 1763 783 1824 Hercule
828 1763 1250 1843 composuisse
1294 1783 1368 1823 eo
1413 1765 1571 1837 loco,
1617 1783 1737 1843 quo
1770 1763 1901 1845 Euf

99 1866 227 1942 ryti
298 1863 516 1923 urbem
553 1862 876 1942 urbisque
943 1864 1464 1943 expugnationem
1541 1863 1894 1938 celebraret,

94 1963 216 2025 hoc
286 1973 380 2025 est
443 1966 512 2026 in
562 1961 880 2045 [Heraclea
923 1965 1070 2041 -sive
1127 1962 1456 2023 Oechaliae
1511 1962 1765 2038 Halosi‚
1833 1973 1896 2023 et

100 2066 243 2125 huic
281 2063 566 2137 carmini,
609 2062 831 2123 ultima
862 2061 1140 2123 Thebani
1166 2063 1394 2124 Herois
1419 2063 1697 2124 facinora
1730 2082 1899 2124 com-s

99 2166 321 2247 plexo,
379 2162 546 2245 quod
601 2154 790 2240 vulgo
849 2159 1202 2245 Creophylo
1260 2162 1585 2238 tribuitur,
1639 2181 1895 2245 poema-

100 2267 236 2324 tion
290 2263 369 2323 de
427 2261 801 2344 Cercopibus
845 2273 1139 2343 tanquam
1198 2261 1535 2324 embolium
1580 2263 1895 2344 quoddam

103 2373 408 2426 attextum
465 2364 673 2423 fuisse.
771 2362 935 2424 Nam
994 2360 1414 2445 Creophylum
1468 2365 1535 2423 in
1588 2363 1894 2424 Heraclea

103 2465 182 2525 de
241 2464 535 2525 Oechalia
587 2464 914 2544 loquutum
971 2482 1106 2523 esse
1162 2463 1482 2538 Euboica,
1550 2464 1894 2524 Pausaniae

98 2567 456 2626 testimonio
513 2574 751 2625 constat
769 2609 786 2639 ,
857 2563 1024 2644 quod
1077 2564 1399 2625 Fabricius
1455 2564 1648 2625 affert.
1756 2563 1893 2647 Hos

104 2665 533 2726 Oechalienses
595 2662 899 2745 Cercopes
957 2667 1138 2726 novit
1198 2663 1571 2725 Scholiastes
1641 2652 1891 2724 Lucian.

107 2765 279 2826 Alex.
324 2763 378 2847 ξ
423 2765 483 2826 4.
538 2785 601 2846 p.
645 2765 747 2825 66.
805 2765 917 2825 sed
960 2766 1098 2826 aliis
1143 2765 1498 2826 nominibus
1541 2763 1889 2846 praeditos:

113 2861 302 2930 Οὗτοι
343 2871 409 2930 ἐν
452 2866 729 2949 Βοιωτίᾳ
771 2866 1088 2951 διέτριβον
1139 2870 1440 2947 Οἶχαλιεῖς
1486 2868 1660 2938 ὄντες
1713 2867 1892 2951 γένος

227 3064 300 3123 [b]
344 3065 420 3109 Sic
449 3065 691 3111 Ruentem
731 3065 977 3111 emendavit
1014 3080 1093 3124 pro
1134 3065 1224 3126 ἔργ’
1268 3062 1505 3122 ἐάσαντας,
1547 3079 1687 3123 neque
1726 3066 1772 3109 id
1812 3066 1894 3110 im·

107 3126 324 3195 probabat
378 3125 672 3180 Hermannus‚
720 3141 849 3183 quum
888 3140 986 3169 eum
1015 3126 1069 3168 de
1109 3126 1191 3168 hoc
1230 3125 1324 3168 loco
1363 3125 1690 3183 interrogarem.
1748 3125 1890 3169 Nobis

109 3187 153 3226 in
181 3189 363 3227 mentem
392 3188 573 3226 venerat
599 3185 649 3243 ἔρ
624 3201 712 3244 ργα
743 3185 954 3241 δαέντας,
996 3199 1078 3227 non
1109 3184 1284 3241 proprio
1315 3184 1567 3240 significatu
1595 3190 1645 3228 ut
1671 3183 1799 3228 Hom.
1829 3183 1885 3225 Η.

108 3243 152 3286 in
182 3241 938 3343 Vulc.v.}.'rheocr.1d.xvfl.
969 3244 1039 3287 81.
1072 3243 1146 3285 sed
1185 3242 1322 3286 simile
1365 3244 1579 3287 homerico
1619 3239 1801 3302 ακοσμά
1841 3256 1886 3284 τε

111 3297 254 3345 πολλα
284 3313 330 3344 τε
363 3301 403 3343 εἰ
435 3297 506 3351 ὠς.
