2150 3814
203 211 364 271 1118
766 218 995 263 mann
1041 219 1410 264 ‘ruamus

200 382 304 420 και
339 353 678 478 Ἀθηναίαν
716 351 1003 434 Ὠλερίαν
1044 387 1127 397 -—
1172 353 1278 413 καὶ
1319 360 1618 435 Κωρῆτας
1663 351 1768 413 καὶ
1808 350 1986 431 Νύμ-

203 482 326 540 φας
371 456 476 518 καὶ
517 454 639 524 τώς
679 450 1057 534 Κύρβαντας
1101 450 1206 511 καὶ
1233 453 1398 524 θεως
1441 452 1680 522 πάντας
1723 474 1828 512 και
1870 447 1991 512 ποί-

206 578 334 627 σας
420 553 737 632 Iidemque
780 551 978 610 Minoi
1033 548 1111 608 de
1157 549 1378 612 Glauci
1421 563 1620 616 morte
1663 551 1996 611 sciscitanti

198 654 522 718 'vaticinati
550 661 693 712 sunt
716 687 801 697 —
825 654 1112 734 ἀφανοῦς
1140 652 1322 723 ὄντος
1365 656 1561 719 αὐτοῦ
1588 653 1816 723 Μίνως
1859 674 2000 733 περι

210 764 317 835 τῆς
364 754 656 836 εὑρέσεως
699 749 1094 834 ἐμαντεύετο·
1141 759 1451 836 Κουρῆτες
1493 754 1564 817 δὲ
1608 755 1780 817 εἷπον
1826 753 1999 832 αὐτῷ

206 852 640 938 τριχρώματον
685 857 749 917 ἐν
794 858 930 922 ταῖς
975 851 1220 938 αγὲλαις
1265 854 1423 934 ε’χειν
1466 857 1630 936 βοῦν
1673 860 1784 912 etc.
1842 867 1998 930 quae

206 957 341 1015 sive
386 974 461 1014 ex
505 951 824 1034 Euripidis
850 950 1113 1029 Polyido
1161 953 1296 1014 sive
1339 973 1373 1011 e
1418 951 1744 1032 Sophoclis
1786 949 2001 1033 fabula

207 1055 470 1134 repetita
541 1065 714 1127 sunt,
782 1054 1051 1114 auctoris
1109 1058 1270 1113 certe
1327 1054 1633 1112 sententia
1688 1036 1811 1111 suit
1867 1066 2000 1107 esse

207 1153 516 1234 quoddam
575 1154 857 1216 divinum
913 1170 1103 1231 genus
1149 1151 1445 1214 Curetum
1501 1152 1648 1214 inde
1703 1171 1741 1211 a
1783 1139 2002 1231 primis

208 1254 385 1315 Jovis
442 1255 825 1333 temporibus
880 1257 947 1314 in
1005 1251 1190 1313 Creta
1251 1253 1564 1326 relictum,
1631 1251 1866 1323 simile,
1934 1257 2004 1308 ut

209 1354 491 1426 videtur,
538 1354 758 1412 Palicis
804 1355 1057 1433 aliisque
1101 1355 1294 1431 geniis
1338 1352 1654 1413 localibus,
1721 1348 2003 1412 Eandem

209 1454 422 1512 futura
477 1452 861 1531 intelligendi
919 1463 1115 1512 artem
1173 1452 1523 1529 Hesychius
1579 1454 1656 1512 iis
1713 1450 1826 1512 sed
1868 1451 2002 1511 sine

210 1553 330 1612 loci
402 1552 823 1631 designatione
881 1554 1121 1614 tribuit:
1190 1551 1533 1635 Κουρήτων
1589 1551 1824 1634 στόμα,
1877 1553 2004 1613 ‘³3⁶-

213 1655 493 1736 σπιῳὸὸν
566 1653 796 1733 στόμα·
868 1654 1130 1719 ἐδόκουν
1197 1654 1321 1740 γὰρ
1394 1654 1554 1717 εἶναι
1611 1651 1881 1735 μάντεις.
1942 1658 2006 1708 et

211 1754 633 1830 Diogenianus
680 1752 752 1810 V.
798 1753 854 1812 6.
902 1755 1045 1814 224.
1102 1752 1447 1836 Κουρήτων
1490 1752 1691 1837 στόμα
1736 1753 1834 1815 ἐπὶ
1874 1757 2006 1813 τῶν
2105 1763 2107 1766 ’

210 1852 636 1935 μαντεύεσθαι
692 1854 1237 1935 ὑπισχνουμένων·
1303 1862 1575 1918 τοιοῦτοι
1629 1853 1754 1939 γὰρ
1812 1847 2002 1915 οὗτοι.

211 1951 614 2012 Alexandrini
671 1972 820 2012 vero
876 1956 1206 2034 scriptores
1265 1943 1575 2014 distincte¹
1605 1953 1857 2013 tradunt
1898 1949 2005 2010 Jo-

212 2073 354 2113 vem
413 2071 451 2112 a
498 2051 826 2111 Curetibus
884 2055 949 2112 in
997 2052 1180 2113 Creta
1225 2053 1551 2114 educatum
1600 2063 1662 2112 et
1704 2051 2004 2118 adversus

214 2153 464 2212 Saturni
521 2150 778 2211 insidias
837 2171 1149 2212 armorum
1207 2155 1471 2234 strepitu
1528 2163 1591 2212 et
1643 2153 2006 2213 chorearum

211 2263 558 2334 protectum
598 2271 750 2325 esse,
796 2253 1024 2314 Aratus
1069 2273 1129 2314 v.
1159 2252 1259 2314 35.
1298 2253 1672 2335 Apollonius
1715 2252 1789 2313 II.
1821 2248 2004 2312 1235.

215 2352 626 2413 Callimachus
670 2352 752 2411 H.
797 2352 936 2415 Jov.
966 2352 1065 2414 52.
1108 2354 1531 2435 Apollodorus
1555 2353 1601 2413 Ι.
1634 2354 1686 2413 1·.
1730 2353 2007 2432 Aglao-

214 2455 525 2512 sthenes
573 2454 686 2510 ait
732 2449 1221 2529 Cynosuram
1269 2474 1438 2515 esse
1483 2473 1708 2514 unam
1754 2453 1845 2512 de
1888 2451 2004 2512 Jo-

212 2555 332 2613 vis
392 2551 842 2610 nutricibus
903 2571 991 2610 ex
1046 2552 1311 2614 Idaeis
1368 2553 1738 2634 nymphis
1784 2590 1867 2599 --
1910 2552 2003 2615 ab

213 2654 380 2730 ejus
439 2653 753 2709 nomine
809 2651 1106 2723 urbem,
1192 2672 1384 2731 quae
1442 2653 1823 2714 Hestiaea
1878 2671 2003 2716 vo·

214 2763 469 2823 catur,
544 2749 1029 2827 Cynosuram
1099 2755 1591 2834 appellatam
1653 2792 1738 2801 —
1805 2755 2004 2814 hanc

213 2862 467 2911 autem
541 2842 752 2911 inter
811 2850 1140 2911 Curetes
1210 2854 1497 2928 fuisse,
1580 2856 1708 2935 qui
1773 2851 2000 2914 Jovis

213 2952 537 3010 fuerunt
581 2951 1035 3011 administri
1080 2952 1787 3033 Hygin.Astr.II.2.[†].
1831 2953 2003 3013 Haec

212 3053 375 3109 enim
422 3050 499 3110 de
540 3051 654 3112 Ida
698 3049 937 3112 Cretica
980 3050 1100 3111 dici
1146 3064 1404 3134 apparet
1446 3073 1522 3112 ex
1563 3053 1771 3130 Etym.
1813 3054 1898 3113 M.
1941 3072 2003 3134 p.

218 3149 355 3209 144.
408 3151 760 3234 Ἀρκείσιον
820 3153 1052 3236 ἄντρον
1107 3161 1213 3232 τῆς
1269 3161 1572 3238 Κρητικῆς
1614 3155 1812 3234 Ἴδης,4
1873 3180 1998 3238 φα-

329 3303 408 3361 [†]
459 3302 522 3349 Τὸ
556 3311 773 3351 Δικταῖον
804 3303 930 3379 όρος,
978 3309 1029 3353 ἐν
1059 3299 1094 3366 ὧ
1134 3313 1362 3370 τραφῆναι
1407 3308 1486 3353 τὸν
1526 3313 1616 3355 Δία
1653 3314 1995 3396 μυθολογοῦσιν

213 3365 256 3407 οἱ
284 3365 454 3424 Κρῆτες
483 3363 572 3409 ὑπὸ
606 3368 697 3410 τῶν
725 3364 971 3424 Κουρήτων
1000 3367 1179 3423 Dionys.
1211 3370 1311 3412 Hal.
1342 3369 1378 3411 1.
1412 3369 1483 3411 61.

2145 3115 2150 3227 Ι

2145 3229 2150 3376 l
