2150 3814
732 252 733 255 Ἴ
767 182 1325 249 sAMoTfluAciA.
1772 171 1938 260 3253

864 347 995 497 {a}
1030 364 1167 460 ²12.

321 575 379 636 N
382 593 461 634 on
504 566 726 655 procul
765 569 1030 646 Thebis,
1068 563 1302 653 inquit,
1347 567 1520 633 lucus
1565 581 1660 633 est
1705 568 1942 633 Cereris

145 672 426 736 Cabir'iae
486 682 549 732 et
570 667 916 747 *Liberaej'
958 668 1091 754 quo'
1142 669 1383 752 ingredi
1423 668 1566 732 ‘non
1619 673 1764 733 licet
1819 674 1942 733 n'isi

137 776 430 850 initiatis3
490 768 731 854 septem
789 773 932 833 hinc
989 767 1195 834 stadia
1252 773 1443 835 distat
1497 769 1942 857 fanumeabi-

136 894 348 936 rorum
404 875 514 936 IX.
542 873 662 935 25.
761 873 850 935 Hi
896 876 1002 956 qui
1045 870 1170 934 sint
1215 883 1279 935 et
1323 894 1443 956 quo
1488 876 1614 935 ritu
1658 869 1940 935 colantur

136 975 340 1037 dicere
395 977 633 1038 veritus
689 975 809 1035 hoc
850 969 1043 1036 unu‘m
1091 973 1271 1035 addit
1312 976 1498 1052 vulgo
1545 994 1584 1034 a
1628 975 1938 1035 Thebanis

134 1085 481 1151 narratum,
537 1076 793 1135 teletam
834 1076 880 1134 a‘
917 1073 1138 1135 Cerere
1179 1077 1319 1154 ipsa
1362 1070 1760 1158 constitutam
1807 1093 1941 1133 esse

135 1177 549 1255 traditamque
593 1172 835 1234 Cabiris
891 1176 1027 1236 sive
1071 1171 1387 1233 Cabiraeis
1430 1171 1602 1232 urbis
1649 1175 1940 1254 antiquae

132 1287 194 1337 et
238 1268 376 1356 jam
434 1273 671 1336 dudum
727 1273 968 1334 deletae
1005 1274 1272 1350 ·incolis;
1343 1270 1651 1334 Cabirita's
1707 1269 1940 1356 Epigo-

132 1375 355 1436 norum
398 1374 750 1457 incursione
795 1372 1175 1435 disturbatos
1220 1373 1434 1435 sedem
1480 1383 1544 1434 et
1585 1393 1758 1436 sacra
1795 1395 1937 1455 gen-

132 1479 327 1537 tilicia
382 1475 813 1556 dereliquisse,
871 1485 1094 1556 postea
1137 1487 1345 1535 tamen
1388 1475 1648 1536 rediisse
1687 1475 1935 1559 'aliquos

132 1587 196 1637 et
240 1596 373 1637 esse
418 1579 772 1636 etiamnunc
813 1595 1101 1654 magnam
1145 1577 1277 1636 fani
1319 1578 1680 1655 religionem
1737 1587 1799 1636 et
1841 1579 1934 1636 in-

131 1678 504 1759 expiabilem
551 1675 918 1737 Cabirorum
963 1679 1122 1736 iram
1170 1679 1264 1754 (τὸ
1313 1682 1380 1740 ἐκ
1422 1686 1553 1760 τῶν
1596 1678 1932 1762 Καβείρων

128 1778 399 1863 μήνιμα)
441 1797 641 1860 neque
682 1779 942 1859 impune
985 1777 1205 1839 tulisse
1249 1779 1592 1858 quicunque
1635 1778 1786 1837 haec
1837 1796 1933 1836 sa-

130 1899 232 1963 cra
273 1880 574 1960 privatim
620 1877 793 1963 obire
839 1887 946 1935 aut
989 1877 1296 1957 templum
1344 1877 1621 1958 expilare
1666 1878 1802 1937 ausi
1838 1895 1931 1937 es-

129 1990 282 2042 sent.
379 1980 546 2040 Huic
599 1978 943 2037 narrationi
996 1979 1233 2037 inserta
1275 1988 1419 2038 sunt
1460 1979 1719 2038 nomina
1761 1980 1933 2056 igno-

127 2083 372 2141 tissima
425 2078 775 2138 Promethei
832 2087 894 2136 et
935 2077 1235 2152 Aetnaei,
1278 2078 1604 2155 Pelargae,
1647 2079 1931 2138 Istlunia—

130 2181 249 2240 dae
294 2188 358 2240 et
399 2177 736 2250 Telondae,
782 2179 887 2256 qui
931 2197 1106 2238 sacra
1148 2197 1187 2236 a
1221 2175 1444 2238 Cerere
1487 2179 1717 2258 partim
1763 2197 1932 2238 acce-

130 2283 299 2361 pisse
342 2280 572 2361 partim
617 2278 853 2338 abolita
894 2281 1239 2339 restituisse
1286 2278 1588 2338 dicuntur.
1695 2277 1820 2338 Sed
1864 2280 1932 2336 in

128 2381 655 2441 Messeniacorum
711 2380 918 2460 primo
978 2379 1130 2461 (IV.·
1170 2379 1250 2460 1.)
1317 2378 1684 2459 Methapum
1741 2377 1932 2438 tradit

127 2478 570 2542 Atheniensem
604 2480 840 2567 ὀργίων
876 2478 1197 2543 παντοίων
1234 2481 1550 2560 συνθέτην
1575 2478 1742 2559 apud
1771 2479 1929 2539 The-

131 2583 325 2643 banos
393 2601 634 2664 quoque
703 2578 1070 2641 Cabirorum
1138 2579 1390 2640 teletam
1448 2577 1811 2640 'condidisse
1868 2590 1931 2639 et

129 2702 490 2762 magnarum
553 2681 808 2742 dearum
865 2680 932 2741 id
992 2689 1087 2741 est
1131 2679 1370 2740 Cereris
1416 2692 1478 2740 et
1520 2682 1929 2762 Proserpinae

131 2787 320 2863 orgia,
366 2803 524 2865 quae
569 2780 774 2843 Cauco
818 2782 1173 2843 Eleusinius
1218 2800 1357 2841 cum
1393 2782 1675 2842 Messene
1717 2784 1929 2861 regina

133 2886 675 2958 communicasset,
719 2885 923 2962 Lycus
967 2892 1178 2944 autem
1223 2881 1559 2942 Pandionis
1603 2884 1766 2943 filius
1796 2902 1927 2942 am-

133 2985 494 3064 plificasset,
548 2985 726 3045 illum
786 2983 989 3045 denuo
1046 2986 1451 3058 instaurasse3
1505 2983 1694 3064 idque
1737 2993 1925 3043 testa-

135 3094 267 3143 tum
326 3104 458 3144 esse
514 3087 959 3168 epigrammate
1016 3094 1261 3146 statuae
1315 3086 1380 3143 in
1441 3082 1926 3162 Lycomidarum

138 3181 328 3245 Clisio
372 3183 690 3248 dedicatae
706 3188 797 3269 [³].
882 3186 1004 3248 Hic
1046 3186 1383 3246 multarum
1425 3184 1778 3245 fabularum
1822 3175 1926 3244 fila

258 3357 335 3412 [a]
371 3354 568 3413 ἽῙγιίσιι
599 3359 642 3403 δ’
673 3359 881 3421 Ἑρμείαο
916 3358 1114 3418 δρόμους
1145 3359 1368 3430 [madian]
1402 3375 1446 3403 τε
1479 3363 1697 3413 κέλευθα,
