2184 3840
809 207 1262 253 onpnch.
1797 196 1923 257 869

148 349 275 404 τῶν
320 343 672 422 εἰρημένων,
771 334 910 396 Huc
953 353 1104 396 vero
1149 335 1334 394 etiam
1377 337 1697 396 nominum
1739 342 1925 416 perti·-

143 451 249 499 net
325 436 749 518 interpretatio
829 434 1182 512 allegorica,
1262 435 1478 514 priscis
1544 435 1923 515 sapientibus

143 538 352 598 crebro
421 536 734 609 adhibita,
793 536 898 614 qui
963 534 1115 594 mihi
1182 535 1249 592 in
1314 534 1429 594 hoc
1495 537 1739 612 negotio
1798 553 1922 595 non

138 638 571 715 grammaticos
627 653 835 712 agere,
913 632 1023 693 sed
1078 634 1182 692 vel
1236 634 1502 714 aliquam
1556 616 1918 694 sententiam

137 738 290 795 scitu
358 737 574 795 utilem
639 735 907 794 nominis
972 732 1374 793 similitudine
1407 718 1751 794 illustrare
1814 733 1918 794 vel

136 837 267 895 vim
326 846 387 894 et
442 836 946 913 significationem
1004 832 1443 893 vocabulorum
1485 833 1915 893 notabiliorem

131 935 391 994 reddere
436 936 707 997 voluisse
748 932 1054 995 videntur.
1099 930 1262 990 Sane
1303 933 1393 990 ita
1434 931 1488 990 J.
1536 931 1821 1012 Capellus
1837 929 1911 1013 [¹²]

132 1047 371 1096 veteres
406 1037 566 1112 juris
610 1033 918 1093 consultos
962 1039 1212 1089 excusat
1245 1049 1363 1089 mu
1381 1039 1508 1089 tuu
1526 1050 1588 1089 m
1614 1033 1912 1111 interpre-

132 1145 366 1207 tantes,
424 1132 588 1212 quod
645 1152 721 1191 ex
774 1141 916 1190 meo
960 1139 1135 1189 tuum
1177 1131 1314 1204 flat,
1359 1139 1912 1192 testamentum

128 1243 336 1293 autem
380 1232 775 1291 testationem
818 1231 1077 1303 mentis,
1133 1248 1259 1288 non
1303 1229 1467 1310 quod
1511 1250 1647 1291 eam
1692 1230 1907 1291 verbo-

125 1353 263 1392 rum
324 1333 619 1409 originem
677 1348 809 1390 esse
861 1339 1186 1410 putarent,
1245 1329 1355 1389 sed
1409 1340 1477 1390 ut
1519 1332 1904 1409 significatio-

125 1452 267 1492 nem
331 1450 543 1491 eorum
587 1431 770 1491 altius
813 1433 879 1490 in
921 1431 1252 1509 legentium
1286 1432 1516 1491 animis
1561 1430 1902 1509 defigerent.

128 1532 542 1612 Similiterque
597 1530 989 1591 ecclesiastici
1041 1529 1294 1610 quidam
1350 1538 1661 1604 auctores,
1717 1550 1904 1611 quum

123 1651 349 1692 nomen
404 1632 636 1692 Pascha
689 1644 728 1690 a
781 1649 995 1708 graeco
1050 1629 1241 1691 verbo
1298 1628 1556 1710 πάσχειν
1595 1640 1901 1711 repetunt,

121 1752 248 1792 non
291 1752 402 1813 per
442 1731 852 1810 ignorantiam
894 1731 1055 1808 lapsi
1099 1729 1209 1788 sed
1244 1730 1561 1792 allusionis
1587 1730 1896 1810 quandam

120 1835 376 1911 gratiam
437 1831 727 1910 aucupati
781 1828 1071 1891 videntur
1092 1831 1181 1907 [⁰].
1267 1828 1384 1888 His
1429 1847 1786 1908 comparare
1826 1829 1898 1888 li-

120 1942 215 1992 cet
268 1932 791 2009 Pythagoreorum
851 1930 1150 1989 rationem
1206 1931 1310 2009 qui
1361 1929 1621 2006 lathyris
1665 1940 1727 1989 et
1770 1950 1896 1989 ere-

120 2033 348 2092 binthis
401 2032 545 2092 ideo
603 2050 670 2091 se
725 2029 1031 2090 abstinere
1095 2029 1407 2103 dicebant,
1476 2029 1640 2109 quod
1697 2039 1900 2090 essent

120 2132 313 2212 λήθης
378 2133 483 2194 καὶ
548 2132 798 2214 ἐρέβους
866 2127 1217 2211 παρώνυμα
1289 2130 1590 2189 Plutarch.
1650 2127 1896 2202 Quaest.

118 2232 293 2290 Rom.
335 2229 522 2290 XCV.
565 2229 708 2290 366.
729 2255 733 2258 «
754 2228 824 2288 Τ.
867 2228 1027 2288 VIII.
1112 2229 1195 2288 Et
1246 2239 1453 2310 potest
1495 2230 1704 2308 quaeri
1747 2247 1894 2288 num

118 2331 241 2403 illi,
315 2331 420 2409 qui
482 2329 780 2411 θυμίαμα
834 2331 1222 2409 interpretati
1274 2339 1417 2390 sunt
1467 2334 1686 2413 θυμοῦ
1739 2334 1894 2410 ἴαμα

118 2430 378 2511 (Etym.)
447 2428 840 2510 σολοικισμόν
908 2448 1059 2490 vero
1129 2428 1279 2492 σόου
1347 2428 1534 2515 λόγου
1604 2429 1892 2510 αἰκισμόν

115 2527 345 2610 (Suid.)
400 2537 462 2587 et
512 2526 716 2610 μύρα,
773 2530 920 2607 quia
961 2529 1119 2611 μετὰ
1160 2537 1389 2592 πολλοῦ
1429 2527 1632 2613 μόρου
1675 2549 1890 2610 paren-

114 2639 216 2689 tur
233 2626 337 2709 [⁶],
385 2627 548 2687 dicta
574 2637 888 2711 putarunt,
930 2630 1201 2688 notionis
1242 2631 1452 2710 potius
1497 2649 1677 2710 quam
1723 2629 1894 2690 verbi

114 2732 244 2790 vim
299 2729 603 2809 explicare
655 2729 983 2789 voluerint.
1085 2729 1388 2809 Equidem
1435 2739 1595 2789 certe
1638 2731 1753 2789 hoc
1796 2740 1885 2788 to-

112 2839 246 2889 tum
303 2830 726 2907 originationis
778 2814 965 2907 genus
1025 2830 1259 2910 perlate
1301 2832 1578 2910 patuisse
1620 2830 1886 2891 invenio.

233 2997 306 3056 [b]
351 3014 392 3043 v.
425 3000 612 3044 Ducker.
644 3000 828 3044 Observ.
861 3001 915 3044 de
944 3001 1073 3045 Ictor.
1104 3001 1247 3044 Latin.
1280 3016 1322 3059 p.
1354 3001 1424 3043 27.

116 3144 158 3186 T
204 3086 247 3186 I}
264 3086 318 3201 ⁶2,
353 3101 392 3187 v2.
423 3088 609 3144 Augusti
635 3087 977 3146 Denkwiirdigk.
1020 3103 1098 3132 aus
1139 3089 1217 3132 der
1258 3089 1532 3131 christlicben
1576 3088 1887 3144 Archaeologie

235 3228 307 3287 [ἃ]
354 3230 584 3289 Chrysipp.
616 3247 687 3290 ap.
720 3234 873 3276 Athen.
905 3234 1000 3277 XV.
1031 3233 1129 3276 636.
1155 3234 1203 3276 F.
1246 3234 1487 3290 Ineptarum
1518 3235 1886 3290 etymologiarum,

116 3287 268 3344 quibus
314 3291 460 3333 referti
502 3297 600 3333 sunt
640 3292 1025 3336 Grammaticorum
1064 3292 1184 3343 libri,
1228 3306 1421 3348 magnam
1461 3300 1624 3350 partem
1664 3308 1688 3336 a
1730 3292 1915 3335 Stoicis·

117 3347 351 3401 profectam
381 3362 474 3390 esse
505 3349 589 3392 alio
620 3349 713 3392 loco
746 3352 969 3394 ostendere
1000 3351 1199 3394 conabor.
