2150 3814
701 268 798 313 ΕΤ
820 245 1252 316 'conam-RN
1261 269 1363 315 DA.
1761 261 1923 325 1359

146 392 196 436 P.
235 396 362 442 1191.
392 407 434 440 v.
464 395 727 455 antepenult.
755 410 836 454 pro
865 393 1011 455 οἷρνόν
1032 396 1212 441 Struvio
1249 395 1393 459 α’ργόν
1422 399 1648 458 legendum
1672 401 1916 453 videbatur.

146 477 204 485 —
235 455 363 500 1194.
393 469 436 498 v.
467 456 534 500 12.
563 468 644 513 pro
671 452 892 512 ἕπιμύλιο
918 454 1004 511 leg.
1033 454 1287 515 ἐπιμύλιοι.
1365 460 1368 463 ’

147 536 204 544 -
234 514 362 557 1201.
390 528 433 557 v.
462 513 505 557 4.
546 527 625 572 pro
667 512 806 570 ipsis
845 513 929 571 leg.
967 513 1090 572 ipsi.
1130 529 1171 568 v..
1214 514 1258 559 7.
1308 530 1388 574 pro
1433 516 1687 576 Dactylis
1737 527 1789 563 et
1832 537 1915 566 scr.

266 571 720 629 Corybantibus
750 576 805 615 et
832 571 1131 629 Dactylis.

146 653 203 662 -
232 631 359 674 1202.
389 645 430 673 v.
460 629 502 673 4.
529 644 609 688 pro
638 629 937 674 beneficiis
970 631 1055 688 leg.
1084 631 1378 676 beneficis.

142 712 202 720 —
230 688 359 732 1218.
386 703 429 732 v.
458 689 501 732 9.
531 694 634 747 post
659 689 846 746 anue
875 688 1038 734 excidit
1072 704 1099 734 ο
1152 690 1283 734 inio.

141 771 198 778 —-
228 745 356 790 1224.
385 761 429 790 v.
459 745 501 791 6.
530 751 633 806 post
668 745 995 806 Σαμοθρᾴκην
1022 704 1275 809 adgerunt
1309 751 1446 797 verba
1487 750 1666 800 Ἰασίων
1694 759 1770 801 καὶ
1801 753 1918 814 Δάρ-

229 803 390 851 ,Baros
417 805 587 863 ᾤκουν,
629 810 999 864 κεραυνωθέντος
1027 807 1079 853 δέ
1105 833 1166 840 —-

139 887 197 895 —-
227 862 356 907 1228.
384 880 428 909 v.
456 866 528 910 21.
556 879 637 925 pro
665 865 724 908 Pl
738 864 918 908 atonis
945 865 1029 924 leg.
1058 866 1328 912 Plutonis.

140 947 197 954 —
229 922 357 966 1235.
386 927 476 968 not.
506 940 544 969 c.
573 924 660 981 lin„
676 924 719 967 8.
747 937 827 981 pro
859 923 1048 970 dicunt
1086 925 1217 971 scrib.
1248 927 1520 973 dicuntur.

138 1005 197 1014 —-
228 983 355 1026 1238.
385 997 428 1027 v.
458 984 502 1027 4.
531 988 634 1042 post
661 982 917 1038 confugit
944 999 1058 1042 ponc
1090 990 1303 1043 punctum.

138 1064 198 1073 —
228 1041 355 1086 1243.
383 1056 429 1085 v.
460 1042 529 1087 11.
558 1057 640 1102 pro
670 1041 766 1085 deo
799 1040 884 1097 leg.
915 1041 1057 1087 deos.

138 1125 197 1132 —
225 1099 355 1143 1258.
384 1114 428 1144 v.
459 1100 529 1146 16.
556 1116 638 1160 pro
668 1101 732 1145 de
764 1099 850 1156 leg.
880 1099 991 1144 des.

136 1181 196 1191 —-
225 1156 353 1202 1268.
382 1163 474 1204 not.
504 1177 548 1206 v.
578 1161 650 1204 10.
687 1172 768 1217 pro
795 1159 1091 1202 velsellae
1124 1159 1255 1203 scrib.
1285 1160 1580 1212 volsellae.

138 1238 196 1250 —·—
225 1214 350 1261 1264.
379 1232 424 1262 v.
450 1218 495 1262 3.
524 1217 639 1264 addc
658 1219 772 1261 Eur.
800 1215 897 1272 Iph.
925 1214 980 1260 T.
1012 1213 1140 1261 1460.
1219 1260 1222 1266 ,

447 1270 610 1336 Νόμιον
638 1275 689 1322 δὲ
719 1275 804 1320 θὲς
832 1270 980 1328 τόνδ’,
1020 1270 1135 1321 ὅταν
1165 1273 1363 1337 ἑορτάζῃ
1392 1262 1502 1323 λεῶς

445 1328 1461 1453 εῑεησῗρὲἕῑζέῑέψεεέιέῑψὲἕῑὲῑέετοέ

902 1419 922 1445 '⁴
1354 1424 1355 1427 ¹
1541 1429 1546 1438 <

182 1462 184 1464 '
445 1441 572 1498 ὅσίἆς
600 1451 759 1503 ἕκατι,
802 1447 896 1495 θεοί
925 1445 980 1495 θ’
1005 1445 1129 1496 ὅπως
1156 1449 1296 1510 τιμοῖς
1324 1454 1418 1515 ἔχῃ.
1447 1459 1452 1463 ”

137 1534 195 1544 --
224 1509 355 1554 1276.
383 1526 426 1555 v.
458 1508 528 1554 14.
557 1514 659 1568 post
686 1507 970 1553 libidinem
1005 1509 1119 1553 adde
1148 1510 1330 1558 venit.

136 1595 195 1602 —
226 1566 354 1614 1284.
383 1585 426 1614 v.
454 1569 499 1614 9.
526 1583 608 1628 pro
644 1569 917 1613 haberent
947 1568 1076 1612 scrib.
1106 1568 1351 1613 haberet.

136 1653 194 1662 —
225 1627 354 1673 1294.
383 1632 473 1674 not.
502 1628 548 1672 k.
578 1627 677 1673 add.
707 1627 944 1672 Buttmann
969 1627 1016 1671 in
1044 1627 1198 1673 Museo
1227 1629 1401 1688 Antiqq.
1433 1631 1488 1676 T.
1516 1632 1574 1678 Π.
1605 1647 1648 1691 p.
1668 1631 1737 1678 42.

1431 3411 1573 3470 37*
