2150 3814
783 228 1242 289 ,oRP‘chm
1781 198 1905 279 973

134 379 234 429 tur
262 365 631 448 tragelaphi,
685 361 1226 442 hippaleetryones‘
1257 367 1318 419 et
1351 356 1590 418 similes·
1611 354 1684 440 [d]
1728 361 1911 436 grylli

134 478 434 529 vocantur
476 473 725 526 auct-ore
766 460 1090 540 Antiphilo
1133 461 1401 540 pictore,
1455 458 1619 539 quod
1663 477 1911 530 nomen,

132 579 204 628 ut
247 569 518 626 Gesnero
563 564 821 642 aliisque
863 562 1067 622 visum
1083 605 1104 635 ,
1159 562 1226 618 in
1278 569 1488 624 nostro
1535 557 1735 617 adhuc
1789 578 1912 618 ser-

134 686 316 726 mone
370 667 538 742 viget
599 663 1068 740 imaginationes
1123 679 1315 721 vanas
1386 669 1448 719 et
1510 658 1914 719 deliramenta

134 766 508 842 significans,
574 781 724 843 quas
776 764 971 822 etiam
1028 759 1382 820 Chimaeras
1449 774 1744 821 vocamus
1801 776 1914 818 no-

132 865 300 922 mine
344 884 382 923 a
425 866 664 944 pictura
706 863 1035 936 translat03
1082 861 1302 920 Graeci
1345 862 1569 921 novitii
1601 860 1916 942 μασκαρέ-

129 989 299 1046 ματα
326 964 710 1044 appellanti.
737 984 788 1022 e.
831 964 1040 1023 larvas
1064 963 1156 1039 [⁰].
1199 961 1298 1018 De
1341 960 1554 1037 gryllis
1600 978 1749 1020 vero
1795 959 1914 1018 Pli-

133 1066 273 1124 nius
316 1074 529 1124 narrat
569 1061 802 1123 XXIX.
849 1062 958 1142 (6.)
1016 1060 1115 1119 39.
1170 1078 1518 1136 magnam
1575 1061 1915 1117 auctori-

134 1173 370 1224 tatem
433 1164 612 1222 huic
684 1160 1013 1221 animali
1083 1158 1445 1239 perhibet
1519 1156 1913 1235 Nigidius,

134 1264 503 1341 majorem
545 1262 774 1340 Magi,
832 1259 1014 1320 credo
1060 1258 1140 1318 ob
1184 1260 1439 1337 figuram
1484 1258 1810 1318 distortam
1857 1267 1919 1316 et

132 1364 460 1438 larvalem,
525 1360 1063 1443 superstitionibus
1119 1370 1347 1440 aptam.
1403 1358 1604 1418 Schol.
1663 1359 1916 1418 Theocr.

133 1465 212 1526 X.
277 1465 374 1525 18.
478 1463 871 1546 Ἀρίσταρχος
938 1465 1005 1525 ἐν
1070 1458 1470 1543 ὑπομνήματι
1536 1458 1918 1545 Λυκούργου

136 1563 453 1646 Αἰσχύλου
489 1564 604 1643 τὴν
648 1563 876 1645 ἄκρίὸα
923 1561 1075 1644 φησὶ
1114 1561 1230 1640 τὴν
1262 1560 1620 1642 καλαμαίαν
1653 1566 1705 1621 εἰ
1731 1585 1918 1641 προς-

136 1668 352 1749 βλέψει
409 1689 534 1727 τινι
597 1671 729 1726 τῶν
798 1660 1008 1737 ζώων,
1078 1661 1287 1742 ἐκείνῳ
1348 1662 1543 1723 κακὸν
1602 1659 1915 1744 γίνεσθαι·

138 1765 301 1826 unde
368 1774 569 1843 patet,
650 1782 756 1821 cur
830 1759 1134 1838 ejusmodi
1205 1759 1550 1818 formido
1621 1758 1920 1839 Acropoli

135 1867 406 1947 praefixa
447 1864 648 1922 fuerit.
706 1858 1038 1940 Καταχήνη
1056 1856 1129 1940 [f]
1179 1856 1342 1919 dicta
1387 1868 1482 1918 est
1526 1859 1604 1918 ob
1650 1860 1927 1939 speciem.

134 1965 455 2026 ridiculam
500 1962 899 2043 proebiorum
942 1962 1293 2042 propriam3
1343 1959 1738 2046 Hesychiusz,
1763 1967 1922 2043 Κερ-

136 2066 323 2149 τομία
384 2062 839 2148 προβασκανία.
939 2060 1061 2120 His
1118 2047 1385 2138 adjungo
1455 2061 1643 2118 aliam
1709 2056 1922 2119 formi-

138 2165 346 2224 dinem
419 2163 638 2222 eodem
703 2162 838 2220 loco
893 2162 1296 2241 propositam.
1408 2158 1720 2219 Ausonius
1786 2159 1924 2220 Mo-

137 2265 270 2325 sell.
314 2262 457 2324 310.

1014 2376 1071 2422 ln
1108 2391 1219 2423 arce
1256 2374 1504 2422 Minervae

282 2466 495 2524 lctinus,
546 2464 736 2528 magico
772 2462 850 2509 eui
883 2468 1063 2507 noctua
1099 2462 1276 2522 perlita
1307 2461 1419 2507 fuco

279 2552 435 2599 allicit
471 2565 609 2597 omne
646 2564 799 2613 genus
834 2547 1072 2606 volutatae,
1110 2547 1392 2609 perimitque
1426 2547 1621 2598 tuendo.

263 2720 339 2777 [d]
386 2734 426 2762 v.
470 2718 653 2761 Gesner.
684 2717 741 2760 ad
771 2715 999 2760 claudian.
1038 2715 1203 2759 xvm.
1233 2714 1337 2759 357.
1389 2713 1691 2757 Hemsterhus.
1736 2714 1793 2756 ad
1834 2714 1924 2755 Lu-

145 2782 255 2825 cian.
284 2779 429 2822 Prom.
460 2778 532 2820 fin.
564 2792 606 2834 p.
636 2775 739 2822 226.
769 2776 827 2819 Τ.
858 2776 893 2818 1.

263 2866 336 2925 [θ]
379 2866 549 2909 Nomen
577 2863 837 2907 romanicum
867 2862 1028 2905 Manca
1063 2876 1097 2904 s.
1128 2861 1334 2903 Maseara
1373 2873 1409 2902 s·
1441 2858 1703 2902 Talamasca
1733 2872 1827 2902 cum
1857 2859 1923 2902 la-

147 2927 238 2969 tino
279 2924 560 2968 fascinum
600 2922 736 2979 (unde
776 2921 1167 2965 fescenninum
1208 2919 1428 2974 derivant)
1468 2927 1514 2962 et.
1553 2932 1710 2974 graeco
1739 2914 1925 2972 βάσκειν

146 2983 460 3041 (κακολογεῖν)
495 2984 782 3039 βασκαίνειν,
822 2974 991 3035 βᾶσκα,
1033 2982 1262 3034 cognatum
1293 2992 1386 3019 esse
1414 2983 1609 3019 veterum
1637 2976 1925 3032 Etymologo-

149 3056 242 3085 rum
272 3041 520 3097 conjectura
548 3047 617 3083 est
646 3039 760 3083 haud
788 3037 1110 3095 improbabilis3
1149 3051 1391 3094 quanquam
1418 3035 1620 3079 Reiskius
1648 3036 1694 3078 in
1724 3035 1822 3078 Act.
1845 3035 1922 3078 Je-

150 3114 267 3144 uens.
297 3100 355 3143 T.
384 3099 462 3142 lv.
491 3114 534 3157 p.
564 3098 663 3141 160.
702 3097 924 3141 arabicum
952 3102 1091 3154 putat.
1865 3107 1867 3109 “
1914 3114 1916 3121 s

267 3183 330 3287 [fl]
373 3185 493 3233 Idem
522 3200 672 3229 nomen
699 3185 747 3228 in
774 3185 957 3228 obscuro
986 3183 1217 3227 Frontonis
1246 3182 1340 3224 loco
1379 3180 1556 3236 Fragm.
1596 3179 1652 3223 de
1691 3181 1838 3226 Oratt.
1880 3195 1923 3239 p.

154 3240 257 3287 244.
329 3275 342 3288 .
370 3244 431 3288 11.
460 3244 766 3288 Confusam
795 3242 1186 3299 eloquentiam
1217 3239 1610 3284 catachannae
1640 3240 1758 3283 ritu
1789 3254 1923 3297 par-

155 3303 250 3346 tim
288 3301 476 3358 igneis
520 3303 770 3348 nucibus
810 3301 1075 3354 Catonis,
1126 3299 1336 3357 partim
1374 3298 1628 3342 Senecae
1666 3295 1925 3343 febri-eu-

155 3359 299 3403 losin
340 3359 633 3417 prunuleie
672 3360 906 3404 insitam
946 3357 1319 3403 evertendam
1357 3370 1581 3414 censeo,
1623 3371 1757 3415 genus
1787 3355 1924 3414 quod-
