2210 3886
241 196 367 258 794
794 214 1028 259 LIBER
1072 216 1498 262 sEcuNnus.

236 342 635 402 Etruscorum
681 361 817 404 cum
869 342 1137 425 Orphica
1181 344 1457 407 doctrina
1501 366 1860 411 consensum
1904 370 2011 411 no-

237 440 331 501 bis
376 444 652 502 oratione
694 444 876 522 longa
919 461 990 502 ac
1032 447 1350 524 magnifica
1393 448 1721 528 praedicet.
1781 450 2013 512 verum

235 542 550 604 enimvero
610 543 1016 625 Orphicorum
1061 547 1397 607 carminum
1441 559 1720 611 auctores
1762 550 2014 610 fuerunt

231 644 410 704 multi
463 644 850 723 multumque
904 645 1065 703 inter
1121 663 1188 704 se
1245 645 1511 722 diversi,
1568 668 1764 731 neque
1804 653 1862 710 si
1905 669 2012 710 eo-

231 762 368 803 rum
427 762 583 804 unus
642 741 877 823 aliquid
932 742 1010 802 de
1067 743 1321 803 Saturni
1376 747 1581 809 reditu
1638 749 1828 826 dixit,
1871 749 2013 810 hinc

230 846 504 924 sequitur
547 845 790 917 omnia,
834 862 990 923 quae
1034 862 1305 923 unquam
1350 844 1428 911 de
1472 851 1793 926 exustione
1834 869 2011 909 mun-

229 943 323 1018 di,
381 942 460 1003 de
516 945 664 1003 anni
720 943 926 1022 magni
983 945 1347 1005 circumactu
1402 966 1728 1030 rerumque
1771 959 2011 1010 cuncta-

224 1063 361 1104 rum
417 1046 820 1108 renovatione
872 1044 1137 1104 fabulati
1191 1055 1335 1105 sunt
1377 1047 1597 1128 aliqui,
1654 1052 1713 1110 ei
1754 1058 1909 1111 nota
1951 1059 2013 1111 et

221 1154 517 1227 percepta
559 1145 765 1205 fuisse.
849 1145 950 1204 De
992 1144 1297 1224 Ecpyrosi
1341 1146 1696 1225 dubitanter
1734 1150 2011 1231 loquitur

222 1246 612 1319 Plutarchus3
681 1244 760 1304 de
815 1264 977 1305 anno
1035 1245 1350 1305 mundano
1406 1266 1603 1328 neque
1658 1251 1758 1310 hic
1811 1265 2010 1329 neque

222 1345 525 1421 Stobaeus
568 1364 766 1426 neque
811 1348 1132 1425 quisquam
1179 1346 1336 1406 alius
1377 1345 1611 1428 Orphei
1650 1352 2006 1411 testimonio

219 1464 366 1506 usus
423 1455 548 1520 est,
605 1447 892 1526 quamvis
935 1446 1148 1506 multis
1192 1450 1430 1507 occasio
1475 1449 1662 1510 fuerit
1675 1447 1786 1531 [⁵],
1830 1449 2006 1510 deni—

219 1565 336 1627 que
381 1546 460 1605 de
503 1547 652 1606 Sole
693 1549 993 1625 postremi
1038 1546 1228 1604 seculi
1270 1557 1505 1608 rectore
1546 1549 1829 1628 Nigidius
1878 1567 2007 1609 non

215 1646 380 1708 hunc
432 1644 546 1705 sed
598 1646 814 1722 Magos
868 1653 1055 1705 testes
1113 1644 1395 1721 adhibet;
1449 1665 1594 1722 nec,
1654 1652 1710 1708 si
1763 1651 1873 1709 ille
1927 1648 2006 1708 de

217 1744 474 1806 deorum
517 1747 800 1825 imperiis
844 1745 1133 1824 loquutus
1178 1756 1288 1818 est,
1326 1747 1453 1806 >hoc
1492 1747 1717 1808 sufficit
1747 1748 1830 1810 ad
1862 1768 2005 1830 pro-

213 1845 519 1920 bandum,
577 1864 719 1905 eum
773 1845 1026 1923 singulis
1071 1845 1190 1904 diis
1231 1847 1473 1924 singula
1513 1848 1867 1927 adsignasse
1909 1868 2004 1909 se-

214 1948 365 2008 cula.
463 1947 621 2009 Nam
663 1944 980 2006 Hesiodus
1026 1965 1264 2026 quoque
1306 1949 1660 2009 mortalium
1704 1949 1819 2010 sul)
1861 1969 2003 2028 rege

214 2048 481 2108 Saturno
566 2049 763 2109 vitam
848 2045 1405 2107 fortunatissimam
1479 2049 1671 2110 fuisse
1749 2060 1998 2125 narrat3

207 2158 431 2230 postea
485 2149 766 2207 homines
825 2164 942 2227 pro
1002 2156 1281 2227 tempore
1333 2167 1496 2208 nunc
1551 2151 1796 2230 peiores
1838 2169 2000 2210 nunc

206 2248 500 2331 meliores>
552 2249 861 2321 extitisse,
916 2249 1220 2328 pessimos
1273 2248 1419 2308 illos
1460 2250 1822 2329 quibuscum
1861 2252 1999 2330 ipse

209 2351 429 2424 vivat,
469 2347 582 2408 sed
626 2344 956 2428 aliquando
1000 2348 1119 2407 hoc
1159 2348 1361 2407 ferreo
1406 2368 1626 2426 genere
1667 2352 1996 2410 interemto

207 2450 526 2511 meliorem
571 2447 850 2508 sobolem
885 2454 1308 2506 successuram
1355 2466 1487 2508 esse
1508 2447 1582 2530 [¹³]
1629 2467 1741 2530 spe
1782 2450 1993 2530 potius

205 2544 579 2631 praesumit,
636 2566 819 2628 quam
864 2565 940 2608 ex
985 2546 1133 2606 orbe
1176 2556 1450 2608 aetatum
1494 2551 1561 2609 in
1604 2568 1670 2610 se
1712 2569 1992 2610 remean-

206 2652 362 2711 tium
420 2645 754 2722 concludit3
822 2666 1022 2727 neque
1074 2648 1182 2707 ille
1237 2659 1346 2709 aut
1399 2658 1645 2730 tempus
1701 2652 1992 2731 cujusque

207 2752 428 2811 aetatis
473 2760 581 2810 aut
622 2767 826 2827 regem
872 2750 1188 2808 constituit
1219 2751 1573 2831 proprium,
1616 2749 1877 2825 nedum,
1921 2764 1990 2811 ut

205 2851 470 2924 Etrusci,
514 2849 892 2928 singulorum
936 2849 1313 2931 populorum
1355 2853 1734 2912 incrementa
1777 2861 1840 2911 et
1882 2851 1990 2911 de-

204 2959 514 3014 crementa
555 2958 913 3031 computare
951 2969 1136 3011 ausus
1182 2960 1293 3026 est,
1344 2970 1689 3032 quanquam
1729 2950 1798 3011 id
1839 2971 1986 3032 quo—

201 3180 284 3225 271
323 3119 388 3179 [ἰ]
422 3136 463 3166 v.
502 3121 620 3176 locos
663 3134 691 3163 a
718 3120 940 3164 Larchero
983 3121 1186 3165 collectos
1225 3122 1269 3164 in
1301 3122 1433 3165 Mem.
1477 3121 1531 3164 de
1571 3121 1743 3164 l'Instit.
1787 3122 1844 3165 T.
1875 3123 1909 3164 I.
1942 3137 1983 3179 p.

214 3231 217 3233 μ
289 3212 299 3223 ·
322 3195 395 3310 [Ἦ.
418 3253 601 3298 Dubitat
639 3251 921 3296 Buttmaunus
960 3253 1004 3296 in
1041 3253 1275 3297 comment.
1307 3252 1444 3295 Acad.
1474 3253 1619 3296 Berol.
1651 3253 1751 3296 anni
1784 3251 1909 3296 1824.
1939 3267 1981 3308 p.

204 3309 302 3354 149.
333 3312 409 3355 sed
438 3313 557 3356 clara
587 3326 656 3355 res
688 3315 755 3353 est
785 3327 838 3355 ex
868 3315 969 3355 voto
999 3317 1154 3369 poetae
1183 3327 1224 3354 v.
1258 3309 1353 3353 173.
1385 3312 1538 3356 ἔπειτα
1567 3315 1785 3370 γενέσθαι
1826 3316 1979 3368 optan-

201 3370 285 3424 tis,
315 3378 359 3414 et
390 3387 414 3413 e
445 3387 484 3414 v.
518 3371 613 3415 178.
645 3367 761 3419 Ζεὺς
790 3370 934 3416 ὀλέσει
966 3372 1041 3415 καὶ
1069 3372 1199 3416 τοῦτο
1229 3371 1372 3428 γένος.
