2150 3814
263 180 428 242 1222
844 194 1084 239 mann
1128 195 1500 241 Teximus,

258 342 357 420 ap.
417 323 616 384 Strab.
660 323 729 381 L.
771 322 874 382 lv.
917 324 976 384 4.
1027 323 1167 384 198.
1213 325 1406 407 φησὶν
1450 326 1607 388 εἶναι
1651 332 1843 404 νῆσον
1886 328 2038 405 πρὸς

254 433 330 506 τῇ
374 430 758 506 Βρεττανικῇ
799 426 946 485 καθ’
990 425 1071 503 ἢν
1114 425 1301 504 ὁμοῖα
1343 430 1471 494 τοῖς
1527 428 1593 488 ἐν
1624 423 2038 506 ,Σαμοθρᾴκῃ

255 525 393 607 περὶ
458 523 574 602 τὴν
627 520 967 607 Δήμητραν
1034 523 1141 585 καὶ
1198 522 1314 602 τὴν
1364 522 1578 606 Κόρην
1634 527 2037 606 ἱεροποιεῖιῑαι.

253 626 504 704 ejusque
565 621 718 682 deae
761 639 987 682 nomen
1030 622 1266 701 accepit
1307 633 1524 702 portus
1568 626 1633 684 in
1677 632 2040 705 promonto-

249 726 344 785 rio
392 722 854 783 Samothraciae
895 721 1286 782 Demetrium
1331 721 1530 783 dietus
1573 724 1710 786 Liv.
1753 722 1939 784 XLV.
1982 723 2041 782 6.

254 822 380 884 sed
437 824 999 905 circumspiciamus
1054 840 1259 882 annon
1305 822 1488 882 altius
1533 823 1783 883 ascendi
1823 825 2040 902 possit.

248 921 616 983 Dardanum
674 931 736 981 et
777 922 1082 981 Iasionem
1145 921 1415 982 Athenio
1468 923 1576 982 ille
1632 934 1741 983 aut
1785 921 2042 983 Cabiros

251 1033 360 1084 aut
416 1033 578 1084 certe
634 1020 1002 1088 Cabirorum
1058 1022 1323 1083 cultores
1369 1022 1553 1099 dixit3
1611 1011 1789 1084 illum
1834 1033 2042 1083 aucto·
2135 1098 2138 1101 Ι

248 1144 380 1199 res,
437 1143 590 1204 quos
639 1123 978 1199 Dionysius
1033 1122 1317 1196 adhibet,
1372 1124 1452 1186 τὰ
1498 1124 1632 1206 ἱερὰ
1676 1131 1808 1188 τῶν
1848 1121 2042 1209 μεγά-

249 1234 378 1290 λων
430 1230 606 1288 θεῶν
677 1242 753 1283 ex
809 1221 1076 1282 Arcadia
1137 1222 1220 1282 ad
1276 1223 1706 1284 Samothraces
1763 1223 2043 1285 attulisse

249 1323 559 1384 affirmant
615 1324 702 1405 (v.
748 1320 802 1402 ξ.
851 1321 933 1402 1.)
978 1321 1055 1380 de
1099 1321 1321 1382 eodem
1363 1324 1649 1384 Mnaseas
1691 1333 1904 1383 narrat
1945 1323 2042 1386 ὅτι

253 1423 433 1496 ἐξιών
476 1426 542 1486 ἐκ
583 1429 698 1485 τοῦ
741 1421 863 1485 νεα)
905 1428 1014 1500 τῆς
1045 1422 1337 1501 Ἀθηνᾶς
1373 1424 1444 1486 τὸ
1482 1422 1851 1487 Παλλάδιον
1885 1422 2042 1504 ἆρά-

247 1549 434 1607 μενος
479 1521 734 1607 ἄφίκετο
781 1527 866 1591 εἲς
900 1519 1345 1605 Σαμοθρᾴκην
1386 1523 1544 1604 μετὰ
1581 1522 1906 1606 Ἁρμονίας
1939 1524 2045 1586 καὶ

242 1623 553 1695 Ἰασίων,ος
619 1630 751 1686 τῶν
820 1621 1116 1705 ἀδελφῶν
1183 1624 1363 1685 κάκεῖ
1424 1621 1729 1709 διάγοντα
1784 1622 2044 1706 Κάδμος

249 1722 723 1808 ἒῳιλοποιήσατο
768 1723 875 1785 καὶ
919 1723 1272 1786 ἀποστέλλει
1314 1725 1468 1808 πρὸς
1503 1730 1776 1808 Τεῦκρον
1819 1725 2038 1803 eto.[⁸⁸]

245 1825 580 1897 Arrianus,
635 1823 742 1903 qui
782 1824 920 1902 ipse
962 1821 1326 1883 Dardanum
1373 1845 1407 1883 e
1452 1825 1879 1885 Samothracia
1921 1834 2044 1884 tra·
2124 1886 2132 1893 ,

160 1974 169 1996 ,
238 1927 462 2004 jecisse
518 1923 668 1983 dicit
721 1923 896 1982 Eust.
939 1941 1001 2002 p.
1047 1921 1191 1983 351.
1235 1924 1336 1984 30.
1395 1923 1473 1983 de
1515 1924 1706 1984 fratre
1749 1925 1882 2003 ejus
1926 1923 2043 1982 hoc

246 2024 423 2086 addit
475 2044 538 2106 p.
574 2021 782 2084 1528.
843 2022 940 2082 12.
995 2023 1091 2085 ὅτι
1140 2024 1382 2088 Ἰασίων
1437 2028 1503 2087 ἐκ
1557 2023 1882 2107 Δήμητρος
1935 2024 2043 2086 καὶ

246 2124 454 2209 Κόρης
494 2121 755 2204 κάτοχος
797 2119 1130 2207 γενόμενος
1173 2128 1257 2194 εἴς
1298 2147 1364 2187 τε
1409 2123 1706 2188 Σικελίαν
1743 2121 1900 2204 ἦλθε
1937 2123 2044 2186 καὶ

248 2226 347 2290 ἐπὶ
387 2225 620 2307 πολλὴν
664 2226 857 2303 ἄλλην
898 2230 1019 2308 γῆν
1062 2222 1418 2306 ἐπλανήθη,
1461 2224 1542 2287 τὰ
1587 2220 1817 2303 ἐκείνης
1859 2226 2044 2310 ὄργια
2118 2247 2123 2254 “

247 2326 589 2402 δεικνύων,
673 2342 868 2405 eoque
946 2324 1178 2386 famam
1251 2323 1611 2386 concubitus
1681 2323 1835 2384 deae
1901 2343 2042 2385 cum

246 2425 706 2490 adolescentulo
779 2434 1011 2498 ortam,
1099 2425 1264 2486 unde
1330 2427 1582 2515 Rarium
1648 2435 1863 2484 natum
1920 2422 2043 2483 dici

245 2531 415 2591 Parii
490 2525 892 2588 conditorem.
1007 2524 1412 2605 Eundemque
1479 2527 1547 2584 in
1613 2522 2041 2584 Samothracia

246 2633 481 2695 vixisse
525 2627 788 2688 affirmat
829 2622 997 2684 haud
1039 2625 1252 2706 paullo
1297 2627 1606 2706 antiquior
1649 2625 1914 2704 scriptor
1939 2642 2038 2703 ap.

249 2734 512 2810 Dionys.
554 2731 600 2791 I.
646 2728 746 2790 61.
775 2729 978 2797 Ἴασος
1022 2729 1089 2790 ἓν
1131 2735 1205 2809 τῇ
1251 2726 1422 2809 νήσῳ
1465 2733 1750 2810 κεραυνῷ
1792 2723 2039 2810 πληγεὶς

370 2949 466 3006 [88]
516 2945 643 3005 Apud
673 2943 825 3001 steph.
874 2957 909 2985 S.
943 2938 1198 3001 Δάρδανος,
1262 2941 1388 2992 Quod
1421 2939 1615 2997 sequitur
1644 2936 1668 2982 ὀ
1698 2934 1889 2995 Κάδμος
1918 2936 2037 2980 ἄπο-

256 3010 427 3054 στέλλει
455 3005 537 3052 τὸν
567 3002 815 3076 Δάρδανον
843 3004 906 3053 εἰς
932 2999 1014 3056 τὴν
1036 3000 1192 3044 Ἀσίαν
1221 2999 1336 3059 πρὸς
1371 3003 1572 3057 Τεῦκρον
1602 2996 1681 3042 τὸν
1717 3000 1876 3054 Τρῶα,
1919 2993 1943 3038 ὁ
1985 2995 2033 3038 δὲ

262 3065 390 3125 Τρὼς
433 3069 537 3123 (scr.
585 3063 803 3123 Τευκρος)
855 3061 1246 3119 ἀναγνωρίσεις
1286 3057 1368 3103 τὸν
1406 3054 1650 3118 Δάρδανον
1688 3053 1876 3098 ostendit
1919 3053 2036 3095 Cad-

256 3140 368 3168 mum
403 3123 731 3167 Samothraciae
770 3130 942 3177 regem,
988 3119 1236 3161 Dardanum
1274 3130 1328 3161 ex
1365 3117 1471 3161 Asia
1511 3115 1582 3158 vel
1621 3115 1756 3158 Creta
1796 3113 2033 3156 oriundum.

253 3184 479 3227 Posterius
508 3182 760 3225 confirmant
788 3179 969 3222 Servius
998 3178 1102 3220 Aen.
1132 3178 1213 3219 ΙΙΙ.
1257 3177 1354 3219 167.
1409 3175 1505 3218 alii
1546 3175 1858 3216 Dardanum
1899 3173 2036 3213 Cre-

259 3251 471 3286 tensem
512 3241 621 3285 alii
661 3240 818 3282 circa
858 3239 1088 3293 Trojam
1135 3243 1186 3278 et
1221 3230 1378 3278 ldam'
1408 3238 1603 3278 natum.
1644 3240 1688 3275 et
1719 3232 1928 3274 Arrianus
1962 3229 2035 3285 qui

256 3302 559 3353 Harmoniam,
608 3299 802 3341 Dardani
831 3308 1044 3347 sororem,
1088 3296 1290 3339 Asianam
1321 3293 1428 3337 dicit
1457 3293 1660 3336 Eustath.
1691 3291 1747 3339 ad
1777 3290 1903 3333 Dion.
1935 3286 2034 3331 391.

258 3362 376 3406 Idem
404 3361 619 3404 Homerus
648 3357 831 3400 sensisse
870 3356 1048 3399 videtur.
