2150 3814
241 194 405 259 1100
810 212 1045 256 meren
1089 212 1520 259 SECUNDUS.

230 343 324 401 uti
376 340 662 401 licuisset.
759 340 1134 402 Divinarum
1188 345 1512 405 nominum
1556 346 2007 426 interpretatio-

228 445 327 502 nis
383 442 731 523 exemplum
785 439 903 499 hoc
955 450 1048 500 est
1103 459 1200 521 ap.
1259 442 1439 522 Diog.
1495 443 1656 504 VIII.
1712 445 1820 505 32.
1855 450 2011 506 ani-

228 561 384 603 mas
440 544 517 602 in
572 552 856 600 terram
911 539 1202 617 ejectas
1244 561 1381 621 per
1423 562 1677 605 aerem
1720 547 2013 624 vagarj3

226 645 341 707 τὸν
395 642 464 705 δὲ
509 642 752 724 εΕρμῆν
807 638 1041 720 ταμίαν
1095 640 1252 704 εἶναι
1307 650 1436 706 τῶν
1478 653 1704 728 ψυχῶν
1748 646 1854 708 καὶ
1897 646 2008 709 διοὶ

227 751 414 806 τοῦτο
479 741 725 821 πομπέα
779 740 1072 825 λέγεσθαι
1126 741 1232 803 καὶ
1283 749 1547 808 πυλαῖον
1589 746 1694 808 καὶ
1738 743 2012 826 χθόνιον

226 879 311 888 --
354 878 439 887 —-
493 841 602 903 καὶ
643 842 914 925 ἄγεσθαι
955 839 1074 922 μὲν
1116 841 1229 911 τὰς
1270 843 1562 925 καθαρὰς
1605 845 1704 907 ἐπὶ
1743 846 1815 907 τὸ
1859 846 2012 928 ὕψι-

227 964 410 1016 στον,
462 941 575 1011 τὰς
629 940 670 1003 δ
673 939 699 1002 ἐ
758 938 1162 1023 ἀκαθάρτους
1214 939 1366 1022 μήτε
1423 941 1678 1014 ἐκείναις
1731 943 2012 1020 πελάζειν

225 1041 377 1125 μήτε
445 1038 759 1121 ἀλλήλαις,
825 1041 1080 1104 δεῖσθαι
1132 1040 1175 1103 δ
1181 1042 1200 1064 ³
1261 1044 1329 1105 ἐν
1384 1040 1703 1123 οἷῤῥήκτοις
1760 1042 2013 1125 δεσμοῖς

223 1143 345 1206 ὑπὸ
384 1139 736 1226 Ἐριννύων.
784 1159 904 1220 quo
948 1141 1104 1200 nihil
1147 1140 1318 1200 aliud
1362 1161 1546 1222 quam
1588 1143 2015 1206 inevitabilem

223 1252 479 1302 naturae
555 1242 982 1311 necessitatem
1059 1240 1368 1302 declarare
1445 1242 1664 1303 voluit.
1786 1243 2013 1302 Furiae

224 1344 418 1402 enim·
452 1350 623 1414 sunt,
681 1360 837 1420 quae
893 1341 1054 1418 leges
1098 1341 1175 1400 ab
1221 1343 1392 1401 omni
1435 1344 1798 1403 aeternitate
1839 1345 2013 1418 fian,

221 1442 440 1522 fasque
507 1437 791 1502 diuinum
857 1450 1134 1514 tuentur,
1194 1442 1499 1515 omnium,
1556 1460 1713 1521 quae
1769 1448 2014 1522 'praeter

220 1551 508 1602 naturam
549 1542 723 1614 fiunt,
768 1538 1045 1602 Vindices
1088 1578 1174 1587 —
1217 1540 1533 1604 ἐπίσκοποι
1573 1539 1698 1627 γάρ
1732 1547 1848 1605 εἶσι
1881 1551 2014 1607 τῶν

225 1642 396 1726 παρὰ
455 1639 649 1726 φύσιν
706 1641 907 1701 Schol.
965 1641 1063 1702 ad.
1120 1641 1191 1700 Il.
1246 1639 1417 1701 XIX.
1460 1640 1605 1722 418.
1660 1659 1859 1722 neque
1900 1642 2014 1704 hu·

225 1746 395 1803 mani
438 1743 642 1803 solum
677 1743 837 1820 juris
881 1741 992 1802 sed
1036 1743 1228 1802 etiam
1272 1741 1630 1801 coelestium
1672 1761 1878 1802 rerum
1913 1761 2013 1803 or-

227 1842 386 1904 dinis
442 1833 935 1905 conservatrices.
1033 1841 1197 1902 Hinc
1248 1842 1610 1919 intelligitur
1650 1842 1807 1902 illud
1851 1842 2018 1923 quod

227 1944 301 2004 ab
357 1942 676 2004 Heraclito
735 1942 967 2002 dictum
1019 1943 1209 2002 refert
1262 1942 1625 2002 Plutarchus
1682 1942 1761 2002 de
1813 1943 2015 2004 Exsil.

232 2066 276 2104 c.
322 2042 431 2103 XI.
477 2044 621 2103 377.
689 2044 854 2122 ἥλιος
911 2044 1027 2124 οὐχ
1080 2042 1495 2128 ὑπερβήσεται
1548 2043 1628 2106 τὰ
1670 2044 1904 2128 μέτρα,
1961 2050 2016 2106 εἲ

228 2143 294 2205 δὲ
337 2144 459 2225 μὴ,
510 2141 818 2227 Ἑριννύες
870 2168 983 2225 μιν
1027 2142 1201 2223 δίκης
1245 2142 1556 2228 ἐπίκουροι
1599 2142 2013 2227 ἐξευρήσουσι,

228 2244 360 2305 sive
416 2252 487 2303 ut
539 2245 607 2303 in
661 2242 820 2303 libro
876 2242 955 2303 de
1010 2243 1088 2303 Is.
1145 2264 1192 2304 c.
1248 2243 1351 2303 48.
1405 2244 1655 2323 legitur3
1705 2244 1880 2324 ἥλιον
1927 2244 2014 2327 μὴ

226 2342 697 2427 ὑπερβήσεσθαι
753 2343 900 2414 τοὺς
959 2342 1378 2427 προςήκοντας
1433 2345 1649 2428 ὅρους,
1709 2350 1763 2407 εἰ
1814 2344 1884 2408 δε
1926 2344 2028 2426 μὴ·

225 2442 500 2530 γλώττας
541 2469 654 2525 μιν
697 2445 871 2523 δίκης
914 2443 1277 2526 ἐπικούρους
1319 2442 1693 2527 ἐξευρήσειν,
1739 2443 1849 2503 ubi
1889 2443 2012 2503 for—

225 2551 388 2602 tasse
430 2541 684 2614 Λύττας
726 2541 1115 2603 scribendum
1135 2539 1227 2623 [Ἴ.
1290 2542 1588 2603 Similiter
1631 2544 1739 2603 alii
1780 2543 2013 2608 inordi-

224 2652 405 2703 natos
459 2653 718 2703 naturae
771 2652 978 2703 motus
1033 2661 1161 2702 non
1215 2661 1388 2703 secus
1433 2663 1505 2704 ac
1531 2643 1772 2705 'delicta
1812 2645 2012 2704 homi-

223 2762 372 2804 num
414 2744 648 2805 severis
692 2745 955 2804 coerceri
996 2743 1232 2822 legibus
1274 2745 1535 2822 fingunt,
1580 2745 1738 2804 sicut
1778 2744 2012 2806 Anaxi-

224 2843 481 2904 mander
524 2843 682 2904 dixit
724 2849 787 2916 ἐξ
829 2840 920 2908 ὧν
961 2844 998 2924 ἡ
1041 2843 1274 2929 γένεσίς
1316 2849 1446 2908 ἐστι
1486 2849 1616 2915 τοῖς
1659 2840 1798 2907 οὗσι
1814 2890 1838 2918 ,
1904 2844 2012 2906 καὶ

225 2946 339 3026 τὴν
395 2943 656 3028 φθορὰν
711 2950 796 3015 εἰς
848 2951 1051 3007 ταῦτα
1103 2947 1399 3030 γενέσθαι
1454 2943 1614 3007 κατὰ
1669 2943 1742 3006 τὸ
1778 2942 2006 3028 χρεών·

225 3043 551 3108 διδόναι
620 3045 768 3131 γὰρ
848 3045 1046 3109 αὐτοὶ
1125 3045 1338 3110 τίσιν
1400 3045 1530 3107 καὶ
1587 3042 1815 3124 δίκην
1877 3052 2007 3125 τῆς

228 3144 448 3207 ἅδικί
459 3169 576 3219 ας,
650 3147 1138 3230 ποιητικωτὲροις
1206 3144 1512 3228 ὀνόμασιν
1572 3145 1734 3208 αὐτοὶ
1791 3146 2004 3230 λέγων.

345 3300 417 3357 [b]
466 3301 607 3354 Quum
638 3303 745 3348 haec
775 3303 1019 3357 scriberem,
1050 3317 1133 3347 non
1162 3302 1431 3348 memineram
1461 3301 1541 3346 hoc
1566 3302 1655 3358 jam
1685 3315 1713 3345 a
1743 3302 2001 3346 Buttmanno

224 3360 489 3418 propositum
520 3375 626 3405 esse.
