2150 3814
217 267 380 331 1152
777 281 1013 326 Lmen
1067 280 1431 326 TERTIUS.

213 414 469 484 στάσεις.
559 411 895 471 Pausanias
952 421 1190 470 autem..
1217 409 1318 470 Vl.
1376 407 1477 470 25.
1521 418 1827 470 memorat
1869 418 1989 470 sta-

212 527 381 575 tuam
442 512 759 572 hastatam.
800 510 866 567 in
895 511 1236 570 Eleorum>
1267 510 1404 568 foro
1449 511 1745 590 positam:
1774 517 1988 573 ,τοῦτο

210 616 280 677 τὸ
337 616 586 698 ἄγαλμα
640 610 870 694 ἐλέγετο
927 611 1085 675 εἶναι
1132 611 1561 684 Ποσειδῶνος,
1607 614 1764 691 ἔχειν
1806 608 1878 672 δὲ
1918 608 1991 671 τὸ

212 716 471 796 ἀρχαῖον
537 711 634 773 ἐπὶ
693 717 961 791 Σαμικῷ
1015 717 1106 791 τῷ
1163 713 1231 772 ἐν
1284 718 1358 791 τῇ
1424 711 1732 793 Τριφυλίᾳ
1784 706 1989 792 τιμάς.

211 810 672 894 μετακομισθὲν
737 810 807 872 δὲ·
862 814 921 879 εἷς
975 810 1090 888 τὴν
1133 806 1314 873 'Hm
1367 817 1548 890 τιμῆς
1603 810 1720 891 μὲν
1775 810 1880 873 καὶ
1934 813 1993 879 ἐς

212 914 406 975 πλέον
451 914 537 972 ἔτι
592 912 747 990 ἥκει·
807 908 1156 993 Σατράπην
1213 909 1283 972 δὲ
1337 911 1443 973 καὶ
1497 911 1573 972 οὗ
1618 910 1994 972 Ποσειδῶνα

213 1016 414 1094 ὄνομα
460 1013 633 1093 αὐτῷ
675 1011 988 1083 τίθενται,
1033 1011 1193 1072 κατὰ
1236 1010 1351 1089 τὴν
1396 1007 1995 1093 Πατρέωνιπροςοί-

211 1134 389 1191 κησιν
433 1112 506 1181 τὸ,
551 1113 753 1193 ὄνομα
789 1118 903 1173 τοῦ
940 1108 1288 1193 Σατράπου
1321 1109 1744 1190 διδαχθέντες·
1789 1106 1996 1192 Κορύ*

207 1216 440 1293 βαντος
482 1210 552 1273 δὲ
596 1210 901 1290 ἐπίκλησις
945 1211 977 1273 5
1025 1208 1368 1293 Σατράπης
1410 1210 1556 1272 ἐστί.
1644 1209 1790 1284 Hoc
1827 1205 1995 1288 quod

208 1310 284 1370 de
328 1310 739 1370 Patrensibus,
763 1309 944 1381 dicit,
974 1309 1366 1370 referendum
1412 1320 1505 1370 est
1548 1308 1631 1368 ad
1671 1309 1994 1386 Dymaeus

204 1411 327 1469 illis
382 1409 459 1469 ab
503 1409 783 1487 Augusto
841 1409 1218 1485 contributos
1238 1453 1255 1482 ,
1314 1419 1398 1469 ut·
1434 1410 1771 1469 Pausanias
1815 1407 1995 1468 docet

206 1531 253 1569 c.
311 1509 412 1569 37.
467 1511 832 1595 Αὔγουστος
885 1509 954 1572 δὲ
1011 1511 1403 1593 προςένειμεν
1447 1509 1650 1589 αὐτὴν.
1689 1509 1992 1590 (Dymen)

206 1616 586 1693 Πατρεῦσιν.
655 1609 928 1686 Dymaei
972 1618 1182 1669 autem
1228 1610 1533 1691 templum
1577 1610 1796 1669 matris
1820 1608 1993 1668 Din-

205 1709 508 1788 dymenae
566 1719 629 1768 et
683 1709 913 1769 Attinis
970 1709 1283 1769 habebant
1339 1732 1386 1771 c.
1449 1706 1627 1791 17.[¹]
1684 1728 1724 1769 a
1773 1708 1994 1789 piratis

202 1809 464 1869 fortasse
509 1809 829 1869 conditum
874 1829 1026 1890 quos
1056 1811 1389 1891 Pompejus
1432 1810 1516 1869 M.
1559 1806 1994 1870 huc'deduxe-

203 1919 300 1968 rat
345 1909 546 1969 Strab.
600 1909 674 1968 X.
722 1911 863 1970 314.
933 1911 1090 1971 Plut.
1149 1911 1220 1968 V.
1266 1910 1480 1990 Pomp.
1527 1931 1589 1969 c..
1619 1910 1720 1970 28.
1751 1908 1992 1975 ¹Ac-ne

203 2011 364 2089 quis.
406 2009 663 2069 deorum
728 2013 1135 2086 mysticorum
1191 2010 1424 2069 cultum
1476 2011 1618 2070 huic
1670 2010 1993 2068 hominum

204 2111 427 2186 generi.
468 2110 759 2169 alienum.
796 2121 1003 2190 putet,
1058 2110 1444 2168 Plutarch-us
1474 2112 1610 2189 ipse
1631 2107 1851 2167 :docet
1877 2107 1991 2166 hos

203 2210 626 2286 sanguinarios
667 2211 1011 2291 praedones
1068 2220 1218 2269 tum.
1244 2210 1399 2268 alias
1444 2206 1824 2289 ἀπορρήτους
1866 2210 1994 2269 θυ-

203 2309 339 2378 σίας
398 2318 530 2368 tum
588 2311 793 2370 etiam.
831 2309 1160 2369 Mithriaca
1213 2327 1388 2369 sacra
1441 2307 1914 2370 concelebrasse
1943 2325 1991 2365 c.

203 2408 300 2468 24.
392 2409 507 2467 Per
563 2410 676 2468 hos
729 2411 915 2486 igitur
970 2409 1126 2469 illud
1181 2407 1512 2487 Cyrbantis
1544 2426 1784 2470 nomen
1825 2403 1994 2487 quod

203 2508 559 2568 Pausanias.
619 2527 816 2588 nuper
884 2509 1259 2569 increbuisse
1328 2509 1600 2569 ostendit
1622 2559 1628 2567 ..
1666 2505 1769 2568 ad.
1803 2506 1992 2567 Eleos

203 2608 568 2688 translatum
612 2611 904 2688 suspicor.
955 2608 1199 2668 Deinde
1241 2606 1549 2670 Lucianus
1575 2609 1800 2669 Deor-
1825 2605 1989 2666 Dial.

205 2705 340 2766 XII·
369 2707 468 2766 37-
512 2709 551 2787 ἡ
594 2708 712 2790 μὲν
747 2710 881 2772 Ῥέα
927 2709 1380 2786 ἐπολολύζουσα
1424 2711 1536 2786 ἐπὶ,
1562 2718 1654 2793 τῷ
1676 2711 1884 2789 May,
1931 2709 1990 2770 οἱ

204 2806 604 2890 Κορύβαντες
647 2810 715 2871 δὲ
761 2810 792 2872 5
838 2810 955 2891 μὲν
995 2813 1207 2885 αὐτῶν
1233 2813 1518 2893 τέμνεται
1542 2810 1844 2894 ξίφειτὸν
1871 2816 1991 2888 πῆ-

200 2932 347 2985 χυν,
393 2908 425 2989 5
472 2907 542 2969 δὲ
587 2911 753 2980 ἀνεὶς
796 2911 911 2990 τὴν
953 2909 1152 2992 κόμην
1179 2916 1348 2974 ἵεται
1389 2910 1678 2992 μεμηνώς
1719 2909 1987 2980 ὃιάτῶν

210 3076 437 3134 διέπειιψε
467 3079 709 3135 λαθριδίην
747 3095 799 3138 γε
830 3084 1079 3140 τρέφεσθαι
1107 3082 1152 3130 ἐς
1185 3086 1393 3139 Φρυγίην
1421 3084 1537 3137 τρεῖς
1575 3075 1746 3139 ἄνδρας
1784 3081 1987 3129 ἐνοίκους

209 3137 398 3204 Κρῆτας
415 3136 593 3180 ἑλοῦσα.
653 3139 920 3206 Porphyrius
949 3154 1019 3195 ap.
1050 3139 1213 3183 Euseb.
1231 3098 1305 3182 Q.L
1334 3141 1417 3183 111.
1450 3140 1518 3182 11.
1558 3153 1599 3195 p.
1632 3138 1730 3182 114.
1750 3154 1851 3183 των
1879 3155 1983 3182 και-

209 3195 302 3252 ρῶν
343 3188 568 3265 σύμβολα
594 3198 638 3239 οι
681 3195 905 3268 Κούρητες
952 3198 1030 3242 τὸν
1070 3195 1251 3256 Κρόνον
1296 3200 1615 3253 βουκολοῦντες
1660 3195 1729 3242 ὅτι
1773 3196 1850 3241 δια
1893 3200 1984 3242 τῶν

211 3253 393 3352 xa‘iqtniv
422 3250 445 3295 ὁ
482 3250 650 3311 χρόνος
690 3253 970 3313 περιοδεύει,
1008 3257 1109 3300 item
1158 3264 1246 3300 tres
1285 3257 1383 3300 anni
1421 3261 1699 3314 tempestates
1738 3256 1984 3313 significare

210 3323 254 3351 vx
286 3324 309 3351 e
331 3324 382 3351 ur

329 3365 397 3423 [¹]
458 3369 745 3427 Etymologici
796 3373 1105 3425 testimonium,
1159 3374 1271 3430 quod
1321 3373 1574 3416 Siebelisius
1621 3373 1752 3417 affert
1801 3373 1858 3415 Τ.
1897 3371 1980 3415 ΙΙΙ.

214 3426 310 3470 155.
350 3426 403 3469 ad
434 3426 669 3484 Dionysum
701 3432 933 3487 Orphicum
965 3433 1165 3488 pertinet
1181 3447 1263 3475 non
1293 3433 1347 3474 ad
1380 3432 1510 3475 Attin.
