2150 3814
804 235 1260 282 onpnch.
1750 221 1912 283 1017

153 370 430 448 stigias
514 364 1009 439 inhonestas,=
1045 408 1049 411 -
1081 382 1242 424 cum
1328 360 1775 424 cinaedulis
1842 376 1915 424 et

153 469 510 528 sambuca
550 460 1097 547 psalterioque
1153 472 1336 524 eunt
1370 465 1456 523 *in
1498 461 1756 523 ludum
1786 462 1914 521 'hi-

154 570 592 628 strionum-‚¹-
667 563 1004 649 Κιναίὸους
1069 564 1174 626 καὶ
1230 560 1552 646 σαμβύκας
1608 562 1917 640 conjungit

156 666 444 743 Polybius
475 664 574 722 'V.
640 663 743 722 37.
801 660 1191 745 χαμαιτύπας
1259 662 1363 724 καὶ
1430 661 1918 744 σαμβυκιστρίας

153 765 451 824 Plutarch.
497 761 846 823 V..Anton·.
906 782 951 820 c.
996 760 1098 822 IX.
1199 762 1279 821 In
1335 761 1680 821 maribus
1739 778 1919 820 exo-

151 863 330 936 leti,
413 866 488 922 in
568 864 882 923 feminis
962 864 1452 933 meretrices,
1536 860 1920 920 sambuci-

152 964 432 1037 striae,
476 963 867 1043 psaltriae
910 959 1135 1019 Arnob.
1182 980 1228 1017 c.
1273 961 1344 1018 Π.
1378 979 1436 1021 c.
1479 958 1721 1040 42.[1Ἶ.
1796 960 1920 1019 De-

153 1063 338 1140 nique
379 1062 637 1142 pectidis
680 1079 858 1120 usum
901 1061 966 1116 in
1009 1058 1318 1134 mysteriis
1360 1060 1622 1137 privatis
1651 1059 1924 1118 testatur

157 1161 407 1240 Sopatri
449 1162 616 1218 locus
658 1161 725 1217 in
775 1156 987 1216 fabula
1044 1155 1307 1232 Μύσται
1363 1155 1582 1216 Athen.
1625 1156 1727 1216 IV
1786 1157 1923 1217 183.

151 1257 242 1318 Ο»
271 1269 342 1317 ει
385 1259 688 1334 'originem
747 1257 1131 1336 peregrinam
1175 1255 1551 1316 Heliodorus
1596 1256 1776 1317 Aeth.
1821 1256 1923 1316 IV.

160 1358 256 1416 17.
336 1355 1138 1435 ‹Dolvaxeg-cnomnmmwv
1179 1354 1498 1438 Ἀσσύριόν
1541 1382 1693 1421 τινα
1726 1355 1925 1439 νόμον

157 1456 452 1539 ἐσκίρτων
524 1457 801 1541 στροφὴν
856 1454 1255 1538 ὅλοσώματον
1314 1458 1507 1539 ὥςπερ
1565 1460 1624 1519 οἱ
1674 1455 1923 1536 κάτοχοι

157 1555 504 1627 δινεύοντες
526 1604 546 1629 ,
645 1574 816 1616 more
907 1555 1365 1627 fanaticorum,
1433 1557 1536 1634 qui
1624 1555 1929 1636 hodieque

158 1658 309 1716 istas
364 1666 556 1716 terras
609 1655 981 1737 persultant·
1065 1653 1237 1728 Quae
1294 1656 1500 1714 omnia
1538 1674 1694 1720 ,cum
1750 1674 1930 1736 supe-

157 1756 421 1816 rioribus
474 1757 839 1816 testimoniis
891 1756 983 1812 ita
1024 1756 1389 1831 congruunt,
1446 1763 1514 1812 ut
1567 1755 1750 1833 plane
1799 1755 1931 1822 elu-

161 1866 327 1929 ceat,
382 1853 662 1931 Cotyttia'·
712 1874 750 1914 a
804 1855 990 1913 sacris
1043 1853 1395 1925 vilissimiS,
1453 1872 1608 1934 quae
1662 1853 1933 1941 Φρύγια,

161 1963 482 2039 Μητρῷα,
540 1953 836 2038 Σαβάζια
888 1952 1201 2026 dicuntur,
1243 1971 1369 2011 non
1412 1972 1627 2031 genere
1669 1953 1781 2014 sed
1822 1972 1929 2013 no-

158 2056 324 2115 mine
367 2054 656 2114 distincta
676 2054 914 2127 fuisse,-
948 2073 1203 2134 eamque
1246 2054 1711 2115 similitudinem
1746 2056 1934 2114 etiam

162 2155 257 2214 ab‘
283 2154 620 2234 Eupolide,
677 2173 864 2233 quum
907 2154 1135 2232 Baptas
1180 2171 1324 2213 suos
1367 2153 1742 2229 traduceret,
1801 2173 1934 2214 esse

163 2264 495 2315 servatam.
579 2252 785 2313 Unum
829 2254 944 2311 hoc
990 2254 1274 2325 interest,
1331 2253 1495 2334 quod
1553 2254 1718 2335 apud
1774 2255 1935 2314 hunc

168 2353 378 2412 Solis
433 2372 563 2412 ara
607 2352 795 2412 deae
839 2351 1490 2432 maribus‘patet,
1523 2354 1788 2414 Sabazia
1831 2373 1935 2413 au-

168 2463 292 2512 tem
334 2455 546 2512 mixtis
590 2453 863 2513 virorum
893 2452 1339 2531 mulierumque
1375 2454 1646 2514 coetibus
1676 2454 1937 2514 celebra-

167 2561 233 2611 ta
267 2561 424 2612 sunt.
513 2550 641 2610 Sed
675 2552 905 2611 nemini
933 2552 1158 2611 mirum
1196 2551 1525 2625 videbitur,
1571 2553 1721 2613 deae
1754 2554 1938 2626 illius,

167 2671 351 2733 quam
407 2653 675 2729 Phryges
733 2649 1036 2728 Cybelen,
1093 2651 1402 2711 Thraciae
1469 2662 1675 2730 gentes
1736 2651 1939 2730 Cotyn

167 2753 270 2813 vel
307 2749 598 2828 ‘Cotytto‚
642 2751 1042 2812 Athenienses
1086 2752 1446 2831 simpliciter
1486 2752 1747 2812 Matrem
1793 2751 1934 2812 deo-

170 2868 310 2910 rum
352 2835 762 2924 vocitarunt,
793 2853 1152 2912 cerimonias
1195 2870 1309 2931 pro
1353 2852 1501 2911 locis
1547 2862 1608 2911 et
1650 2854 1939 2934 tempori-

173 2948 286 3009 bus
329 2960 390 3010 et
429 2970 545 3031 pro
599 2954 856 3029 ingeniis
914 2953 1243 3012 colentium
1303 2952 1614 3031 aliquanto
1674 2960 1940 3012 mutatas

174 3059 236 3108 et
289 3052 557 3111 variatas
611 3070 758 3112 esse.
847 3053 944 3112 De
999 3052 1150 3112 deae
1194 3051 1491 3111 Stimulae
1532 3054 1797 3112 sacrario
1839 3052 1942 3112 Li-

177 3150 316 3210 vius
352 3134 637 3213 XXXIX.
677 3152 772 3213 13.
815 3154 1018 3233 primo
1062 3153 1129 3213 id
1173 3153 1538 3213 feminarum
1581 3152 1787 3226 fuisse,
1830 3170 1942 3213 nec

298 3318 388 3376 [¹⁶]
437 3321 874 3379 orthophallica
915 3325 1198 3380 psalteria
1229 3324 1366 3366 Varro
1399 3322 1525 3375 dixit,
1556 3324 1725 3379 trigona
1757 3326 1800 3365 et
1830 3328 1939 3378 tym-

180 3390 290 3432 pana
321 3391 372 3419 ex
405 3378 580 3422 Oriente
610 3381 780 3424 invecta
810 3382 1029 3425 Juvenalis
1059 3383 1140 3425 111.
1173 3381 1241 3424 63.
