2150 3814
746 203 1305 253 SAMOTHRACIA.
1760 190 1923 252 1299

138 338 346 407 ὅπλοις
390 339 760 423 ἐπιχειρῆσαι
804 330 1242 415 ἐβουλήθησαν
1288 339 1349 389 et
1389 330 1531 390 hine
1565 331 1920 403 similitudi·

135 456 279 497 nem
319 437 562 518 repetit¹
586 434 908 514 Eunapius
953 432 1023 491 V.
1066 429 1288 492 Aedes,
1347 450 1407 510 p.
1451 431 1550 500 21.
1605 430 1802 491 Boiss.
1861 437 1920 495 οἱ

134 536 206 600 δὲ
229 532 886 620 παραὸυναστεύοντες
930 530 1302 619 ῥηγνύμενοι
1345 528 1595 614 φθόνῳ·
1618 531 1732 609 τὸν
1761 539 1919 616 Κερ-

134 634 363 700 κώπων
404 633 740 719 ἐπετήρουν
782 635 1026 718 καιρὸν,
1072 635 1146 697 οὗ
1189 633 1303 695 τὸν
1324 632 1641 716 ‘Homul-esa
1682 630 1918 695 καθεύ-

132 736 328 799 δοντα
368 733 572 817 μόνον
616 735 773 799 ἀλλὰ
816 734 923 798 καί
965 744 1075 794 etc.
1145 732 1387 794 Nomen
1429 734 1637 813 ipsum
1681 729 1919 815 μελάμ-

129 858 326 920 πυγος
368 837 639 916 primum
688 835 910 914 legitur
964 836 1032 895 in
1088 832 1438 894 Archilochi
1490 832 1736 911 Fragm.
1793 829 1932 899 CV„

80 969 98 991 x
129 934 274 995 218.
318 934 430 996 sed
472 936 596 997 alia
639 936 1101 1014 significatione,
1153 944 1223 994 ut
1267 933 1488 994 docent
1533 932 1917 996 Scholiastae

128 1034 350 1094 Veneti
413 1035 634 1098 verba:
707 1040 933 1101 εἴωθεν
999 1035 1032 1098 ὃ
1094 1035 1437 1117 Ἀρχίλοχος
1506 1030 1917 1119 μελάμπυγον

127 1143 356 1200 τοῦτον
396 1137 512 1202 τὸν
555 1137 741 1201 ἀετὸν
789 1139 1001 1199 καλεῖν
1053 1130 1154 1213 μή
1209 1155 1340 1194 τευ
1394 1131 1915 1218 μελαμπύγου

126 1234 389 1316 τύχῃς·
436 1239 619 1305 ἄλλος
653 1235 777 1320 γὰρ
823 1234 855 1296 ὅ
899 1228 1255 1318 πύγαργος,
1310 1231 1493 1301 ἄλλος
1536 1229 1607 1295 δὲ
1650 1232 1683 1295 ὅ
1728 1233 1917 1314 μέλας

125 1334 298 1408 ὅλος,
369 1335 477 1399 διὰ
532 1343 718 1399 τοῦτο
777 1333 883 1396 καὶ
935 1329 1379 1417 μελάμπυγον,
1453 1333 1579 1394 ἀλλ’
1645 1334 1762 1397 οὐκ
1817 1332 1916 1396 ἐπὶ

124 1433 386 1506 τούτους
416 1437 755 1519 ἀναφέρων
777 1431 1049 1504 θιάσους
1090 1429 1472 1514 κατώμαὸον
1514 1433 1671 1515 πρὸς
1706 1434 1914 1516 ‘Hya—

124 1534 336 1605 κλέους
378 1537 760 1619 φερομένους
816 1534 929 1605 τὰς
971 1533 1094 1597 ὑπὸ
1138 1533 1219 1596 τὰ
1265 1531 1434 1613 ἰσχία
1479 1533 1678 1597 αὐτοῦ
1719 1559 1914 1598 κατα-

121 1638 360 1715 μαθεῖν
401 1637 606 1722 πυγὰς
657 1635 765 1702 καὶ
805 1632 1191 1720 γελάσαντας
1235 1633 1405 1695 οὕτω
1443 1639 1655 1714 τυχεῖν
1706 1654 1912 1715 ,σωτη-

123 1734 296 1818 ρίας,
354 1737 513 1799 ἀλλὰ
554 1737 710 1821 πρὸς
762 1735 876 1829 τὸν
929 1732 1259 1818 πύγαργον
1313 1731 1498 1796 ἀετὸν
1556 1733 1914 1818 συγκρίνων

121 1834 248 1897 εἶπε
313 1834 429 1900 τὸν
494 1834 924 1920 μελάμπυγον.
1037 1831 1212 1892 Haec
1272 1830 1614 1892 admodum
1683 1834 1914 1896 vitiose

114 1935 351 2015 ‚scripta
404 1943 550 2003 sunt
596 1933 708 1997 sed
749 1934 930 1997 facile
975 1930 1380 1993 emendantur
1436 1952 1471 1991 e
1517 1932 1720 1992 Schol.
1764 1933 1914 2011 Lyc.

18 2041 26 2049 '
98 2024 222 2096 '91.
265 2053 527 2115 quorum
558 2038 900 2099 >immemor
940 2033 1065 2092 fuit
1102 2031 1442 2092 Liebelius:
1503 2033 1623 2095 εἰσὶ
1674 2032 1912 2117 μελάμ-

118 2159 308 2221 πυγοι
349 2135 457 2198 καὶ
497 2133 811 2219 πύγαργοι
853 2132 984 2212 εῗὸη
1032 2134 1234 2195 αἐτιόν
1270 2133 1402 2193 κατ’
1442 2132 1796 2215 Ἀρχίλοχον
1825 2172 1910 2180 --

120 2238 154 2300 ὅ
198 2235 269 2300 δὲ
313 2236 512 2306 δειλὸς
553 2232 873 2320 πύγαργος
918 2232 1152 2317 λέγεται
1196 2234 1262 2294 ἐκ
1316 2239 1429 2294 τοῦ
1486 2232 1775 2298 ἐναντίου
1832 2242 1909 2316 τῇ

121 2336 428 2421 παροιμία
520 2337 745 2400 Οὔπω
801 2329 1186 2417 μελαμπύγῳ
1283 2329 1701 2412 ἐντετύχηκας.
1800 2334 1912 2398 εαν

120 2441 260 2521 (scr.
302 2434 491 2518 ἦσαν)
542 2435 666 2521 γὰρ
723 2437 782 2498 οἱ
834 2431 1228 2517 μελάμπυγοι
1284 2439 1563 2518 γενναῖοι
1617 2433 1907 2519 καθάπερ

113 2540 450 2623 ἻΙρακλῆς.
541 2535 686 2602 Θεία
729 2533 799 2597 ὃε
853 2534 891 2613 ἡ
941 2535 1244 2596 Ὠκεανοῦ
1299 2539 1429 2604 τοῖς
1485 2533 1666 2604 ἰδίοις
1720 2559 1907 2598 τουτο

124 2640 341 2702 παισὶν
384 2638 509 2700 εἷπε
552 2660 694 2718 περι
727 2635 1134 2718 ἾΙρακλεους,
1186 2635 1377 2697 Οὔπω
1413 2660 1467 2696 7.
1504 2659 1557 2696 τ.
1604 2644 1654 2696 λ.
1703 2633 1909 2707 Quum

121 2748 405 2821 apertum
464 2739 547 2798 sit
608 2735 874 2797 Homeri
936 2738 1335 2815 interpretem
1404 2733 1482 2792 de
1550 2734 1645 2794 his
1715 2734 1909 2794 Thiae
1980 2786 1986 2797 .

123 2841 263 2900 filiis
315 2839 518 2920 loqui,
571 2854 687 2917 pro
741 2834 1038 2910 θιάσους,
1096 2834 1262 2914 quod
1315 2852 1569 2915 prorsus
1625 2836 1906 2916 ineptum

125 2949 250 3012 est,
311 2940 486 3010 Θείας
529 2935 705 3007 υἱούς
747 2937 932 2997 scribi
975 2943 1222 3018 oportet
1279 2944 1340 2993 et
1391 2936 1458 2993 in
1513 2935 1906 3016 sequentibus

125 3042 233 3110 οὓς
277 3040 520 3125 λέγουσι
562 3039 1069 3122 φερομένους-
1112 3037 1316 3122 πυγὰς
1371 3035 1666 3117 μελαίνας
1714 3039 1906 3106 οὔσας

124 3140 229 3201 vel
273 3138 464 3199 simili
503 3138 710 3199 modo.
795 3138 1197 3199 Archilochus
1243 3145 1448 3196 autem
1503 3155 1628 3196 non
1671 3135 1905 3196 Hercu-

127 3241 248 3299 lem
293 3231 756 3320 Melampygum
800 3240 1167 3318 significavit
1222 3237 1332 3297 sed
1389 3237 1687 3317 aquilam,
1742 3239 1904 3296 inter

128 3341 377 3414 cliviam,
436 3348 507 3399 ut
549 3340 823 3416 videtur,
886 3360 1032 3405 aves
1078 3350 1492 3414 numeratam,
1547 3339 1624 3398 de
1670 3356 1788 3418 qua
1831 3336 1901 3395 il-
