2150 3814
210 193 336 254 940
741 205 977 249 mmm
1021 203 1446 248 ssscuNnus.

350 341 524 389 transit
559 341 607 387 in
643 346 870 386 aestatem
906 328 1016 402 post
1050 357 1135 387 ver
1170 341 1412 388 robustior
1447 354 1599 386 annus

347 427 495 490 fitque
531 426 698 472 valens
730 426 921 486 juvenis
958 434 1047 476 etc.
1091 418 1154 486 [¹²]

206 508 852 587 Pythagorasnefflaec
895 507 1202 579 docuerit,
1244 525 1368 565 non
1414 508 1790 587 quaerimus3
1834 510 1985 567 satis

208 622 319 682 est,
365 608 528 688 quod
575 606 990 683 Pythagoreos
1035 606 1112 664 de
1157 607 1460 666 aetatibus
1506 607 1865 666 disseruisse
1908 626 1998 677 ex·

204 709 503 785 Hesychii
558 706 954 782 intelligimus
1009 705 1241 782 glossa:
1295 707 1502 787 Γυνή,
1572 708 1772 786 ἡλικία
1823 707 1984 769 κατὰ

204 806 705 891 Πυθαγορείους·
761 824 959 884 neque
1002 806 1415 885 suspicionem
1474 817 1686 867 movet
1728 808 1872 866 anni
1917 807 1984 864 in

203 916 463 987 quatuor
505 914 787 985 tempora
830 904 1078 977 divisio,
1123 906 1351 985 quippe
1379 906 1512 983 jam
1542 906 1825 965 Alcmani
1859 921 1986 964 me-

202 1017 443 1066 morata
484 1007 547 1075 in
590 1006 832 1083 Fragm.
873 1005 1100 1065 XXIV.
1143 1005 1323 1065 Hanc
1358 1003 1822 1065 similitudinem
1855 1006 1983 1063 lon-

201 1109 334 1185 gius
390 1115 823 1186 persequentes
878 1106 987 1164 alii
1044 1105 1293 1185 quidam
1353 1106 1570 1165 hiemis
1615 1106 1986 1184 aestatisque

201 1225 411 1266 cursus
469 1218 531 1266 et
571 1205 779 1266 media
822 1210 986 1266 veris
1030 1207 1460 1284 auctumnique
1503 1214 1987 1285 temperamenta

200 1325 336 1366 cum
381 1307 549 1365 horis
592 1307 922 1365 menstruis
967 1316 1028 1365 et
1071 1305 1195 1364 diei
1237 1307 1555 1384 noctisque
1600 1304 1986 1386 quadraturis

201 1415 595 1486 componunt.
639 1405 858 1464 Aetius
901 1405 969 1464 L.
1014 1406 1118 1464 IH.
1167 1425 1214 1463 c.
1265 1405 1401 1463 162.
1428 1424 1506 1484 p.
1551 1405 1651 1465 62.
1696 1425 1749 1465 a.
1800 1407 1838 1485 ἡ
1884 1427 1982 1467 σε-

201 1506 351 1587 λήνη
413 1506 572 1568 κατὰ
626 1514 794 1590 μῆνα
853 1503 1170 1591 ἐργάζεται
1211 1505 1534 1586 διαφορὰς
1574 1507 1895 1588 τέτταρας·
1943 1507 1982 1584 ἡ

197 1607 316 1690 μὲν
371 1604 583 1691 πρώτη
643 1605 918 1687 ἑβδομὰς
971 1606 1093 1668 ἀπὸ
1138 1605 1465 1685 νεομηνίας
1507 1606 1685 1687 μέχρι
1725 1613 1832 1685 τῆς
1876 1609 1984 1687 ἑβ-

150 1776 152 1778 ,
196 1707 393 1788 ὃό-μης
446 1708 769 1787 παρέοικεν
824 1706 958 1787 ἀέρι
1011 1706 1149 1787 (leg.
1197 1705 1356 1787 ἔαρι)
1411 1706 1575 1790 ὑγροὶ
1630 1704 1736 1767 καὶ
1777 1704 1982 1787 θερμὴ

199 1805 389 1871 οὖσα·
447 1808 484 1887 ἡ
529 1805 598 1868 δὲ
642 1807 900 1888 δευτέρα
943 1807 1121 1888 μέχρι
1164 1804 1551 1884 πανσελήνου
1595 1804 1819 1885 θερίνῃ
1851 1830 1980 1866 -πα-

201 1905 567 1992 ραπλήσιος,
623 1907 660 1986 ἡ
714 1905 783 1968 δὲ
827 1906 1000 1987 τρίτη
1047 1905 1261 1988 ψυχροὶ
1308 1906 1412 1966 καὶ
1455 1906 1643 1986 ξηροὶ,
1687 1906 1724 1984 ἡ
1769 1905 1836 1967 δὲ
1881 1930 1976 1966 τε-

194 2007 387 2093 τάρτη
446 2007 656 2091 ψυχρὰ
712 2007 818 2068 καὶ
872 2004 1053 2092 ὑγροί.
1153 2007 1278 2067 Καὶ
1320 2009 1475 2068 καθ’
1524 2004 1788 2085 ἑκάστην
1831 2007 1977 2085 ἡμ-έ-·

101 2175 103 2181 ,
197 2134 318 2192 ραν
373 2107 675 2190 διαφοραὶ
715 2114 831 2169 τοῦ
886 2107 1063 2189 οἷέρος
1105 2105 1417 2191 γίνονται·
1466 2107 1498 2169 ὅ
1544 2105 1660 2187 μὲν
1703 2105 1825 2191 γὰρ
1870 2108 1979 2188 ὄρ*

199 2214 358 2291 θρος
413 2208 604 2293 ὑγρὸς
659 2208 764 2270 καὶ
818 2205 1056 2288 θερμὸς
1111 2206 1182 2268 τὸ
1242 2209 1384 2289 ἔαρ,
1440 2207 1516 2268 τὰ
1563 2205 1634 2268 δὲ
1675 2207 1834 2286 μέσα
1873 2214 1981 2285 τῆς

194 2311 422 2391 ἡμέρας
465 2310 638 2391 θέρει
680 2307 1104 2389 παρείκασται,
1149 2307 1227 2369 τὰ
1272 2306 1342 2369 δὲ
1385 2308 1543 2369 κατὰ
1579 2306 1787 2386 δείλην
1822 2310 1979 2389 φθι-

193 2407 495 2491 νοπώρῳ,
564 2407 643 2470 τὰ
712 2406 781 2469 δὲ
848 2407 986 2487 περὶ
1052 2409 1315 2487 ἑσπέραν
1362 2415 1622 2487 χειμῶνι
1636 2454 1656 2479 ,
1712 2407 1817 2469 καὶ
1872 2415 1979 2486 τῆς

193 2509 418 2579 νυκτὸς
489 2507 557 2570 δὲ
622 2508 701 2568 τὰ
771 2514 987 2586 πρῶτα
1043 2514 1133 2587 τῷ
1192 2509 1357 2589 ἔαρι,
1412 2507 1489 2568 τὰ
1548 2505 1616 2568 δὲ
1671 2508 1829 2588 μέσα
1884 2514 1975 2587 τῷ

191 2612 363 2692 θέρει
420 2617 532 2668 etc.
621 2606 919 2666 Similiter
960 2604 1250 2682 Antyllus
1296 2606 1467 2666 Stob.
1514 2605 1706 2666 Serm.
1751 2603 1974 2684 XCIX.
2040 2603 2047 2607 ’

193 2709 335 2769 546.
392 2729 480 2788 sq.
541 2708 808 2788 primum
864 2716 1071 2785 partes
1130 2706 1253 2765 diei
1309 2708 1469 2765 inter
1526 2726 1593 2767 se
1638 2717 1975 2787 comparat,

192 2821 325 2870 tum
369 2807 788 2869 hebdomadas
831 2815 1193 2881 menstruas,
1235 2807 1447 2866 lunam
1485 2806 1807 2870 dividuam
1841 2809 1976 2867 veri

190 2911 558 2983 assimilans,
599 2910 848 2990 plenam
895 2909 1132 2980 aestati,
1177 2908 1578 2988 semiplenam
1625 2917 1975 2979 auctumno‚

189 3011 379 3069 hiemi
436 3019 681 3090 tempus
737 3009 943 3068 illune.
1029 3005 1165 3066 Jam
1223 3009 1299 3068 ad
1346 3010 1494 3068 haec
1538 3009 1817 3086 congruit
1858 3025 1975 3085 par

142 3172 145 3174 ,
190 3129 481 3170 numerus
508 3112 774 3190 primum
810 3111 1250 3169 elementorum
1283 3111 1417 3169 sive
1446 3109 1780 3189 στοιχείων,
1816 3125 1973 3186 quae

311 3235 370 3294 [¹¹]
411 3238 480 3281 Cf.
512 3239 719 3282 Bandurii
752 3239 983 3282 Commeat.
1014 3239 1057 3280 in
1088 3238 1263 3294 Antiqq.
1298 3237 1523 3278 Constant.
1554 3251 1596 3292 p.
1626 3235 1725 3279 880.
1766 3235 1828 3277 Hi
1857 3247 1969 3289 qua--

190 3304 292 3399 {1251
318 3297 502 3398 4g3radus
554 3298 725 3355 saepius
777 3298 1095 3354 distinguuntur
1145 3297 1267 3339 Stob.
1323 3296 1457 3338 Serm.
1509 3295 1587 3337 ΙΙΙ.
1638 3291 1707 3335 48.
1757 3293 1798 3336 8.
1851 3292 1967 3335 XLI.
