2150 3814
0 406 2 542 ψ

741 206 1295 252 sAMO'l'HRAclA.
1739 197 1901 259 1273

135 337 347 399 siodus
403 349 463 398 et
515 334 933 419 Apollodorus
990 333 1269 407 tradunt,
1329 333 1438 394 sed
1497 336 1703 397 demta
1746 338 1902 401 divi·
1949 375 1952 380 ·

132 441 346 498 nitatis
391 440 710 518 opinione,
766 437 1083 495 literarum
1124 436 1519 517 monimentis
1564 439 1905 515 consignas-

132 558 229 611 se,
286 538 426 597 huic
469 557 578 614 ego
622 555 748 595 non
792 534 1202 606 adversabor,
1254 553 1451 616 neque
1493 538 1687 597 miror
1729 537 1905 611 adeo,

130 641 216 710 si,
274 639 381 716 qui
431 635 817 715 Epimenidis
874 634 1061 695 modo
1117 644 1260 695 ante
1303 635 1422 696 hos
1465 635 1756 697 ducentos
1801 657 1907 697 an-

128 755 241 795 nos
297 734 708 809 obdormivit,
763 755 924 796 nunc
967 735 1422 816 expergefactus
1467 756 1501 795 e
1544 755 1764 797 somno
1809 757 1907 798 ea-

128 835 268 896 dem
314 835 537 908 credit,
594 854 749 915 quae
791 835 1120 896 Huetianis
1177 836 1396 896 seculis
1441 835 1686 897 credere
1729 837 1900 897 deco-

127 954 265 995 rum
310 935 445 995 fuit.
546 935 672 995 Sed
727 935 888 995 illud
928 935 1082 995 mihi
1123 937 1460 1015 permirum
1505 940 1906 1018 et-suspicio-

126 1054 263 1094 sum
318 1035 594 1109 videtur,
652 1035 818 1116 quod
871 1036 1053 1111 hujus
1110 1044 1237 1093 tam
1291 1036 1616 1111 singularis
1672 1038 1907 1098 theolo—

125 1137 260 1211 giae
313 1135 486 1194 nulla
541 1144 636 1195 est
692 1145 836 1193 ante
891 1132 1234 1191 Eusebium
1274 1136 1604 1205 memoria,
1647 1153 1773 1193 non
1815 1137 1907 1194 in-

126 1243 223 1292 tus
267 1234 637 1306 Ecclesiam,
691 1251 818 1293 non
871 1241 1046 1296 extra
1097 1249 1268 1304 eam,
1325 1250 1452 1291 non
1505 1233 1675 1312 apud
1720 1234 1907 1295 Grae—

123 1351 226 1392 cos
270 1341 379 1392 aut
419 1333 886 1393 Romanosaut
915 1330 1217 1391 -Judaicos
1244 1334 1594 1413 scriptores,
1637 1353 1715 1393 ne
1741 1335 1946 1414 apud’

122 1431 460 1513 Josephum
504 1432 752 1513 quidem
769 1476 786 1505 ,
831 1434 937 1512 qui
978 1450 1186 1491 rerum
1229 1432 1596 1494 Punicarum
1651 1436 1908 1515 scripto-

122 1551 220 1592 res
263 1533 492 1592 multos
534 1532 822 1612 producit
865 1541 929 1589 et
970 1533 1261 1591 intestina
1304 1532 1634 1609 Tyriorum
1684 1537 1909 1596 scrinia

122 1640 573 1714 perscrutatum
627 1651 694 1691 se
749 1631 914 1691 dicit.
1012 1632 1165 1691 Esto
1223 1642 1291 1691 ut
1349 1632 1906 1695 Sanchuniathonis

120 1733 279 1792 liber
331 1743 659 1812 antequam
714 1733 780 1790 in
835 1749 1119 1808 graecum
1177 1749 1510 1791 conversus
1566 1743 1737 1793 esset¹
1771 1754 1904 1794 ‘ser-

121 1851 402 1903 monem,
458 1832 535 1890 ab
594 1832 816 1909 exteris
870 1831 992 1907 legi
1047 1848 1172 1888 non
1228 1833 1517 1909 potuerit.
1619 1833 1744 1893 Sed
1801 1837 1907 1914 qui

119 1942 264 2013 post
305 1930 628 1990 Philonem
671 1932 884 1992 vixere
906 1929 1290 2008 Apologetae
1321 1927 1674 2007 Christiani,
1718 1933 1907 1995 Athe-

119 2049 410 2110 nagoras,
456 2027 759 2104 Clemens,
803 2029 1218 2090 Tertullianus
1262 2040 1325 2089 et
1367 2034 1551 2091 ceteri
1595 2043 1736 2105 ante
1779 2035 1907 2094 Eu-

120 2132 391 2203 sebium,
436 2126 542 2210 'qui
582 2131 686 2203 fit,
730 2139 800 2189 ut
840 2147 1154 2207 nunquam
1197 2130 1314 2191 hoc
1356 2116 1721 2207 gravissimo
1767 2153 1904 2195 cau-

121 2251 229 2292 sae
271 2249 419 2291 suae
460 2238 724 2310 patrono
753 2237 1023 2301 utantur,
1066 2247 1253 2308 quum
1280 2230 1676 2305 Euemerum‚
1722 2231 1906 2294 Thal-

120 2332 272 2404 lum,
323 2329 626 2409 Nepotem
671 2336 734 2388 et
777 2329 931 2388 alios
973 2330 1262 2400 minutos*
1290 2329 1613 2409 Sophistas
1658 2350 1905 2413 semper

106 2432 187 2489 rin
248 2448 354 2489 ore
395 2429 598 2488 ferant
642 2435 705 2486 et
744 2448 856 2509 per
900 2447 1143 2488 omnem
1189 2431 1570 2490 occasionem
1615 2440 1904 2512 tanquam

122 2530 519 2590 certissimos·
561 2528 844 2588 veritatis
902 2537 1087 2609 testes
1142 2528 1535 2607 praedicent<l
1597 2530 1903 2610 Equidem

119 2630 279 2690 hunc
334 2629 850 2706 Pragmaticorum
908 2627 1324 2707 coryphaeum
1379 2629 1504 2689 illis
1568 2649 1693 2689 non
1749 2652 1900 2692 auro

121 2737 333 2790 contra
388 2746 597 2789 carum
649 2727 838 2788 fuisse
893 2727 1290 2801 crediderim,
1346 2730 1399 2787 si
1444 2731 1749 2808 cognitam
1796 2732 1900 2791 ha-

120 2829 397 2890 buissent
450 2827 682 2888 scilicet
734 2830 1094 2889 mantissam
1151 2826 1566 2889 Eusebianam
1613 2829 1899 2892 Octateu-

124 2928 236 2988 cho
277 2928 640 2989 Philoniano
686 2945 931 3008 quoquo
974 2929 1112 2988 loco
1156 2930 1466 2988 insertam.
1552 2929 1652 2989 De
1710 2930 1900 2991 Athe-

122 3045 279 3087 naeo
335 3026 402 3087 id
454 3046 705 3108 prorsus
748 3045 872 3087 non
913 3036 1122 3108 potest
1165 3027 1456 3102 obtineri3
1502 3027 1578 3088 de
1620 3029 1895 3112 Porphy-

123 3129 217 3187 rio
259 3146 337 3186 ne
381 3125 667 3187 credibile
709 3126 955 3207 quidem
997 3126 1260 3190 videtur.
1312 3127 1372 3188 Is
1417 3129 1582 3189 enim
1628 3127 1898 3191 Sanchu-

123 3225 477 3287 niathonem
517 3227 729 3293 multis
772 3226 1058 3299 laudibus
1101 3235 1357 3287 exornat
1406 3246 1665 3309 eumque
1707 3230 1896 3311 Bery-

126 3327 353 3388 tiorum
395 3326 552 3403 regis
592 3325 892 3403 Abibalis,
935 3329 1050 3389 cuiv
1076 3326 1180 3388 ille
1223 3326 1448 3390 librum
1491 3347 1672 3410 suum
1718 3328 1894 3389 obtu-
