2150 3814
215 198 380 261 1174
808 214 1042 257 risen
1101 214 1462 261 'remmus

206 345 374 404 niam
419 342 533 402 hoc
587 344 707 402 cui
750 340 1093 402 inferias
1140 343 1493 404 afferunt
1547 347 1697 406 satis
1752 356 1860 414 est„
1897 350 1979 418 ad

206 440 660 504 distinctionem
716 440 969 517 Dactyli
1024 441 1190 500 illius
1245 442 1532 505 heroibus
1594 444 1984 516 adnumerati,

205 553 268 604 et
291 553 650 613 ceterorum,
694 541 799 619 qui
825 539 1071 601 divinos
1114 539 1379 603 honores
1425 547 1781 625 consequuti
1821 556 1981 606 sunt.

205 643 274 704 Si
316 661 464 703 vero
510 641 616 701 ille
654 638 876 699 Idaeus
916 639 1249 714 Hercules,
1303 653 1373 702 ut
1414 644 1552 704 Elei
1606 655 1889 718 narrant,
1946 666 1982 705 e

201 760 455 802 numero
512 739 920 815 Dactylorum
986 740 1107 800 fuit
1165 750 1229 800 et
1285 745 1519 822 pariter
1571 764 1708 805 cum
1763 746 1858 804 his
1914 746 1982 805 in

203 838 385 905 Creta
425 851 639 913 natuS,
696 838 844 919 quid
888 839 1255 900 Phoronidis
1297 844 1583 923 scriptori
1635 853 1697 902 et
1740 843 1982 924 Sopho-

201 941 277 1000 cli
319 942 456 1014 fiet,
513 941 619 1019 qui
669 939 971 1016 Dactylos
1029 943 1279 1001 omnino
1335 961 1461 1003 non
1519 940 1738 1004 Cretae
1793 944 1982 1020 assig-

199 1050 350 1100 nant
404 1039 515 1100 sed
567 1038 907 1118 Phrygiae?
960 1058 1111 1100 num
1167 1042 1437 1121 placebit
1490 1044 1764 1104 colonias
1817 1060 1982 1101 com-

198 1141 442 1200 minisci
484 1149 546 1199 et
587 1141 982 1217 migrationes
1028 1140 1106 1200 de
1148 1141 1415 1220 Phrygia
1454 1144 1522 1202 in
1567 1132 1848 1217 Cretam,
1901 1141 1980 1202 de

200 1237 382 1300 Creta
422 1241 489 1300 in
532 1239 707 1314 Elin,
759 1240 1224 1301 immemoratas
1267 1242 1407 1302 illas
1465 1252 1527 1302 et
1581 1243 1981 1303 immemora-

197 1339 397 1399 biles'?
481 1338 659 1399 Adeo
703 1339 1096 1400 frustrabitur
1138 1360 1275 1401 sese
1309 1343 1414 1421 qui
1455 1343 1639 1402 istam
1684 1342 1762 1401 de
1806 1344 1979 1422 quin-

198 1458 315 1518 que
338 1438 622 1515 Dactylis
650 1437 922 1498 fabulam
946 1437 1359 1520 Olympicam,
1398 1442 1570 1518 cujus
1606 1442 1812 1501 nullus
1837 1451 1979 1501 ante

199 1537 565 1598 Strabonem
594 1539 665 1622 [¹]
714 1549 776 1599 et
804 1539 1173 1599 Pausaniam
1209 1549 1422 1601 auctor
1451 1549 1636 1614 extat,
1665 1559 1861 1620 neque
1888 1541 1979 1609 fffi

198 1640 330 1705 cilis
375 1657 513 1700 cum
554 1639 725 1700 fama
768 1642 1078 1701 communi
1117 1641 1489 1714 conciliatio,
1526 1641 1836 1721 perfacilis
1865 1659 1978 1700 au-
2008 1695 2012 1700 .

197 1748 324 1799 tem
368 1740 695 1820 explicatio
742 1733 868 1814 est,
926 1742 1060 1801 sola
1096 1741 1550 1819 Periegetarum
1601 1751 1663 1801 et
1710 1741 1978 1801 Diodori

197 1841 561 1899 auctoritate
601 1841 683 1901 ad
719 1861 1026 1902 summam
1052 1843 1482 1921 antiquitatem
1514 1842 1845 1903 transferre
1875 1861 1976 1900 co-

195 1950 394 1999 netur.
423 1940 552 2001 Aut
577 1941 758 2001 fallor
787 1951 895 2001 aut
921 1941 1389 2002 fundamentum
1418 1944 1610 2001 totius
1638 1943 1975 2003 cantilenae

197 2051 327 2100 erat
376 2060 482 2101 ara
523 2041 854 2121 Olympiae
904 2041 1159 2101 Herculi
1206 2042 1537 2101 constituta
1586 2040 1973 2122 Παραστάτῃ

192 2139 262 2199 id
297 2150 391 2199 est
427 2141 779 2201 auxiliatori
808 2143 897 2221 [³].
967 2142 1051 2200 Et
1088 2142 1230 2200 huic
1269 2139 1467 2200 additi
1495 2151 1757 2219 quatuor
1779 2143 1973 2218 ignoti

191 2241 408 2300 heroes
431 2241 662 2301 ibidem
692 2259 835 2300 arae
860 2241 1154 2301 honorem
1181 2241 1410 2320 adepti,
1434 2259 1696 2320 quorum
1723 2242 1976 2300 nomina

314 2384 388 2440 [1']
439 2384 492 2427 L.
532 2383 654 2427 VIII.
699 2381 796 2427 134.
848 2385 979 2429 ἐᾶσαι
1020 2383 1094 2426 δεῖ
1128 2381 1184 2426 τὰ
1225 2380 1397 2426 παλαιὰ
1436 2384 1542 2440 περὶ
1577 2384 1653 2438 τῆς
1690 2385 1860 2431 θέσεως
1891 2383 1974 2425 τοῦ

194 2441 388 2500 ἀγῶνος,
419 2446 510 2486 τῶν
536 2444 625 2502 μὲν
650 2443 730 2488 ἕνα
752 2446 843 2486 τῶν
856 2442 1034 2486 Ἰδαίων
1050 2438 1297 2486 Δακτύλων
1321 2440 1544 2500 “Ηρακλέα
1571 2437 1791 2500 λεγόντων
1834 2440 1971 2499 ἀρχη-

193 2503 328 2559 γέτην
357 2498 549 2557 τούτων,
591 2504 682 2544 τῶν
712 2501 763 2545 δὲ
794 2499 875 2544 τὸν
906 2497 1174 2558 Ἀλκμήνης,
1223 2497 1277 2543 ὃν
1314 2502 1390 2543 καὶ
1431 2499 1745 2557 ἀγωνίσασθαι
1774 2501 1969 2556 πρῶτον·

192 2557 248 2660 32³⁶
278 2557 378 2660 {⁶3⁰3
397 2562 580 2661 'aff-'³¹3‘
611 2560 1159 2660 ”fissffiffssfissfff'fffffffi
1183 2555 1778 2658 33u3f⁰²²²13033335²⁵⁶5511ffi13
1782 2556 1952 2658 ‘¹³ss2ss
1957 2589 1967 2598 '
2004 2602 2008 2606 ’

192 2633 464 2731 nameneumu,
492 2633 732 2720 ιΑοιῗιοιιέιζ
748 2633 807 2719 {A}
835 2632 1088 2729 Hercglgem,
1133 2631 1255 2731 qsillein
1287 2649 1418 2717 solum
1450 2688 1651 2730 recepere
1679 2649 1806 2727 Eles,
1850 2679 1966 2717 cete-

191 2736 253 2778 ris
294 2736 549 2779 domesticos
589 2736 905 2778 substituerunt
943 2735 1123 2786 heroes,
1155 2734 1268 2776 antri
1297 2735 1495 2776 Pseudo·
1514 2734 1629 2776 idaei
1658 2733 1854 2786 accolas,
1886 2747 1965 2774 ea-

193 2795 374 2850 demque
404 2809 537 2851 opera
576 2799 712 2837 totam
755 2793 1022 2836 Atlantidum
1064 2793 1267 2835 familiam
1308 2798 1352 2835 et
1392 2793 1526 2849 ipsius
1567 2791 1758 2834 Dardani
1801 2791 1966 2834 natales

194 2853 279 2896 sibi
309 2867 516 2909 arrogare
558 2854 654 2896 ausi
696 2857 795 2895 sunt
824 2852 970 2895 Strab.
1003 2852 1125 2893 VIII.
1156 2851 1226 2895 85.
1289 2851 1417 2902 Quod
1447 2853 1484 2894 si
1513 2865 1633 2894 nemo
1664 2850 1839 2893 credere
1869 2851 1965 2906 dig-

193 2917 321 2954 natur
350 2927 488 2968 neque
518 2911 816 2955 Samothracia
844 2911 1047 2967 mysteria
1077 2926 1128 2951 ex
1159 2910 1287 2952 Elide
1316 2910 1494 2968 repetit,
1540 2924 1615 2952 cur
1652 2908 1738 2951 illis
1768 2909 1966 2964 Dactylis

194 2971 317 3013 Eleis
346 2971 454 3015 fides
484 2971 733 3027 adjungitur
760 2970 937 3027 perinde
967 2969 1268 3011 commenticiis
1280 2969 1303 3010 ’.2

319 3031 387 3086 [⁸]
431 3030 659 3087 Inscriptio
691 3030 910 3085 Sponiana
941 3043 1007 3085 ap.
1037 3028 1212 3070 Arnald.
1244 3027 1297 3069 de
1328 3027 1422 3070 Diis
1450 3025 1620 3083 paredr.
1651 3040 1692 3081 p.
1726 3024 1821 3066 190.
1869 3024 1962 3066 Li-

194 3087 332 3131 bero
373 3089 530 3132 Patri
566 3084 863 3131 Adstatori
891 3092 946 3130 et
977 3086 1401 3128 Conservatori.
1462 3084 1629 3126 Soteris
1668 3083 1768 3126 Elei
1797 3083 1963 3124 nomine

192 3146 362 3203 prolixe
391 3161 468 3190 nos
497 3148 630 3190 donat
658 3146 875 3190 Eusebius
904 3147 1062 3188 Chron.
1093 3145 1190 3187 Lib.
1220 3146 1339 3187 Post.
1370 3143 1632 3186 CXXXVII.
1681 3142 1961 3184 Hercules

194 3211 558 3260 cognomento
621 3204 916 3248 Desanaus
971 3204 1023 3246 in
1082 3203 1368 3246 Phoenice
1431 3201 1625 3244 clarus
1692 3201 1958 3243 habetur.

195 3263 356 3306 Unde
401 3268 455 3308 et
495 3263 561 3308 ad
600 3269 845 3309 nostram
890 3276 1066 3319 usque
1101 3262 1411 3305 memoriam
1453 3275 1479 3302 a
1521 3256 1961 3317 Cappadocibus

194 3327 248 3365 ct
294 3322 628 3366 Eliensibus
672 3324 791 3379 (sic)
833 3323 1124 3365 Desanaus
1172 3321 1351 3363 adhuc
1400 3319 1632 3361 dicitur.
1703 3317 1790 3360 Sed
1834 3315 1959 3359 lectio

196 3381 397 3438 ambigua
436 3396 477 3424 v.
517 3381 689 3424 Selden.
736 3382 816 3424 des*
831 3380 926 3425 Diis
973 3379 1072 3436 Syr.
1114 3380 1147 3423 1.
1187 3379 1229 3424 6.
1264 3377 1359 3424 187.
1409 3378 1631 3421 Desanaus
1648 3377 1842 3433 ignotus.
