2150 3814
732 256 1315 335 sAMo‘rflnAcrA.
1435 308 1438 317 ,
1733 204 1889 327 1341

130 394 328 455 multa
371 391 690 452 disserunt.
763 388 974 466 Etym.
1005 388 1090 449 M.
1132 410 1194 471 p.
1221 387 1366 452 441.
1407 395 1577 472 θῆτα
1616 394 1688 457 τὸ
1734 416 1897 461 στω-

122 500 297 574 χεῒον
346 491 517 574 παρὰ
567 489 638 552 τὸ
693 488 810 569 τὴν
863 489 1047 553 θέσιν
1096 497 1211 553 τοῦ
1248 491 1498 562 ’παντὸς
1547 500 1897 576 μιμεῖσθαι,

130 596 264 673 ἤτοι
306 600 420 655 τοῦ
466 591 740 673 οὐρανοῦ
783 589 854 652 τὸ
910 588 1264 673 κυκλοτερὲς
1308 594 1449 672 ἔχον
1489 593 1594 655 καὶ
1633 595 1748 659 τὸν
1790 596 1898 659 διὰ

126 695 320 773 μέσου
365 693 558 761 ἄξονα
614 697 690 770 τῇ
741 687 902 752 κατὰ
955 689 1025 752 τὸ
1081 691 1273 772 μέσον
1324 699 1535 775 μακρᾷ
1591 692 1902 782 ’ἀνάλογον

130 795 263 871 ἔχει.
323 790 430 849 ,Et
482 807 543 869 p.
600 787 745 848 294.
799 788 902 848 29.
973 795 1002 850 ἓ
1059 789 1130 852 τὸ
1194 796 1492 870 στοιχεῖον
1557 793 1727 877 παρὰ
1787 790 1902 874 τὴν

130 893 450 954 ἐπέκτασιν
503 888 620 967 τὴν
689 893 775 959 εἷς
837 888 1033 970 μέσον
1083 888 1190 952 καὶ
1242 889 1357 970 τὴν
1411 899 1741 976 κυκλοτερῆ
1758 911 1773 924 ·
1828 894 1900 956 τὸ

127 991 244 1072 μὲν
298 991 422 1078 γὰρ
477 987 835 1071 κυκλοτερὲς
886 987 993 1051 καὶ
1051 988 1222 1071 πέριξ
1273 998 1388 1053 τοῦ
1440 992 1620 1061 ὄντος
1680 997 1905 1064 αἰῶνος

125 1097 402 1174 μιμεῖται
453 1090 525 1152 τὸ
581 1089 785 1172 πέριξ,
852 1087 923 1153 τὸ
985 1086 1056 1149 δὲ
1111 1093 1195 1157 εἷς
1248 1090 1441 1169 μέσον
1492 1092 1739 1173 μακρὸν
1791 1093 1906 1156 τὴν

128 1193 448 1254 ἐπέκτασιν
488 1197 603 1251 τοῦ
647 1194 903 1257 αἰῶνος,
948 1180 1011 1241 et
1050 1165 1120 1242 id
1162 1188 1399 1260 generis
1444 1187 1567 1246 alia
1609 1207 1686 1247 ex
1728 1191 1906 1250 simi-

124 1289 387 1348 litudine
428 1287 696 1345 nominis
741 1291 804 1342 et
844 1283 1073 1359 figurae
1117 1284 1409 1364 qu‘usque
1461 1286 1677 1346 literae
1730 1307 1907 1368 repe-

125 1387 256 1447 tita.
368 1386 425 1444 E
489 1382 930 1444 recentioribus
995 1400 1147 1443 vero
1203 1383 1479 1444 fontibus
1538 1386 1759 1447 hausta
1815 1399 1908 1447 est

62 1565 69 1571 ν
119 1484 525 1570 Ἑτυμολογία
563 1491 680 1546 τοῦ
699 1479 1123 1564 ᾹἈλφαβήτου
1134 1528 1156 1554 ,
1199 1482 1629 1562 Etymologico
1676 1486 1909 1547 Gudia-

125 1606 208 1647 no
265 1585 588 1663 subjuncta
639 1601 701 1663 p.
745 1577 889 1640 295.
942 1579 1053 1639 ubi
1105 1599 1333 1641 nomen
1386 1583 1601 1645 literae
1642 1596 1908 1667 quartae

125 1688 317 1747 Delta
359 1684 603 1744 ducitur
647 1700 687 1741 a
739 1679 930 1744 Δάλθ
971 1681 1005 1743 ὃ
1049 1682 1337 1764 τέταρτος
1379 1683 1646 1767 οὐρανός
1701 1696 1765 1746 et
1820 1689 1908 1747 sic

130 1797 363 1848 ceterae
424 1782 587 1847 Ζείθ
630 1782 663 1845 ὃ
710 1782 978 1865 ἕβδομος
1019 1817 1105 1826 —
1141 1779 1280 1844 'Ia5c5
1320 1782 1594 1865 τελεότης
1634 1795 1748 1850 τοῦ
1791 1794 1908 1851 νοῦ

130 1887 234 1966 (ob
278 1885 723 1968 perfectionem
769 1879 1032 1960 denarii)
1074 1888 1216 1943 Καῢ
1260 1882 1293 1943 ὃ
1341 1881 1567 1967 αἰθήρ,
1622 1885 1779 1968 Λάβ
1835 1887 1907 1948 τὸ

128 1985 424 2071 οὐράνιον
479 1991 623 2067 πῦρ.
675 1980 914 2062 —Atque
966 1981 1117 2040 haec
1162 1980 1529 2058 literaturae
1584 1984 1911 2062 Etymolo-

127 2089 227 2165 gia
293 2085 581 2146 extremis
641 2082 903 2141 fortasse
971 2080 1264 2139 Graeciae
1323 2083 1707 2163 temporibus
1770 2104 1912 2144 con-

128 2188 357 2266 scripta
400 2191 527 2258 est3
581 2181 779 2242 multo
821 2197 975 2241 vero
1020 2188 1191 2251 ante,
1247 2182 1492 2258 vigente
1550 2182 1749 2242 adhuc
1804 2204 1913 2246 ve-

130 2285 277 2344 teris
304 2283 621 2342 doctrinae
658 2282 980 2351 memoria,
1021 2279 1395 2338 Marcosiani
1430 2298 1710 2342 novam
1748 2284 1912 2343 hae-

130 2385 348 2444 resin
405 2399 495 2442 ex
567 2378 1047 2438 Graecorum
1114 2377 1534 2457 alphabeto
1598 2400 1913 2463 compo-

13 2509 23 2524 ·
129 2491 403 2543 nentes
490 2476 882 2557 negabant
966 2478 1396 2538 veritatem
1481 2480 1649 2539 sine
1738 2482 1911 2541 illis

130 2601 369 2664 posse
423 2580 692 2640 literis
747 2577 1101 2639 inveniri
1169 2574 1526 2638 Tertullian.
1597 2578 1675 2639 de
1729 2580 1914 2640 Prae-

134 2684 338 2764 script.
382 2701 430 2741 c.
474 2677 695 2739 50.⁷cf.
736 2677 890 2737 Iren.
933 2675 1004 2736 L.
1047 2676 1094 2735 Ι.
1143 2674 1238 2735 12.
1284 2675 1337 2756 ξ.
1377 2679 1434 2737 2.
1480 2677 1663 2739 Grab.
1706 2698 1768 2759 p.
1812 2680 1914 2740 71.

138 2780 381 2843 Cursim
404 2782 558 2841 haec
583 2776 1064 2855 transgredimur
1099 2776 1527 2837 tantummodo
1552 2778 1917 2857 degustandi

140 2900 352 2956 causa,
396 2881 604 2943 varios
649 2875 926 2956 ejusdem
968 2876 1264 2938 stultitiae
1306 2877 1499 2938 flexus
1546 2890 1607 2940 et
1660 2882 1914 2941 inclina—

109 2983 338 3041 'tiones
403 2981 740 3041 accuratius
810 2977 1150 3042 discernere
1204 2976 1608 3040 fastidientes.
1702 2980 1916 3062 Neque

143 3081 373 3141 diutius
457 3068 922 3141 immorabimur
996 3078 1450 3139 Platonicorum
1529 3082 1916 3155 commentiS‚

145 3200 302 3260 quae
356 3179 648 3241 Proculus
703 3179 893 3239 refert
945 3179 1011 3237 in
1067 3175 1224 3237 Tim.
1279 3178 1385 3242 ΠΙ.
1446 3177 1589 3240 225.
1647 3199 1733 3262 sq.
1789 3182 1916 3263 pri-

145 3298 320 3339 mum
373 3280 442 3338 in
494 3281 873 3341 sanctissimo
941 3279 1192 3338 nomine
1230 3278 1340 3341 Ἕν
1396 3280 1684 3360 spiritum
1741 3297 1918 3359 aspe-

146 3398 288 3439 rum
331 3378 669 3455 significare
708 3379 779 3444 τὸ
838 3380 1102 3460 ἄρῥητον
1159 3375 1417 3461 ἆσθμα,
1474 3378 1754 3440 absidem
1809 3396 1917 3438 au«

229 3480 291 3532 ll.
1500 3476 1586 3536 36
