2150 3814
257 211 422 277 1354
927 224 1291 269 AnnuNnA

250 357 300 400 P.
329 354 431 401 525.
472 359 564 399 not.
598 355 657 398 ad
696 369 738 398 v.
767 354 840 396 20.
882 353 1020 396 addet
1062 351 1222 397 κυκλοῖ
1260 352 1445 409 praebet
1486 352 1704 396 Eusebius
1747 348 1790 411 p.
1836 348 1934 397 102.
1973 354 2026 398 D.

369 414 468 458 108.
500 415 549 456 C.
580 414 695 470 quod
722 414 881 471 probat
908 410 1222 456 Valckenarius
1251 410 1319 453 De
1347 411 1539 456 Aristob.
1569 426 1612 469 p.
1644 411 1714 454 81.
1823 423 1827 438 ·-
1889 422 1900 434 ·

251 473 439 518 -526.
469 489 511 516 v.
540 473 616 515 ult.
646 487 724 530 pro
753 475 943 515 retore
977 470 1051 527 leg
1021 485 1065 527 g.
1094 473 1360 512 rectore.

252 558 310 566 --
339 532 437 576 527.
466 547 508 574 v,
537 532 579 574 2.
610 545 687 588 pro
719 531 922 574 duobus
962 530 1046 585 leg.
1077 529 1138 570 de
1169 527 1414 572 duobus.

252 617 310 626 -—
341 591 438 635 532.
467 605 509 633 v.
541 591 609 633 12.
646 595 748 647 post
774 588 1045 633 arbitrer
1075 586 1172 629 dele
1201 600 1377 630 comma.

253 675 310 684 ——
339 648 436 692 533.
467 652 556 691 not.
586 650 629 693 h.
660 649 796 692 adde:
837 647 1014 690 Cosmas
1043 646 1135 689 Ind.
1166 645 1215 687 L.
1245 646 1347 688 XII.
1377 644 1477 689 345.
1506 647 1558 688 Α.
1600 643 1703 692 ουδὲ
1732 643 1847 691 αὖτὸ
1878 644 2031 694 τοῦνο-

367 725 435 765 μα
466 705 615 810 πάὸλαι
643 705 926 775 ἐγινώσκετο
936 702 1022 751 τοῦ
1050 702 1192 774 νόζιου
1221 707 1315 749 τοῖς
1332 700 1547 774 ἽΞλλησι·
1577 710 1655 749 καὶ
1683 702 1860 762 μάρτυς
1879 699 2031 762 εὈιιτΓ

254 781 444 867 -5335
471 784 522 866 ευ
549 760 1512 889 14ιουριῖιῆ1ῑιῗῒζιήὲἷιυέιςεῗῖξιὲιιχέηὲιὲιξιέῗιξ
1539 820 1883 875 trajectione
1921 822 2031 865 scri-

370 884 492 925 bere.
546 883 776 925 Vocabula
805 882 1028 924 doctorum
1055 890 1137 923 usu
1164 879 1291 932 trita,
1328 885 1549 931 auctor,
1589 879 1886 935 impostor,
1916 880 2031 922 edi-

367 946 490 993 tor,
532 940 969 998 interpolator,
1019 938 1245 990 titulus,
1292 941 1454 990 nota,
1493 909 1875 993 fr’agmentra,
1905 951 2030 995 spe-

369 999 591 1052 cimina,
649 1000 906 1052 omissio,
954 997 1231 1050 ineditus,
1285 996 1579 1049 derivare,
1627 995 1904 1051 allegare,
1951 996 2035 1039 ci-

369 1062 526 1111 tare,
575 1058 891 1116 respicere,
934 1062 979 1100 et
1008 1057 1093 1100 alia
1120 1056 1226 1098 talia
1255 1070 1340 1098 non
1371 1055 1616 1107 declinavi,
1661 1054 1819 1111 partim
1859 1060 1931 1097 ne
1942 1056 2037 1113 plu-

368 1117 490 1160 ribus
519 1131 645 1174 quam
674 1132 852 1160 necesse
882 1119 1024 1168 esset,
1064 1115 1227 1186 partim
1250 1128 1305 1156 ne
1347 1128 1518 1183 semper
1552 1085 1706 1156 iis’dem
1742 1117 1926 1167 uterer,
1956 1128 2035 1157 nec

373 1175 678 1219 animabus
721 1175 867 1218 dicere
897 1173 1117 1226 dubitavi,
1155 1173 1232 1215 ubi
1272 1173 1482 1217 animis
1526 1172 1768 1229 ambiguum
1797 1176 1907 1237 erat.

261 1260 319 1269 --
346 1234 448 1278 539.
476 1249 518 1277 v.
547 1234 590 1277 2
619 1248 698 1291 pro
728 1231 1001 1292 Κρόνοςίος
1003 1235 1114 1289 .ρΚ
1118 1229 1236 1277 όνον.

254 1251 1345 1359 ...541...V..10proLV·.·3leg.L..V35
1474 1322 1478 1326 .

254 1381 313 1387 --
342 1354 443 1398 546.
472 1354 562 1393 not.
591 1363 634 1392 v.
664 1351 706 1392 2.
737 1363 816 1406 pro
850 1348 1099 1404 Hippiam
1134 1348 1220 1403 leg.
1248 1347 1523 1404 Hippium.

252 1438 313 1446 -
340 1411 442 1456 550.
472 1422 515 1451 v.
543 1406 615 1451 24.
645 1422 723 1465 pro
754 1410 1165 1475 proponantur
1199 1406 1283 1461 leg.
1321 1410 1708 1498 proponuntur.

252 1495 314 1504 -
342 1469 442 1514 553.
471 1467 580 1510 male
608 1467 798 1524 repetita
826 1468 927 1508 sunt
954 1463 1128 1507 Proculi
1154 1465 1307 1507 verba.
1336 1495 1339 1499 Α

255 1556 314 1563 -
342 1529 444 1573 555
473 1541 515 1569 v.
545 1525 586 1567 9.
615 1539 695 1583 pro
725 1527 952 1582 ταρταρίη
982 1523 1068 1579 leg·
1097 1527 1330 1584 ταρταρίη
1360 1524 1406 1565 et
1433 1536 1477 1565 v.
1505 1523 1574 1565 19.
1603 1536 1683 1580 pro
1711 1523 1791 1566 IV.
1820 1523 1905 1580 leg.
1934 1524 2014 1568 III.

256 1614 316 1621 —-
344 1587 443 1630 558.
473 1599 517 1627 v.
547 1585 622 1627 ult.
653 1599 731 1641 pro
762 1586 821 1641 ἕμ
850 1582 984 1637 leg..
965 1582 1038 1639 ⁶³·ss

257 1672 316 1679 —
343 1645 443 1689 567.
474 1659 516 1687 v.
549 1643 617 1684 10.
648 1649 749 1700 post
777 1639 961 1698 reperiri
989 1639 1133 1683 deleto
1162 1641 1323 1696 puncto
1351 1639 1498 1683 insere
1527 1639 1634 1682 sed
1936 1641 1939 1646 ⁴
2114 1676 2117 1679 .

257 1730 315 1738 -—
343 1704 444 1748 568.
474 1718 516 1746 v.
547 1700 590 1745 3.
634 1716 714 1760 pro
748 1700 847 1745 107.
874 1699 960 1756 leg.
995 1698 1092 1742 167.
1125 1703 1170 1741 et
1197 1713 1240 1741 v.
1273 1700 1342 1742 10.
1379 1699 1443 1741 sic
1477 1698 1649 1754 corrige
1682 1701 1733 1742 ut
1768 1698 1814 1741 in
1850 1699 2039 1743 Praefat.

376 1763 548 1806 dictum.
607 1761 660 1804 In
689 1760 836 1803 adnot.
877 1773 919 1816 p.
949 1757 1111 1815 penult.
1140 1772 1220 1814 pro
1250 1772 1465 1801 murcos
1500 1758 1585 1814 leg.
1615 1770 1839 1818 murcus.

258 1863 316 1871 -—
345 1835 449 1880 570.
475 1850 519 1879 v.
547 1834 591 1878 3.
637 1831 815 1876 F'irmici
842 1827 981 1875 verbi}¹
1008 1829 1210 1887 leguntur
1238 1847 1281 1889 p.
1311 1830 1412 1908 416.
1442 1831 1636 1874 Gronov.
1675 1844 1787 1889 quae
1826 1834 1931 1897 nota
1970 1847 2043 1875 ex-

260 1978 317 1987 -.
347 1894 518 1997 5‹7:i6d.itv.
548 1950 590 1994 5.
619 1964 698 2008 pro
728 1951 1040 2016 persenset
1068 1948 1151 2003 leg.
1182 1951 1515 2004 percenset.
1558 1992 1564 2002 ,,

259 2040 317 2048 -
345 2012 446 2056 581.
475 2026 516 2053 v.
551 2008 618 2053 15.
649 2023 726 2066 pro
760 2006 856 2050 124.
888 2006 1019 2048 scrib.
1052 2006 1149 2049 114.

260 2099 318 2106 -
347 2069 449 2114 582.
492 2084 534 2112 v.
565 2066 608 2110 4.
645 2067 783 2110 verba
820 2062 957 2110 τοῦτο
999 2061 1157 2124 Ὀρφεῖ
1196 2064 1306 2107 male
1346 2064 1543 2119 sejuncta
1578 2058 1678 2107 sunt
1715 2078 1742 2106 a
1780 2059 2046 2138 praeceden-

260 2214 318 2223 -.
347 2129 577 2231 figgusnot.
606 2183 635 2227 l.
677 2186 780 2227 ante
813 2182 1003 2225 furore
1043 2181 1202 2224 omissa
1244 2186 1344 2225 sunt
1380 2180 1542 2224 verba.
1586 2179 1844 2237 virgines
1886 2181 2044 2226 Mile-

262 2333 319 2341 ..-
350 2246 525 2350 5g7iflssr.
546 2303 588 2346 9.
618 2316 697 2360 pro
727 2297 886 2369 ὕφεσιν
914 2299 1001 2356 leg.
1031 2299 1203 2359 ὄφεσιν.
1234 2304 1280 2342 et
1309 2302 1400 2342 not.
1430 2314 1473 2341 v.
1495 2299 1571 2342 ult.
1602 2302 1703 2356 post
1733 2297 1942 2373 dicitur
1971 2315 2046 2344 ex-

378 2363 484 2407 cidit
511 2378 554 2405 v.
586 2359 827 2404 Grotius.

261 2450 319 2459 -
348 2422 447 2466 595.
477 2426 579 2464 ante
607 2423 732 2477 post
766 2417 966 2460 omissum
995 2420 1063 2460 est
1094 2422 1434 2461 enumerant.

264 2523 321 2529 —
350 2495 449 2539 597.
478 2508 523 2537 v.
557 2492 626 2535 16.
686 2489 771 2534 Hic
800 2503 951 2533 versus
992 2490 1170 2533 Struvio
1211 2490 1275 2533 ita
1316 2489 1565 2533 scribendus
1607 2487 1790 2533 videtur
1817 2487 1962 2541 ὕπνον
1984 2480 2045 2536 δὲ

382 2572 462 2598 ουκ
491 2548 547 2608 ἐᾷ’
574 2550 813 2621 μειλίχιον.
874 2548 923 2590 Si
951 2548 1316 2604 praepositionem
1345 2548 1565 2620 omiseris,
1610 2549 1736 2606 plura
1777 2547 2045 2610 succurrunt,

380 2608 527 2656 ν’πνον
565 2608 611 2655 ὃς
641 2604 798 2653 οὔποτ’
829 2603 884 2663 ἐᾷ’
912 2609 961 2665 μ’
993 2602 1148 2665 ὀλίγον
1177 2605 1527 2667 βλεφάροισιν’
1505 2605 1677 2660 ιαύειν,
1709 2611 1806 2651 etc.

266 2699 323 2706 --
352 2669 452 2716 599.
494 2683 536 2712 v.
569 2668 637 2710 17.
667 2670 769 2723 post
808 2670 935 2708 sunt
977 2664 1073 2708 dele
1109 2669 1331 2723 punctum,
1371 2680 1413 2708 v.
1457 2665 1528 2708 79.
1569 2640 1677 2724 post,
1714 2647 1891 2712 fallor
1932 2658 2043 2708 adde

382 2742 570 2779 comma,
603 2739 734 2770 versu
759 2723 920 2781 penult.
949 2728 1050 2781 post
1080 2737 1205 2767 aras
1236 2724 1332 2767 dele
1362 2739 1538 2767 comma.

265 2816 323 2824 -
352 2786 451 2833 613.
481 2801 524 2830 v.
553 2758 595 2827 7.
624 2799 704 2842 pro
734 2783 933 2826 semicolo
963 2797 1074 2840 pone
1104 2797 1280 2825 comma.

265 2876 324 2884 .-
352 2845 451 2892 618.
481 2850 571 2888 not.
603 2842 863 2900 antepenult.
891 2856 972 2899 pro
1004 2859 1118 2905 (pavo
1156 2839 1257 2899 όροι
1284 2841 1369 2898 leg.
1402 2839 1669 2910 φ.αυοφᾶροι.

266 2933 324 2942 .-
352 2903 451 2951 622.
485 2904 515 2947 l.
546 2905 588 2947 8.
617 2917 696 2962 pro
727 2903 778 2955 ἐξ
809 2910 850 2946 οἱ
880 2900 964 2956 leg.
997 2907 1062 2946 οὑ.
1120 2860 1172 2942 fn
1201 2900 1485 2944 Grammatici
1512 2901 1607 2946 loco
1638 2914 1761 2956 quem
1788 2898 1834 2942 in
1874 2901 1963 2958 not.
1982 2899 2041 2950 ff.

381 2962 508 3007 attuli
544 2917 775 3016 Ἰσοὸαίτη
779 2975 800 3005 ς
836 2958 947 3006 θεός
987 2957 1013 3005 ὅ
1055 2953 1181 3015 ἥλιος
1218 2958 1297 3017 pr'o
1335 2964 1566 3030 postremo
1603 2959 1792 3002 fortasse
1827 2972 1877 3001 re
1908 2973 2042 3002 onen-

383 3022 481 3065 dum
516 3020 631 3079 quod
672 3033 803 3075 saepe
837 3033 932 3061 cum
969 3017 1044 3061 illo
1086 3023 1384 3062 commutatum
1427 3023 1515 3071 est,
1551 3002 1808 3063 Απόλλων.
1869 2974 1922 3067 fil
1949 3023 2040 3060 not.

383 3094 618 3185 selq.3quae
647 3078 829 3122 affertur
856 3074 1067 3135 Hesychii
1091 3075 1394 3134 interpretatio
1425 3077 1482 3120 ad
1509 3075 1668 3122 δαῖτας
1696 3076 1910 3135 pertinet,
1954 3090 2039 3119 non

385 3153 413 3181 a
502 3160 550 3184 αι
552 3153 648 3183 τας.

269 3230 327 3239 ...
355 3203 455 3251 630.
487 3197 555 3240 18.
585 3210 664 3254 pro
695 3195 900 3238 demum
928 3195 1012 3252 leg.
1044 3194 1269 3238 dearum.

270 3290 327 3297 -..
356 3262 454 3307 632.
484 3272 526 3300 v.
558 3257 626 3300 10.
655 3258 756 3313 post
784 3252 971 3312 μάντεις
1000 3254 1111 3298 adde
1140 3268 1316 3298 comma.

271 3348 328 3355 -
357 3313 628 3364 634.v1.7.
657 3316 758 3370 post
785 3313 1033 3356 Hecatae
1063 3312 1260 3356 omissum
1290 3314 1358 3355 est
1385 3310 1536 3354 iram.

273 3406 330 3415 .-
357 3375 459 3424 635.
488 3389 531 3417 v.
559 3371 601 3415 9.
637 3386 717 3430 pro
747 3371 1025 3417 horibiles
1053 3372 1138 3429 leg.
1172 3369 1491 3415 horribiles.
