2150 3814
234 203 397 264 1034
691 280 695 288 x
763 215 997 259 LIBER
1040 216 1470 260 SECUNDUS.

227 355 358 411 τῶν
392 349 602 431 ἄρτων
637 345 1068 410 ἅποπίπτοντα
1103 347 1505 432 ἄναλέγοντες
1539 348 1821 411 ἔκαπτον.
1855 367 2010 428 quae

223 446 304 509 ad
348 455 620 506 nostram
668 461 916 504 causam
972 446 1434 525 appositissima
1490 457 1652 506 sunt.
1737 446 2011 517 Κίδαλον

221 547 569 624 Hesychius
613 548 1055 624 interpretatur
1096 543 1454 627 κρόμμτον,
1510 549 1764 628 proprie
1804 555 2012 608 autem

222 649 518 728 significat
586 641 912 726 κρομμύου
972 635 1162 708 λόπον
1218 646 1353 706 sive
1410 648 1708 732 λέπυρον,
1778 647 1846 707 id
1900 658 2013 721 est,

223 747 452 807 tallam.
541 742 701 803 Nam
745 744 1003 807 κίδαλον
1047 747 1386 822 generatim
1433 745 1686 808 denotat
1722 748 2012 826 glumam,

223 846 605 918 folliculum,
695 845 951 917 culiola‚
1037 847 1294 925 proprie
1374 865 1526 906 vero
1610 851 1872 908 scoriam
1918 845 2010 928 [⁴³]

218 948 447 1026 quippe
501 965 540 1004 a
594 944 736 1024 κίδη
796 944 1178 1019 derivatum,
1237 945 1410 1006 unde·
1454 948 1735 1030 κιβδηλίς
1789 947 2014 1007 dicitur

219 1047 588 1125 interposita
630 1046 809 1104 litera
855 1045 1048 1119 Bata,
1092 1055 1163 1106 ut
1208 1047 1386 1126 σιδη,
1433 1047 1621 1130 σίβδη
1662 1044 1754 1129 [44]
1797 1047 2014 1131 κάβος,

220 1143 708 1228 αὕτοκάβὸαλος.
849 1140 1014 1205 Hinc
1100 1147 1568 1232 ἐγκαψικίὸαλοι
1656 1149 2013 1207 contemtim

217 1254 519 1307 vocantur
574 1244 876 1318 famelici,
936 1247 1041 1325 qui
1085 1266 1279 1324 grana
1324 1257 1386 1307 et
1429 1250 1483 1307 si
1527 1247 1675 1329 quid
1719 1247 1892 1307 aliud
1937 1267 2013 1306 ex

216 1366 392 1406 sacco
466 1346 784 1405 saccularii
846 1345 1170 1420 exciderit,
1239 1347 1638 1429 cupidissime
1698 1348 2011 1426 colligunt,

214 1446 538 1526 putamina
578 1446 718 1525 ipsa
760 1446 1118 1526 glumasque
1163 1446 1549 1510 devorantes,
1634 1448 2011 1524 Hesychius:

218 1544 668 1629 Καψιπήδαλος
712 1547 744 1608 ὅ
789 1547 947 1628 μετὰ
990 1555 1120 1611 τῶν
1161 1550 1241 1611 τὰ
1287 1551 1518 1632 ἄλφιτα
1561 1547 1647 1630 μὴ
1699 1546 2012 1612 διδόντων

216 1645 549 1730 ἁλόμενος,
610 1645 718 1705 ubi
777 1665 903 1705 non
959 1646 1160 1707 solum
1219 1649 1627 1733 καψικίδαλος
1670 1646 1780 1707 sed
1826 1649 2012 1707 etiam

215 1747 372 1830 μετὰ
440 1754 572 1810 τῶν
625 1747 705 1809 τὰ
767 1750 999 1830 ἄλφιτα
1055 1749 1476 1814 διαδιδόντων
1534 1747 1849 1832 ἀλώμενος
1888 1748 2011 1810 ,vel

217 1845 512 1930 ἑπόμενος
555 1847 982 1921 scribendum,
1026 1849 1094 1909 id
1140 1861 1260 1924 est,
1306 1854 1410 1932 qui
1453 1855 1519 1912 in
1563 1849 1842 1915 διαδόσει
1877 1850 2012 1910 sive

216 1949 700 2008 frumentatione
767 1947 1129 2008 diribitores
1189 1959 1251 2009 et
1317 1953 1563 2029 gerulos
1633 1952 2010 2014 suffaraneos

215 2048 706 2130 speculabundus
732 2058 1136 2122 'consectatur
1178 2050 1283 2111 vel
1325 2052 1627 2130 pugillum
1672 2051 1854 2110 lentis
1889 2049 2011 2108 far-

213 2150 422 2229 risque
478 2150 631 2209 lucri
685 2149 972 2209 facturus.
1058 2148 1270 2226 Etym.
1316 2150 1475 2209 Gud.
1520 2171 1581 2231 p.
1627 2149 1769 2210 510.
1827 2171 2010 2231 σπερ-

214 2249 523 2335 μολόγους
583 2250 729 2320 τοὺς
786 2251 946 2313 κατὰ
990 2250 1102 2319 τὰς
1146 2251 1381 2335 ἀγορὰς
1424 2251 1529 2314 καὶ
1571 2251 1716 2321 τοὺς
1761 2250 2010 2331 λιμένας

335 2450 426 2507 [43]
473 2449 681 2492 Similiter
711 2449 860 2492 Latini
891 2463 1067 2505 spegma
1099 2450 1213 2491 aeris
1243 2450 1468 2505 paleam
1506 2450 1667 2492 dicunt.
1706 2474 1765 2482 —-
1823 2449 2010 2491 Glossae

217 2515 411 2552 veteres:
470 2505 686 2562 Κήδαλον
716 2522 916 2564 penae,
959 2514 1004 2549 et
1041 2508 1227 2549 Penae
1268 2504 1481 2562 κήδαλον.
1513 2507 1811 2563 significantur
1840 2521 2008 2564 pennae

217 2583 251 2610 s.
283 2568 438 2625 pinnae
469 2568 696 2624 spicarum.
756 2566 938 2607 Festuse
979 2566 1275 2607 Pennatas
1315 2566 1790 2622 impennatasque
1829 2579 2008 2620 agnas

216 2629 272 2670 in
328 2625 548 2669 Saliari
610 2625 861 2667 carmine
923 2623 1115 2679 spicas
1164 2624 1486 2679 significat
1543 2640 1658 2667 cum
1708 2624 1906 2667 aristis
1955 2630 2009 2667 et

217 2686 362 2729 alias
404 2686 519 2727 sine
555 2684 770 2726 aristis.
841 2682 1082 2725 Aristarum
1123 2682 1289 2737 glumas
1331 2682 1493 2725 Graeci
1529 2682 1784 2732 θυλακίδας
1821 2688 2007 2734 vocant3

216 2740 363 2795 θύλαξ
403 2747 546 2786 autem
582 2743 761 2785 latinum
798 2741 939 2794 follis3
993 2750 1042 2783 ut
1088 2738 1262 2799 θερμός
1297 2742 1457 2784 fotmus
1497 2748 1581 2784 etc.
1633 2741 1747 2784 unde
1794 2740 2007 2791 deffinire,

217 2805 331 2860 quod
359 2802 528 2845 -Lexica
559 2802 783 2854 omittunt,
831 2815 900 2857 ap.
931 2800 1202 2842 Ambrosium
1233 2800 1286 2842 de
1316 2800 1472 2843 viduis
1500 2815 1544 2857 p.
1578 2798 1676 2843 142.
1707 2800 1764 2843 Τ.
1795 2800 1832 2841 Ι.
1863 2798 2001 2841 Basil.

220 2862 572 2918 gementibus
617 2861 766 2903 areis
814 2873 967 2916 quum
1013 2859 1275 2901 caeditur
1324 2858 1549 2915 messis,
1599 2861 1872 2901 frumenta
1910 2857 2007 2899 de-

220 2921 468 2964 folliunt.
528 2919 720 2962 Indidem
752 2919 923 2961 ductum
952 2918 1130 2959 verbum
1158 2918 1368 2971 follico‚
1414 2917 1526 2974 quod
1565 2917 1752 2959 Glossae
1788 2917 2003 2973 interpre—

218 2986 367 3022 tantur
407 2979 794 3032 διασαλακωνίζω,
836 2976 1094 3033 proprieque
1124 2976 1282 3018 dicitur
1312 2977 1366 3018 de
1397 2976 1557 3028 calceo,
1587 2977 1632 3018 in
1662 2989 1746 3032 quo
1778 2989 1855 3032 pes
1881 2978 2007 3016 natat

219 3053 261 3081 v.
291 3038 518 3081 Heindorf.
551 3037 607 3079 ad
636 3038 744 3080 Hor.
775 3037 870 3078 Sat.
900 3035 934 3077 Ι.
965 3033 1007 3077 3.
1037 3034 1108 3080 32.
1164 3035 1345 3077 Salmas.
1377 3035 1434 3077 ad
1464 3034 1650 3077 Tertull.
1681 3033 1793 3076 Pall.
1822 3049 1868 3090 p.
1905 3033 2002 3075 198.

337 3136 431 3194 [⁴⁴]
464 3152 506 3180 v.
539 3137 676 3181 Liebe
706 3138 839 3181 Goth.
871 3112 998 3180 Num.
1029 3150 1071 3191 p.
1106 3135 1200 3177 190.
1238 3135 1481 3192 spanheim.
1510 3135 1676 3178 Praese.
1707 3135 1741 3177 1.
1771 3133 1871 3178 317.
1902 3132 2004 3179 323.

224 3196 505 3241 Granunatici
554 3197 679 3253 hujus
728 3195 962 3253 pleonasmi
1009 3199 1182 3252 praeter
1230 3194 1361 3250 σίβδη
1400 3194 1595 3250 exempla
1634 3194 1759 3250 plura
1800 3193 2004 3244 afferunt,

221 3251 371 3310 βδύω,
428 3251 649 3312 ἀλιβδὺω,
703 3253 866 3311 ἀβδής,
919 3253 1212 3312 ἀμφιςβητεῖν
1261 3253 1395 3309 (quod
1435 3252 1648 3309 ineptum)
1699 3252 1845 3294 Schol.
1893 3251 2001 3306 Lyc.
2057 3263 2066 3270 ’
2145 3261 2148 3268 “

227 3313 354 3357 1102.
384 3314 511 3356 Hort.
541 3315 679 3358 Adon.
711 3331 751 3372 p.
786 3314 852 3357 13.
885 3329 932 3357 a.·
954 3312 1200 3368 Hesychius
1229 3316 1444 3372 Σίμβραι,
1475 3312 1598 3370 ῥοιαί
1607 3313 1801 3364 Αἰολεῖς,
1832 3325 1886 3354 ex
1917 3323 1999 3366 quo

226 3372 406 3428 colligas
435 3387 517 3415 non
549 3373 715 3417 literam
745 3380 773 3428 β
804 3374 877 3417 sed
910 3372 938 3414 δ
967 3371 1168 3414 insertam
1200 3385 1304 3413 esse.
1960 3373 1964 3377 ’
