2150 3814
815 231 1269 278 carnion.
1812 225 1936 286 963

144 365 403 427 leurie
446 376 602 427 aus.
674 364 952 440 Diese,
993 365 1146 426 auf
1171 365 1215 427 S
1235 375 1551 426 ternen-
1595 362 1747 425 und
1793 366 1852 427 D
1872 370 1937 428 {i-

143 463 709 525 monendien·st
745 464 1252 527 hinweisend
1296 462 1529 525 leben
1581 464 1660 524 in
1704 464 1940 525 hefti-

141 583 283 642 gen
339 564 599 624 Streit
653 566 797 625 mit
845 567 1087 645 jenen
1114 565 1534 648 (Orpheus
1590 577 1742 625 von
1790 564 1938 626 den

139 662 578 726 Maenaden
618 666 1058 745 zerrissen)
1100 666 1255 728 und
1299 663 1620 727 werden
1659 666 1742 724 in
1789 664 1936 728 den

137 765 466 843 spatern
535 783 696 825 sam
717 767 1278 827 othracischen
1346 765 1497 827 und
1557 765 1936 828 eleusini-

135 863 374 923 schen
460 863 788 926 Weihen
888 864 1601 944 achtungswiirdig
1688 865 1726 925 d
1746 866 1934 927 ure-h

133 962 765 1044 Entsfihnungen
873 965 1029 1026 und
1135 964 1935 1026 Unsterblichkeits-

134 1063 210 1142 gl
225 1082 263 1123 a
277 1083 318 1123 u
332 1063 373 1124 b
388 1084 424 1123 e
438 1083 479 1123 n
532 1074 652 1124 etc.
709 1064 924 1147 (Ideen
979 1078 1060 1124 zu
1106 1065 1287 1124 einer
1341 1063 1939 1142 Kunstmythologie

134 1181 198 1243 p.
246 1163 370 1245 19.)
412 1163 485 1224 Si
529 1165 628 1226 vir
671 1164 1103 1229 celeberrimus
1141 1163 1599 1224 sciscitantibus
1627 1163 1792 1223 unde
1820 1165 1932 1225 has

131 1269 339 1324 tantas
380 1282 480 1324 res
524 1272 588 1323 et
630 1267 902 1326 maxime
944 1265 1118 1326 illam
1137 1264 1500 1328 doctrinam
1525 1261 1932 1325 Caucasio-

133 1362 187 1423 Ο
202 1383 235 1422 r
247 1383 291 1444 p
306 1364 389 1423 hi
401 1383 435 1424 c
447 1382 485 1427 a
498 1383 560 1424 m
622 1367 959 1447 accepisset
971 1408 991 1441 ‚
1048 1364 1307 1426 candide
1365 1362 1743 1447 respondere
1799 1364 1931 1427 vel-

130 1462 218 1522 let
231 1505 250 1537 ‚
303 1464 422 1525 hoc
475 1466 610 1526 sine
662 1465 854 1526 dubio
900 1466 1159 1542 diceret,
1201 1485 1273 1527 se
1315 1484 1511 1546 neque
1552 1467 1710 1527 scire
1754 1465 1932 1546 quid-

129 1582 316 1644 quam
384 1565 606 1625 harum
675 1586 883 1627 rerum
940 1586 1140 1647 neque
1196 1567 1578 1646 quaesivisse
1634 1585 1928 1646 unquam,

129 1662 242 1723 sed
297 1663 563 1724 scribere
619 1685 687 1726 se
741 1668 898 1728 talia
952 1667 1036 1727 ad
1093 1667 1564 1726 oblectationem
1623 1667 1928 1726 lectorum

131 1763 523 1842 elegantium,
567 1767 790 1845 quihus
834 1767 1015 1827 facile
1056 1765 1418 1846 persuaderi
1460 1783 1646 1845 posse
1689 1774 1760 1825 ut
1793 1785 1930 1843 my-

125 1865 317 1924 steria
371 1863 641 1945 Orphica
695 1867 824 1926 illic
878 1876 1018 1926 orta
1074 1865 1326 1926 credant
1338 1909 1355 1938 ‚
1411 1863 1520 1923 ubi
1577 1873 1643 1923 to
1651 1874 1779 1925 tum
1824 1886 1926 1943 ge-

128 1981 245 2023 nus
289 1963 625 2025 humanum
638 2009 656 2039 ‚
700 1967 766 2026 in
811 1963 1103 2028 Caucaso.
1161 1965 1491 2050 Postremo>
1528 1965 1732 2028 fateor
1773 1967 1929 2027 mihi

127 2083 385 2144 prorsus
427 2066 814 2146 incomperta
856 2086 991 2128 esse
1006 2111 1023 2142 ‚
1077 2085 1234 2146 quae
1278 2066 1564 2142 Heynius
1606 2075 1817 2125 narrat
1860 2069 1928 2126 in

131 2163 326 2223 Ser-m.
360 2166 569 2240 symb.
613 2168 837 2247 interp.
883 2165 1120 2227 Comm.
1170 2166 1373 2224 Goett.
1417 2165 1582 2224 XVI.
1625 2166 1768 2224 317..
1814 2186 1925 2225 re-

130 2264 470 2343 ligiones
502 2265 934 2327 Bacchicas
972 2285 1017 2327 a
1052 2265 1489 2326 Thracibus
1536 2264 1631 2325 ad
1666 2265 1797 2325 Pel
1815 2285 1925 2326 as-

129 2383 264 2443 gos
335 2377 411 2425 et
479 2367 864 2430 Hellenes
933 2373 1425 2448 propagatas
1485 2375 1775 2446 postea
1832 2366 1926 2426 ab

130 2463 445 2545 Orpheo
492 2466 586 2525 ad
630 2469 1026 2526 saniorem
1082 2469 1479 2529 rationem
1536 2464 1926 2531 adductas

130 2585 165 2625 e
179 2583 208 2625 s
223 2583 252 2626 s
269 2586 319 2625 e.
423 2567 491 2627 Si
547 2569 778 2646 graecis
837 2566 1186 2627 auctoribus
1246 2566 1616 2627 credendum
1664 2578 1758 2628 est
1771 2612 1789 2642 ‚
1833 2568 1925 2627 fa-

129 2665 383 2726 bulosus
426 2667 533 2726 ille
578 2667 861 2749 Orpheus
905 2685 1077 2726 sacra
1119 2667 1414 2726 Bacchica
1467 2668 1706 2747 primus
1749 2668 1925 2726 insti-

130 2768 250 2827 tuit
264 2810 281 2840 ,
342 2785 467 2827 non
525 2767 602 2827 ab
659 2769 798 2828 aliis
856 2768 1139 2826 instituta
1209 2767 1287 2825 ad
1359 2769 1665 2826 saniorem
1735 2768 1923 2825 ratio-

134 2884 274 2926 nem
333 2866 611 2927 adduxit.
717 2868 785 2928 Si
844 2866 1234 2948 disciplinam
1297 2868 1630 2948 Orphicam
1690 2875 1751 2926 et
1795 2885 1923 2925 car-

131 2967 367 3027 minum
430 2969 722 3048 reliquias
788 2967 1245 3028 consideramus
1262 3012 1278 3042 ,
1364 2968 1476 3027 illa
1535 2968 1924 3028 castimonia-

131 3084 268 3126 rum
314 3071 751 3147 superstitione
796 3072 1158 3144 continetur,
1206 3088 1363 3148 quae
1408 3068 1556 3147 quid
1602 3067 1682 3128 ad
1719 3087 1927 3126 emen-

133 3162 446 3227 dationem
492 3170 854 3249 religionum
893 3171 1326 3231 Bacchicarum
1372 3169 1697 3242 valuerint,
1739 3185 1924 3228 nemo

133 3264 416 3342 intelligit
429 3309 448 3340 ‚
490 3270 611 3330 nisi
654 3271 817 3332 forte
860 3280 1190 3353 praecepto
1235 3270 1344 3328 illo
1360 3312 1376 3342 ,
1433 3268 1599 3348 quod
1643 3269 1925 3328 homines

136 3363 505 3426 animalibus
549 3374 714 3430 vesci
759 3372 1064 3451 prohibet,
1111 3370 1533 3449 omophagiae
1567 3387 1747 3429 usum
1784 3367 1930 3425 sub-

1426 3469 1503 3528 12
1551 3472 1585 3512 *
