2150 3814
145 155 269 218 936.
673 167 910 212 Linea
957 166 1392 213 SECUNDUS-

145 297 524 381 θαυμαστόν
568 323 719 381 φησι
764 300 1121 383 Λαμάσκιος
1176 308 1230 364 εἲ
1281 301 1386 364 καὶ
1438 301 1638 383 ψυχαὶ
1690 301 1922 363 καθαί-

149 424 365 482 ρονται
409 402 475 463 ἐν
519 398 722 481 τούτῳ
763 407 855 480 τῷ
897 399 1101 481 κύκλῳ
1163 408 1271 480 τῆς
1330 405 1398 465 ἐν
1451 388 1703 486 οὐρανῷ
1757 403 1925 486 γενέ-

151 522 302 570 σεως
344 536 456 561 —-.
558 498 768 558 Redeo
811 498 895 558 ad
938 509 1176 579 septem
1218 500 1359 559 illos
1402 499 1927 584 κοσμοκράτορας,

149 618 407 679 quorum
454 608 516 658 et
557 617 847 658 numerus
893 601 1130 658 eximia
1171 600 1464 677 religione
1505 599 1824 682 praeditus
1871 610 1934 658 et

147 701 400 758 nomina
444 717 481 756 a
525 696 644 756 diis
689 700 987 758 translata
1030 690 1414 778 Theosopliis
1463 702 1797 780 plurimam
1840 699 1933 759 fa-

148 796 405 857 bulandi
491 799 817 857 materiam
905 799 1336 880 praebuerunt.
1460 799 1788 859 Kircherus
1868 802 1933 858 in

147 897 411 957 Arithm.
465 915 528 978 p.
584 898 727 957 273.
812 882 1243 973 „Numerus
1302 901 1802 978 septenarius
1858 901 1936 956 in

151 997 564 1075 superiore
599 998 878 1058 mundo
922 1010 1290 1080 septenos
1335 1001 1736 1080 principes
1779 999 1940 1078 spi-

151 1098 353 1155 ritus
396 1097 474 1154 in
521 1096 854 1158 zodiaco
906 1108 1205 1179 septem
1264 1099 1941 1178 configurationes

153 1215 282 1255 seu
353 1195 771 1278 adspectus
841 1201 1271 1277 signorum,
1318 1201 1428 1258 ‘in
1491 1197 1942 1280 planetario

157 1297 382 1355 coelo
428 1307 722 1377 septem
767 1319 1114 1372 erroneS‚
1159 1300 1235 1357 in
1281 1299 1801 1359 elementario
1841 1305 1946 1355 to-

158 1395 396 1456 tidem
453 1398 951 1458 metallorum
1013 1417 1322 1475 genera,
1385 1402 1464 1458 in
1525 1399 1946 1459 microcos-

157 1496 650 1556 mo‘totidem
697 1499 1186 1579 principalia
1230 1499 1569 1559 membra
1606 1534 1690 1542 —
1733 1498 1810 1556 in
1841 1497 1948 1554 in-

159 1606 560 1656 cremento
630 1598 966 1660 hominis
1034 1608 1320 1678 septem
1390 1606 1688 1657 aetates
1747 1620 1834 1641 -*—-
1889 1605 1952 1653 et

161 1706 421 1756 cetera
464 1697 791 1774 frivola,
853 1716 1054 1772 cassa,
1112 1700 1164 1757 si
1212 1699 1463 1759 mollius
1509 1697 1792 1775 accipiaS,
1837 1695 1954 1754 mi-

163 1794 443 1855 seranda.
499 1796 584 1854 Et
628 1809 721 1858 est
763 1810 970 1859 tamen
1013 1799 1166 1858 nihil
1195 1793 1451 1871 ‘horum‚
1495 1795 1660 1876 quod
1703 1813 1830 1854 non
1873 1793 1953 1854 ab

164 1897 434 1976 antiquis
481 1899 798 1976 acceperit.
878 1899 1036 1959 Nam
1080 1899 1334 1958 metalla
1378 1907 1544 1956 certa
1588 1899 1768 1956 certis
1813 1915 1954 1956 con-

165 2006 401 2056 secrata
444 1996 635 2055 fuisse
677 1999 942 2078 planetis
989 2000 1170 2058 docet
1213 1998 1574 2057 Eustathius
1639 1996 1719 2056 ad
1764 1996 1832 2055 Il.
1878 1997 1952 2055 Π.

165 2117 227 2176 p.
274 2095 374 2155 25.
432 2104 524 2178 τῷ
565 2097 715 2179 ἡλίῳ
772 2101 803 2161 ὃ
852 2102 1087 2182 χρυσὸς
1145 2098 1513 2162 ἀνατίθεται
1528 2143 1549 2169 ,
1603 2105 1679 2176 τῇ
1736 2095 1956 2176 σελήνῃ

168 2198 204 2258 ὃ
251 2199 526 2282 ἄργυρος
569 2221 622 2258 κ.
668 2225 720 2259 τ.
768 2208 818 2261 λ.
864 2198 1154 2279 καθάπερ
1201 2203 1267 2260 ἐν
1310 2204 1439 2267 τοῖς
1469 2195 1802 2279 Πινδάρου
1848 2197 1958 2278 φέ-

170 2293 462 2379 ρεται[“’],
507 2315 618 2356 nec
645 2300 848 2359 minus
894 2300 1059 2359 scala
1103 2298 1446 2370 Mithriaca,
1491 2315 1674 2376 quam
1720 2298 1959 2356 intuen-

173 2512 317 2568 ἔχειν,
364 2510 439 2553 καὶ
480 2512 607 2555 τοῦτο
649 2507 764 2554 εἶναι
804 2512 852 2557 τὺ
890 2509 1233 2572 μυθευόμενον,
1276 2508 1334 2559 ὡς
1374 2509 1457 2554 οὐκ
1497 2505 1683 2552 ἄνεισιν.
1747 2506 1838 2551 ἀπὸ
1878 2511 1959 2551 τοῦ

174 2565 350 2627 κόσμου
411 2567 536 2625 ψυχὴ
566 2567 630 2626 μὴ
661 2574 823 2614 σπῶσα
853 2575 932 2615 τοῦ
957 2569 1148 2628 ἸΙραίου
1177 2566 1422 2627 γάλακτος)
1458 2573 1547 2612 εἴτε
1580 2569 1657 2610 καὶ
1687 2562 1826 2610 ἄλλον
1854 2563 1960 2627 τρό-

173 2642 265 2671 πον
294 2627 706 2685 διακοσμηθεῖσαν·
770 2631 912 2686 Vulgo
954 2630 1113 2671 editum
1144 2625 1347 2685 ἀνάγκην
1375 2641 1453 2684 pro
1484 2622 1730 2684 ἀναγωγήν
1767 2633 1812 2667 et
1843 2621 1962 2669 ὑπό-

176 2698 335 2729 στασιν
366 2699 444 2743 pro
475 2683 751 2732 ὑποστιῖσαν.
795 2689 966 2731 Fabula
996 2693 1093 2730 orta
1123 2702 1147 2728 e
1175 2686 1342 2729 nomine
1374 2686 1547 2738 circuli,
1579 2698 1704 2741 quem
1729 2685 1820 2740 jam
1850 2684 1958 2726 Par-

176 2745 365 2788 menides
414 2741 532 2801 γάλα
582 2748 757 2790 vocavit
803 2763 846 2804 p.
891 2747 963 2791 56.
1011 2747 1078 2789 ed.
1126 2746 1310 2801 Peyron.
1361 2746 1472 2787 sicut
1518 2745 1595 2786 illa
1635 2757 1806 2799 quoque
1845 2741 1959 2784 Plin.

177 2804 344 2846 XVIII.
387 2803 459 2846 69.
509 2804 672 2859 hujus
713 2806 916 2848 circuli
960 2805 1206 2847 defluvio
1246 2804 1402 2846 velut
1447 2818 1509 2845 ex
1559 2803 1724 2844 ubere
1759 2800 1961 2856 aliquo

181 2867 376 2904 cuncta
413 2866 532 2904 sata
570 2863 884 2908 lactescere
927 2871 1010 2907 etc.
1692 2871 1694 2874 ’

300 2960 374 3016 [d]
423 2962 519 3004 Hoc
548 2970 613 3006 est
642 2966 685 3008 in
716 2965 902 3008 Scholiis
939 2965 1088 3006 Isthm.
1130 2964 1183 3006 V.
1215 2963 1257 3006 2.
1299 2959 1470 3017 ἑκάστῳ
1511 2962 1601 3003 τῶν
1641 2959 1841 3018 ἀστέρων
1879 2956 1963 3012 ὕλη

182 3036 246 3068 τις
276 3018 514 3077 ἀνάγεται,
556 3021 665 3081 ἡλιῖῳ
695 3025 783 3083 μὲν
813 3021 836 3068 ὁ
857 3021 1050 3082 χρυσὸς,
1094 3018 1254 3080 σελήνῃ
1287 3020 1337 3064 δὲ
1367 3017 1585 3079 ἄργυρος,
1611 3013 1734 3074 ’Ἀρει
1764 3016 1962 3072 σίδηρος,

185 3074 349 3135 Κρόνῳ
378 3076 615 3136 μόλιβδος,
656 3086 735 3126 Διὶ
764 3079 993 3142 ἤλεκτρος,
1031 3079 1170 3139 Ἑρμῇ
1200 3082 1482 3136 κασσίτερος,
1509 3076 1753 3136 Ἀφροδίτῃ
1776 3071 1963 3132 χαλκός,

187 3149 299 3192 quae
328 3137 475 3179 eodem
506 3132 629 3183 modo
661 3156 686 3184 a
716 3141 902 3184 Proculo
930 3139 1094 3182 tradita
1122 3139 1283 3194 repetit
1312 3136 1645 3194 Olympiodorus
1676 3134 1732 3176 ad
1750 3132 1832 3175 III.
1865 3132 1964 3175 Me-

188 3200 296 3236 teor.
336 3209 379 3251 p.
409 3197 478 3238 59.
509 3199 691 3243 Variant
730 3199 992 3242 recentiores
1030 3197 1276 3252 Astrologi,
1324 3196 1423 3239 Jovi
1464 3194 1577 3237 aeris
1617 3192 1846 3235 dominium
1883 3191 1963 3235 tri·

191 3255 394 3307 mentes,
436 3256 572 3299 Marti
602 3259 748 3315 cupri,
792 3257 1008 3302 Mercurio
1038 3255 1208 3311 argenti
1247 3255 1338 3297 vivi
1377 3260 1459 3297 etc.
1503 3252 1676 3308 Fragm.
1720 3250 1878 3293 Astrol.
1921 3249 1964 3291 in

192 3311 391 3356 Thadaei
422 3314 609 3371 Hagecii
637 3319 796 3375 Opusc.
830 3319 936 3360 Ann.
973 3313 1098 3357 1563.
1129 3328 1222 3371 cap.
1254 3315 1303 3355 V.
