2150 3814
201 221 364 283 1066
771 233 1005 279 LIBER
1050 235 1477 280 SECUNDUS.

196 367 340 428 dam
410 368 751 446 symbolico
836 363 1298 445 adspergerent,
1381 366 1568 427 modo
1642 385 1966 448 corporum

195 468 549 529 coelestium
594 469 814 545 figuras
871 465 1060 525 modo
1117 475 1371 526 naturae
1427 470 1590 529 vires
1647 469 1981 531 seminales

195 580 257 629 et
309 570 512 650 prima
575 565 792 627 mundi
843 565 1154 638 ⁴elementa
1208 566 1505 645 placentis
1572 570 1699 628 suis
1756 567 1985 629 adum-2

191 654 453 729 branteS.
539 667 699 726 Nam
744 669 809 725 in
853 667 1242 738 universum,
1298 677 1368 726 ut
1423 667 1822 750 Asclepiades
1880 668 1973 726 di·

192 767 430 840 cithI.
483 766 630 827 489.
687 763 751 826 C.
824 768 882 828 οἱ
933 766 1184 829 παλαιοὶ
1237 767 1318 828 τοὶ
1377 769 1516 851 περὶ
1569 771 1691 849 τὴν·
1743 771 1986 852 ἥμερον,

191 867 434 951 τροφὴν
511 875 763 949 ’πρῶτον
842 865 1317 949 διαταξάμενοι,
1406 866 1770 951 πειθόμενοι
1860 870 1974 932 τὸν

189 966 426 1051 κόσμον
482 968 640 1031 εἶναι
693 967 1087 1051 σφαιροειδῆ,
1145 968 1250 1030 καὶ
1304 967 1383 1029 τοὶ
1444 968 1583 1050 περὶ
1635 968 1751 1048 τὴν
1805 967 1974 1030 ἰδίαν

188 1068 431 1152 τροφὴν
491 1075 595 1151 ’τῷ
660 1070 1001 1152 περιέχοντι
1068 1070 1423 1151 ἀφομοιοῦν
1508 1069 1753 1132 δίκαιον
1821 1069 1986 1131 εἶναι»

191 1168 494 1252 ἐνόμιζον.
583 1170 696 1231 Διὸ
755 1170 860 1232 καὶ
900 1169 1016 1249 τὴν
1057 1167 1372 1251 τράπεζαν
1425 1170 1753 1249 κυκλοειδῆ
1799 1188 1986 1231 κατιε-Ἴ

192 1268 574 1333 σκευάσαντο
635 1270 743 1332 καὶ
805 1270 951 1339 τοὺς
1009 1268 1311 1352 τρίποδας
1380 1270 1487 1332 καὶ
1549 1271 1698 1339 τοὺς
1753 1265 1977 1351 φθόεις

190 1375 570 1451 κυκλοτερεῖς
613 1370 718 1430 καὶ
774 1371 1034 1452 ἀστέρας
1078 1372 1362 1448 ἔχοντας,
1420 1371 1528 1439 οὓς
1571 1369 1678 1431 καὶ
1720 1377 1979 1431 καλοῦσι

194 1468 447 1550 σελήνας
473 1463 566 1548 [¹].
614 1469 739 1531 Καὶ
780 1469 894 1531 τὸν
939 1471 1133 1551 ἄρτον
1178 1467 1473 1532 ἐκάλεσαν
1517 1469 1613 1530 ὅτι
1654 1475 1784 1530 τῶν
1830 1484 1978 1547 σχη-

189 1570 410 1654 μάτων
455 1569 487 1632 ὃ
533 1567 753 1639 κύκλος
798 1565 1170 1652 ἀπήρτισται
1225 1569 1331 1630 καὶ
1385 1571 1511 1631 ἔστι
1564 1570 1817 1638 τέλειος·
1874 1569 1982 1631 καὶ

189 1674 260 1736 τὸ
318 1669 615 1754 ποτήριον
671 1667 788 1733 οὗν
843 1669 1200 1753 κυκλοτερὲς
1245 1669 1540 1749 ἐποίησαν
1582 1668 1743 1732 κατὰ
1785 1668 1976 1750 μίμη-

189 1797 283 1858 μα
324 1780 437 1836 τοῦ
480 1770 718 1853 κόσμου
740 1767 815 1850 [¹³]
879 1768 1066 1847 idque
1124 1768 1203 1827 ad
1260 1770 1491 1829 huncce
1549 1768 1715 1829 diem
1771 1778 1981 1831 sancte

192 1873 556 1934 observatur
606 1889 734 1929 non
790 1869 992 1929 solum
1049 1871 1112 1927 in
1173 1870 1343 1942 ollis,
1400 1872 1662 1950 patiniS,
1719 1870 1980 1951 poculis,

190 1992 452 2054 quorum
535 1971 801 2029 formam
884 1968 1290 2046 symbolicam
1375 1972 1624 2051 copiose
1695 1971 1981 2050 exposuit

192 2070 532 2133 Creuzerus
575 2073 642 2129 in
684 2071 1002 2145 Dionyse,
1062 2069 1173 2128 sed
1218 2072 1405 2129 etiam
1447 2073 1514 2129 in
1557 2079 1691 2130 tota
1726 2070 1978 2129 libatio-

188 2189 327 2230 rum
371 2169 634 2244 fabrica,
693 2188 951 2251 quorum
997 2169 1271 2250 spirulae
1327 2179 1390 2228 et
1444 2159 1676 2247 globuli
1719 2170 1981 2250 pastilli-

192 2290 309 2352 que
356 2271 502 2350 (κᾶν
544 2270 836 2356 μυριάκις
877 2296 970 2341 τις
1011 2269 1344 2353 ἀπιστήσῃ)
1386 2290 1591 2331 rerum
1619 2270 1978 2330 coelestium

200 2496 214 2512 ²
190 2495 363 2551 ηκαλὴ
392 2513 565 2556 παροιμ
532 2501 617 2555 μία
654 2499 761 2551 βοῦς
800 2496 1004 2555 ἕβδομος.
1065 2500 1293 2553 ΙΙέμματα
1336 2494 1522 2552 σελήνης
1560 2498 1604 2540 in
1643 2511 1767 2540 sacro
1807 2497 1975 2554 magico

194 2556 387 2614 Alciphr.
416 2556 476 2598 Π.
505 2556 592 2613 Ep.
622 2556 699 2598 IV.
734 2557 788 2598 cf.
819 2557 1026 2611 Wagner.
1058 2570 1099 2612 p.
1130 2554 1230 2597 358.

314 2640 362 2699 [i
377 2644 394 2699 ]
439 2642 603 2685 Differt
631 2643 740 2686 haec
770 2641 982 2684 sententia
1012 2642 1067 2683 ab
1099 2656 1175 2695 ea,
1218 2657 1342 2698 quam
1383 2644 1503 2700 prius
1545 2644 1695 2696 attuli,
1736 2644 1820 2686 uisi
1861 2645 1975 2686 forte

192 2704 419 2773 placentae
447 2702 559 2744 istae
589 2708 634 2745 et
662 2702 835 2744 lunatae
863 2703 1036 2743 fuerunt
1074 2707 1117 2743 et
1147 2700 1360 2744 stellatae.
1420 2703 1581 2745 Anecd.
1623 2702 1762 2745 Bekk.
1804 2718 1845 2760 p.
1876 2700 1975 2745 354.

193 2763 326 2833 αἴγλη
356 2759 383 2815 ἡ
414 2765 554 2805 θυσία
584 2758 611 2816 ἡ
641 2759 767 2837 ὑπὲρ
786 2763 866 2805 τοῦ
897 2761 1213 2830 κατακλυσμοῦ
1244 2774 1280 2803 ει
1268 2763 1306 2810 ῗς
1335 2759 1548 2818 Δελφοὺς
1586 2761 1855 2819 ἀπαγομένη
1896 2763 1974 2804 καὶ

195 2817 408 2864 ποπάνου
438 2836 480 2862 τι
510 2814 631 2869 εἶδος
660 2820 711 2864 ἓν
740 2837 767 2880 η
792 2815 1084 2863 διεπλάσσετο
1116 2818 1281 2861 εἴδωλα
1311 2822 1387 2863 καὶ
1418 2818 1623 2875 ἠσελήνη
1653 2822 1730 2863 καὶ
1761 2821 1895 2876 ζυγοῦ
1923 2817 1972 2863 τὸ

194 2883 466 2938 περίμεσον,
514 2893 694 2935 quarum
732 2893 874 2921 rerum
914 2878 1082 2933 figurae
1124 2877 1335 2947 placentis
1381 2879 1514 2935 sigilli
1557 2878 1681 2922 modo
1718 2878 1974 2934 impressae,

193 2939 306 2981 sicut
334 2952 446 2980 nunc
476 2951 647 2994 quoque
677 2938 866 2981 Oblatae
894 2939 1032 2980 forma
1061 2938 1201 2979 crucis
1229 2938 1468 2993 signantur.
1502 2939 1555 2980 cf.
1581 2937 1738 2993 Angeli
1750 2937 1973 2980 Euchirid

196 2997 251 3039 de
279 3002 397 3040 statu
427 2997 636 3040 Graecor.
667 3012 710 3055 p.
741 2997 842 3040 205.
873 3011 936 3053 sq.

314 3098 387 3155 [k]
441 3099 648 3142 Similiter
697 3105 868 3142 veteres
898 3098 1121 3154 ’ΤΙιθοΙοςί
1170 3099 1318 3155 templi
1361 3097 1745 3168 IJierosolynnitani
1786 3113 1974 3143 mensam

196 3157 402 3201 facierum
432 3159 794 3214 interpretantur,
837 3159 958 3214 cujus
986 3157 1159 3214 planum
1199 3163 1342 3200 terrae
1380 3159 1522 3213 imago
1565 3163 1654 3211 est,
1694 3157 1827 3214 pedes
1867 3171 1971 3214 qua-

194 3223 295 3260 tuor
325 3216 424 3259 anni
463 3222 743 3272 tempestates
786 3221 1133 3275 repraesentant,
1174 3216 1395 3273 longitudo
1437 3217 1658 3259 duodecim
1699 3216 1854 3274 pedum
1894 3231 1974 3260 nu-

194 3288 310 3318 mero
340 3274 545 3319 mensium
579 3277 810 3332 respondet
850 3276 1046 3319 Clemens
1084 3276 1240 3318 Strom.
1282 3275 1336 3319 V.
1377 3275 1476 3318 279.
1519 3276 1575 3317 cf
1615 3276 1666 3321 Ρ.
1709 3275 1855 3319 Faber
1892 3275 1971 3316 Se-

194 3334 846 3390 mestr.1..111.p.408.1‹3t
875 3335 1134 3378 Plutarchus
1164 3335 1318 3409 Symp
1341 3335 1442 3381 VII.
1475 3334 1655 3387 Quaest
1687 3334 1764 3378 IV.
1797 3334 1837 3376 7.
1868 3334 1972 3393 ἐμοὶ

197 3393 245 3437 'sl'
276 3389 420 3437 ἐδόκει
453 3394 529 3435 καὶ
557 3397 741 3451 μίμημα
771 3397 846 3447 τῆς
873 3396 954 3451 γῆς
987 3411 1013 3435 r
1044 3389 1235 3452 τράπεζα
1275 3408 1311 3436 ει
1300 3389 1402 3436 ‘vac
