<?xml version="1.0" encoding="UTF-8"?>
<!DOCTYPE html PUBLIC "-//W3C//DTD XHTML 1.0 Transitional//EN"
    "http://www.w3.org/TR/xhtml1/DTD/xhtml1-transitional.dtd">
<html xmlns="http://www.w3.org/1999/xhtml" xml:lang="en" lang="en">
 <head>
  <title>
</title>
<meta http-equiv="Content-Type" content="text/html;charset=utf-8" />
  <meta name='ocr-system' content='tesseract 3.04.00' />
  <meta name='ocr-capabilities' content='ocr_page ocr_carea ocr_par ocr_line ocrx_word'/>
</head>
<body>
  <div class='ocr_page' id='page_1' title='image "./aglaophamussived02lobeuoft_0288.png"; bbox 0 0 2150 3814; ppageno 0'>
   <div class='ocr_carea' id='block_1_1' title="bbox 183 187 1446 251">
    <p class='ocr_par' dir='ltr' id='par_1_1' title="bbox 183 187 1446 251">
     <span class='ocr_line' id='line_1_1' title="bbox 183 187 1446 251; baseline -0.009 -2"><span class='ocrx_word' id='word_1_1' title='bbox 183 187 348 251; x_wconf 83' lang='lat'>1064</span> <span class='ocrx_word' id='word_1_2' title='bbox 740 199 976 243; x_wconf 79' lang='lat' dir='ltr'>LIBER</span> <span class='ocrx_word' id='word_1_3' title='bbox 1019 197 1446 242; x_wconf 72' lang='lat' dir='ltr'>SECUNDUS.</span> 
     </span>
    </p>
   </div>
   <div class='ocr_carea' id='block_1_2' title="bbox 178 323 1997 3402">
    <p class='ocr_par' dir='ltr' id='par_1_2' title="bbox 178 323 1978 1111">
     <span class='ocr_line' id='line_1_2' title="bbox 180 323 1958 411; baseline -0.004 -20"><span class='ocrx_word' id='word_1_4' title='bbox 180 328 513 391; x_wconf 86' lang='lat' dir='ltr'>emendans</span> <span class='ocrx_word' id='word_1_5' title='bbox 581 347 694 408; x_wconf 91' lang='lat' dir='ltr'>pro</span> <span class='ocrx_word' id='word_1_6' title='bbox 765 327 1035 411; x_wconf 76' lang='grc' dir='ltr'><em>τράγον,</em></span> <span class='ocrx_word' id='word_1_7' title='bbox 1109 326 1275 406; x_wconf 91' lang='lat' dir='ltr'>quod</span> <span class='ocrx_word' id='word_1_8' title='bbox 1345 323 1958 401; x_wconf 86' lang='lat' dir='ltr'>Schweighaeuserus</span> 
     </span>
     <span class='ocr_line' id='line_1_3' title="bbox 178 424 1966 514; baseline -0.006 -23"><span class='ocrx_word' id='word_1_9' title='bbox 178 450 294 514; x_wconf 89' lang='lat' dir='ltr'>pro</span> <span class='ocrx_word' id='word_1_10' title='bbox 382 429 755 509; x_wconf 86' lang='lat' dir='ltr'>imperativo</span> <span class='ocrx_word' id='word_1_11' title='bbox 845 428 1060 486; x_wconf 89' lang='lat' dir='ltr'>aoristi</span> <span class='ocrx_word' id='word_1_12' title='bbox 1146 428 1397 507; x_wconf 88' lang='lat' dir='ltr'>accepit.</span> <span class='ocrx_word' id='word_1_13' title='bbox 1478 426 1757 504; x_wconf 74' lang='grc' dir='ltr'><em>Ἀχαΐνης</em></span> <span class='ocrx_word' id='word_1_14' title='bbox 1830 424 1966 508; x_wconf 70' lang='lat' dir='ltr'>sive</span> 
     </span>
     <span class='ocr_line' id='line_1_4' title="bbox 184 520 1971 611; baseline -0.008 -18"><span class='ocrx_word' id='word_1_15' title='bbox 184 529 465 611; x_wconf 80' lang='grc' dir='ltr'><em>ἄχαιίνης</em></span> <span class='ocrx_word' id='word_1_16' title='bbox 537 532 635 610; x_wconf 88' lang='lat' dir='ltr'>(v.</span> <span class='ocrx_word' id='word_1_17' title='bbox 692 527 954 586; x_wconf 83' lang='lat' dir='ltr'>Passow</span> <span class='ocrx_word' id='word_1_18' title='bbox 1022 523 1225 584; x_wconf 87' lang='lat' dir='ltr'>Ueber</span> <span class='ocrx_word' id='word_1_19' title='bbox 1292 524 1520 604; x_wconf 87' lang='lat' dir='ltr'>Zweck</span> <span class='ocrx_word' id='word_1_20' title='bbox 1582 523 1691 582; x_wconf 90' lang='lat' dir='ltr'>der</span> <span class='ocrx_word' id='word_1_21' title='bbox 1749 520 1971 600; x_wconf 84' lang='lat' dir='ltr'>griech.</span> 
     </span>
     <span class='ocr_line' id='line_1_5' title="bbox 181 622 1977 706; baseline -0.004 -15"><span class='ocrx_word' id='word_1_22' title='bbox 181 627 606 691; x_wconf 76' lang='lat' dir='ltr'>Wo&#39;rterbiich.</span> <span class='ocrx_word' id='word_1_23' title='bbox 652 646 711 705; x_wconf 88' lang='lat' dir='ltr'>p.</span> <span class='ocrx_word' id='word_1_24' title='bbox 742 626 871 706; x_wconf 87' lang='grc'>81.)</span> <span class='ocrx_word' id='word_1_25' title='bbox 916 626 1213 702; x_wconf 87' lang='lat' dir='ltr'>significat</span> <span class='ocrx_word' id='word_1_26' title='bbox 1257 627 1508 705; x_wconf 76' lang='grc' dir='ltr'><em>ἔλαφον,</em></span> <span class='ocrx_word' id='word_1_27' title='bbox 1556 622 1724 703; x_wconf 92' lang='lat' dir='ltr'>quod</span> <span class='ocrx_word' id='word_1_28' title='bbox 1762 624 1977 702; x_wconf 85' lang='lat' dir='ltr'>ipsum</span> 
     </span>
     <span class='ocr_line' id='line_1_6' title="bbox 183 724 1974 807; baseline -0.003 -18"><span class='ocrx_word' id='word_1_29' title='bbox 183 729 302 789; x_wconf 89' lang='lat' dir='ltr'>fuit</span> <span class='ocrx_word' id='word_1_30' title='bbox 343 728 662 807; x_wconf 83' lang='lat' dir='ltr'>placentae</span> <span class='ocrx_word' id='word_1_31' title='bbox 706 744 914 784; x_wconf 86' lang='lat' dir='ltr'>sacrae</span> <span class='ocrx_word' id='word_1_32' title='bbox 957 743 1183 784; x_wconf 88' lang='lat' dir='ltr'>nomen</span> <span class='ocrx_word' id='word_1_33' title='bbox 1228 726 1524 805; x_wconf 80' lang='grc' dir='ltr'>(πλακοῦς</span> <span class='ocrx_word' id='word_1_34' title='bbox 1567 724 1600 785; x_wconf 83' lang='grc' dir='ltr'><em>ὃ</em></span> <span class='ocrx_word' id='word_1_35' title='bbox 1633 728 1761 792; x_wconf 85' lang='grc' dir='ltr'><em>τοῖς</em></span> <span class='ocrx_word' id='word_1_36' title='bbox 1798 724 1974 787; x_wconf 83' lang='grc' dir='ltr'><em>Ἐλα-</em></span> 
     </span>
     <span class='ocr_line' id='line_1_7' title="bbox 182 821 1975 912; baseline -0.007 -22"><span class='ocrx_word' id='word_1_37' title='bbox 182 825 511 912; x_wconf 81' lang='grc' dir='ltr'><em>φηβολίοις</em></span> <span class='ocrx_word' id='word_1_38' title='bbox 576 822 1126 904; x_wconf 60' lang='grc' dir='ltr'><em>ἀναπλασσόμενος</em></span> <span class='ocrx_word' id='word_1_39' title='bbox 1182 823 1404 883; x_wconf 86' lang='lat' dir='ltr'><strong>Athen.</strong></span> <span class='ocrx_word' id='word_1_40' title='bbox 1446 822 1622 884; x_wconf 85' lang='lat' dir='ltr'>XIV.</span> <span class='ocrx_word' id='word_1_41' title='bbox 1677 821 1821 882; x_wconf 82' lang='lat'>646.</span> <span class='ocrx_word' id='word_1_42' title='bbox 1876 821 1975 896; x_wconf 91' lang='grc' dir='ltr'>Ε.)</span> 
     </span>
     <span class='ocr_line' id='line_1_8' title="bbox 186 919 1978 1009; baseline -0.006 -23"><span class='ocrx_word' id='word_1_43' title='bbox 186 945 300 986; x_wconf 91' lang='lat' dir='ltr'>nec</span> <span class='ocrx_word' id='word_1_44' title='bbox 341 924 529 987; x_wconf 87' lang='lat' dir='ltr'>video</span> <span class='ocrx_word' id='word_1_45' title='bbox 577 943 682 983; x_wconf 90' lang='lat' dir='ltr'>cur</span> <span class='ocrx_word' id='word_1_46' title='bbox 723 942 850 983; x_wconf 93' lang='lat' dir='ltr'>non</span> <span class='ocrx_word' id='word_1_47' title='bbox 890 922 1060 982; x_wconf 90' lang='lat' dir='ltr'>idem</span> <span class='ocrx_word' id='word_1_48' title='bbox 1101 921 1330 1009; x_wconf 78' lang='grc' dir='ltr'><em>τράγος</em></span> <span class='ocrx_word' id='word_1_49' title='bbox 1375 919 1499 980; x_wconf 90' lang='lat' dir='ltr'>dici</span> <span class='ocrx_word' id='word_1_50' title='bbox 1542 922 1774 1003; x_wconf 83' lang='lat' dir='ltr'>possit,</span> <span class='ocrx_word' id='word_1_51' title='bbox 1820 920 1978 979; x_wconf 84' lang='lat' dir='ltr'>sicut</span> 
     </span>
     <span class='ocr_line' id='line_1_9' title="bbox 189 1022 1675 1111; baseline -0.004 -24"><span class='ocrx_word' id='word_1_52' title='bbox 189 1026 420 1087; x_wconf 87' lang='lat' dir='ltr'>animal</span> <span class='ocrx_word' id='word_1_53' title='bbox 463 1024 816 1084; x_wconf 87' lang='lat' dir='ltr'>fabulosum</span> <span class='ocrx_word' id='word_1_54' title='bbox 857 1026 1244 1111; x_wconf 71' lang='grc' dir='ltr'><em>τραγέλαφος</em></span> <span class='ocrx_word' id='word_1_55' title='bbox 1288 1022 1530 1082; x_wconf 90' lang='lat' dir='ltr'>dicitur.</span> <span class='ocrx_word' id='word_1_56' title='bbox 1669 1084 1675 1089; x_wconf 72' lang='grc'><strong><em>,</em></strong></span> 
     </span>
    </p>

    <p class='ocr_par' dir='ltr' id='par_1_3' title="bbox 191 1116 1992 2308">
     <span class='ocr_line' id='line_1_10' title="bbox 325 1116 1982 1205; baseline -0.004 -16"><span class='ocrx_word' id='word_1_57' title='bbox 325 1125 709 1195; x_wconf 77' lang='grc' dir='ltr'><em>’Βασυνίας·</em></span> <span class='ocrx_word' id='word_1_58' title='bbox 771 1129 837 1188; x_wconf 79' lang='grc' dir='ltr'>ἐν</span> <span class='ocrx_word' id='word_1_59' title='bbox 890 1133 965 1204; x_wconf 77' lang='grc' dir='ltr'><em>τῇ</em></span> <span class='ocrx_word' id='word_1_60' title='bbox 1007 1133 1115 1203; x_wconf 80' lang='grc' dir='ltr'><em>τῆς</em></span> <span class='ocrx_word' id='word_1_61' title='bbox 1150 1122 1413 1202; x_wconf 81' lang='grc' dir='ltr'><em>Ἑκάτης,</em></span> <span class='ocrx_word' id='word_1_62' title='bbox 1451 1120 1622 1205; x_wconf 81' lang='grc' dir='ltr'><em>νήσῳ</em></span> <span class='ocrx_word' id='word_1_63' title='bbox 1674 1127 1749 1200; x_wconf 77' lang='grc' dir='ltr'><em>τῇ</em></span> <span class='ocrx_word' id='word_1_64' title='bbox 1797 1116 1982 1200; x_wconf 70' lang='grc' dir='ltr'><em>Ἴριδι</em></span> 
     </span>
     <span class='ocr_line' id='line_1_11' title="bbox 191 1217 1982 1307; baseline -0.005 -18"><span class='ocrx_word' id='word_1_65' title='bbox 191 1224 428 1289; x_wconf 78' lang='grc' dir='ltr'><em>θύουσι</em></span> <span class='ocrx_word' id='word_1_66' title='bbox 471 1222 703 1304; x_wconf 74' lang='grc' dir='ltr'><em>Δήλιοι.</em></span> <span class='ocrx_word' id='word_1_67' title='bbox 764 1229 892 1288; x_wconf 74' lang='grc' dir='ltr'><em>ἔστι</em></span> <span class='ocrx_word' id='word_1_68' title='bbox 935 1224 1003 1286; x_wconf 71' lang='grc' dir='ltr'>δὲ</span> <span class='ocrx_word' id='word_1_69' title='bbox 1048 1224 1258 1307; x_wconf 72' lang='grc' dir='ltr'><em>ἑφθὸν</em></span> <span class='ocrx_word' id='word_1_70' title='bbox 1306 1221 1572 1305; x_wconf 78' lang='grc' dir='ltr'><em>πύρινον</em></span> <span class='ocrx_word' id='word_1_71' title='bbox 1628 1225 1803 1289; x_wconf 81' lang='grc' dir='ltr'><em>σταῖς</em></span> <span class='ocrx_word' id='word_1_72' title='bbox 1862 1217 1982 1282; x_wconf 80' lang='grc' dir='ltr'>σὺν</span> 
     </span>
     <span class='ocr_line' id='line_1_12' title="bbox 191 1317 1981 1405; baseline -0.006 -19"><span class='ocrx_word' id='word_1_73' title='bbox 191 1325 386 1405; x_wconf 76' lang='grc' dir='ltr'><em>μέλιτι</em></span> <span class='ocrx_word' id='word_1_74' title='bbox 428 1323 649 1397; x_wconf 85' lang='lat' dir='ltr'><strong>Athen.</strong></span> <span class='ocrx_word' id='word_1_75' title='bbox 693 1323 854 1384; x_wconf 86' lang='lat' dir='ltr'>XIV.</span> <span class='ocrx_word' id='word_1_76' title='bbox 900 1323 1042 1383; x_wconf 83' lang='lat'>645.</span> <span class='ocrx_word' id='word_1_77' title='bbox 1087 1324 1155 1383; x_wconf 90' lang='grc' dir='ltr'>Β.</span> <span class='ocrx_word' id='word_1_78' title='bbox 1213 1325 1319 1403; x_wconf 91' lang='lat' dir='ltr'>qui</span> <span class='ocrx_word' id='word_1_79' title='bbox 1379 1325 1548 1383; x_wconf 89' lang='lat' dir='ltr'>locus</span> <span class='ocrx_word' id='word_1_80' title='bbox 1606 1340 1681 1380; x_wconf 93' lang='lat' dir='ltr'>eo</span> <span class='ocrx_word' id='word_1_81' title='bbox 1739 1317 1981 1379; x_wconf 86' lang='lat' dir='ltr'>notabi-</span> 
     </span>
     <span class='ocr_line' id='line_1_13' title="bbox 193 1405 1986 1503; baseline -0.003 -22"><span class='ocrx_word' id='word_1_82' title='bbox 193 1422 344 1493; x_wconf 88' lang='lat' dir='ltr'>lior,</span> <span class='ocrx_word' id='word_1_83' title='bbox 400 1441 521 1503; x_wconf 89' lang='lat' dir='ltr'>quo</span> <span class='ocrx_word' id='word_1_84' title='bbox 565 1424 765 1482; x_wconf 91' lang='lat' dir='ltr'>rarior</span> <span class='ocrx_word' id='word_1_85' title='bbox 807 1424 988 1501; x_wconf 85' lang='lat' dir='ltr'>hujus</span> <span class='ocrx_word' id='word_1_86' title='bbox 1036 1423 1188 1482; x_wconf 91' lang='lat' dir='ltr'>deae</span> <span class='ocrx_word' id='word_1_87' title='bbox 1232 1425 1481 1482; x_wconf 85' lang='lat' dir='ltr'>mentio.</span> <span class='ocrx_word' id='word_1_88' title='bbox 1567 1405 1986 1478; x_wconf 66' lang='lat' dir='ltr'>Eandemin-</span> 
     </span>
     <span class='ocr_line' id='line_1_14' title="bbox 195 1512 1988 1599; baseline -0.004 -17"><span class='ocrx_word' id='word_1_89' title='bbox 195 1523 398 1582; x_wconf 87' lang='lat' dir='ltr'>sulam</span> <span class='ocrx_word' id='word_1_90' title='bbox 466 1522 956 1582; x_wconf 82' lang='lat' dir='ltr'>Psammetichen</span> <span class='ocrx_word' id='word_1_91' title='bbox 1040 1532 1328 1582; x_wconf 87' lang='lat' dir='ltr'>vocatam</span> <span class='ocrx_word' id='word_1_92' title='bbox 1400 1540 1571 1593; x_wconf 79' lang='lat' dir='ltr'>esse,</span> <span class='ocrx_word' id='word_1_93' title='bbox 1651 1512 1818 1599; x_wconf 90' lang='lat' dir='ltr'>quod</span> <span class='ocrx_word' id='word_1_94' title='bbox 1896 1515 1988 1576; x_wconf 91' lang='lat' dir='ltr'>ibi</span> 
     </span>
     <span class='ocr_line' id='line_1_15' title="bbox 195 1621 1988 1707; baseline -0.001 -24"><span class='ocrx_word' id='word_1_95' title='bbox 195 1621 430 1683; x_wconf 87' lang='lat' dir='ltr'>Hecate</span> <span class='ocrx_word' id='word_1_96' title='bbox 473 1622 832 1707; x_wconf 74' lang='grc' dir='ltr'><em>ψαμμήτοις</em></span> <span class='ocrx_word' id='word_1_97' title='bbox 876 1623 979 1684; x_wconf 88' lang='lat' dir='ltr'>vel</span> <span class='ocrx_word' id='word_1_98' title='bbox 1022 1622 1367 1705; x_wconf 34' lang='grc' dir='ltr'><em>ψαιιιμίτοις</em></span> <span class='ocrx_word' id='word_1_99' title='bbox 1410 1623 1652 1702; x_wconf 83' lang='lat' dir='ltr'>(genere</span> <span class='ocrx_word' id='word_1_100' title='bbox 1679 1626 1813 1681; x_wconf 84' lang='grc' dir='ltr'><em>τῶν</em></span> <span class='ocrx_word' id='word_1_101' title='bbox 1842 1637 1988 1700; x_wconf 79' lang='grc' dir='ltr'><em>ψαι·</em></span> 
     </span>
     <span class='ocr_line' id='line_1_16' title="bbox 198 1717 1988 1803; baseline -0.005 -19"><span class='ocrx_word' id='word_1_102' title='bbox 198 1726 390 1800; x_wconf 80' lang='grc' dir='ltr'><em>στῶν)</em></span> <span class='ocrx_word' id='word_1_103' title='bbox 433 1726 908 1803; x_wconf 83' lang='lat' dir='ltr'>propitiaretur,</span> <span class='ocrx_word' id='word_1_104' title='bbox 951 1721 1383 1783; x_wconf 85' lang='lat' dir='ltr'>Phanodemus</span> <span class='ocrx_word' id='word_1_105' title='bbox 1428 1717 1708 1801; x_wconf 83' lang='lat' dir='ltr'>prodidit</span> <span class='ocrx_word' id='word_1_106' title='bbox 1745 1718 1988 1795; x_wconf 88' lang='lat' dir='ltr'>Fragm.</span> 
     </span>
     <span class='ocr_line' id='line_1_17' title="bbox 194 1816 1990 1903; baseline -0.003 -23"><span class='ocrx_word' id='word_1_107' title='bbox 194 1841 257 1901; x_wconf 91' lang='lat' dir='ltr'>p.</span> <span class='ocrx_word' id='word_1_108' title='bbox 287 1821 344 1880; x_wconf 89' lang='lat'>6.</span> <span class='ocrx_word' id='word_1_109' title='bbox 392 1821 558 1881; x_wconf 87' lang='lat' dir='ltr'>unde</span> <span class='ocrx_word' id='word_1_110' title='bbox 600 1823 934 1882; x_wconf 88' lang='lat' dir='ltr'>Muellerus</span> <span class='ocrx_word' id='word_1_111' title='bbox 978 1821 1255 1900; x_wconf 85' lang='lat' dir='ltr'>Aeginet.</span> <span class='ocrx_word' id='word_1_112' title='bbox 1299 1843 1359 1903; x_wconf 93' lang='lat' dir='ltr'>p.</span> <span class='ocrx_word' id='word_1_113' title='bbox 1405 1823 1544 1880; x_wconf 88' lang='grc'><strong>170.</strong></span> <span class='ocrx_word' id='word_1_114' title='bbox 1589 1819 1820 1896; x_wconf 86' lang='lat' dir='ltr'>colligit</span> <span class='ocrx_word' id='word_1_115' title='bbox 1861 1816 1990 1878; x_wconf 87' lang='lat' dir='ltr'>He-</span> 
     </span>
     <span class='ocr_line' id='line_1_18' title="bbox 200 1920 1988 2001; baseline -0.001 -20"><span class='ocrx_word' id='word_1_116' title='bbox 200 1930 376 1981; x_wconf 86' lang='lat' dir='ltr'>caten</span> <span class='ocrx_word' id='word_1_117' title='bbox 419 1933 482 1980; x_wconf 90' lang='lat' dir='ltr'>et</span> <span class='ocrx_word' id='word_1_118' title='bbox 524 1922 651 1980; x_wconf 91' lang='lat' dir='ltr'>Irin</span> <span class='ocrx_word' id='word_1_119' title='bbox 695 1922 955 1982; x_wconf 89' lang='lat' dir='ltr'>eandem</span> <span class='ocrx_word' id='word_1_120' title='bbox 1000 1923 1212 1982; x_wconf 87' lang='lat' dir='ltr'>fuisse.</span> <span class='ocrx_word' id='word_1_121' title='bbox 1302 1920 1428 1981; x_wconf 87' lang='lat' dir='ltr'>Sed</span> <span class='ocrx_word' id='word_1_122' title='bbox 1487 1926 1667 1988; x_wconf 83' lang='grc' dir='ltr'><em>σταῖς</em></span> <span class='ocrx_word' id='word_1_123' title='bbox 1717 1929 1780 1977; x_wconf 88' lang='lat' dir='ltr'>et</span> <span class='ocrx_word' id='word_1_124' title='bbox 1833 1936 1988 2001; x_wconf 75' lang='grc' dir='ltr'><em>ψαι-</em></span> 
     </span>
     <span class='ocr_line' id='line_1_19' title="bbox 201 2018 1992 2102; baseline -0.005 -18"><span class='ocrx_word' id='word_1_125' title='bbox 201 2018 351 2084; x_wconf 83' lang='grc' dir='ltr'><em>στόν</em></span> <span class='ocrx_word' id='word_1_126' title='bbox 397 2040 493 2080; x_wconf 87' lang='lat' dir='ltr'>res</span> <span class='ocrx_word' id='word_1_127' title='bbox 540 2021 823 2083; x_wconf 89' lang='lat' dir='ltr'>diversae</span> <span class='ocrx_word' id='word_1_128' title='bbox 867 2033 1010 2082; x_wconf 90' lang='lat' dir='ltr'>sunt</span> <span class='ocrx_word' id='word_1_129' title='bbox 1051 2042 1249 2102; x_wconf 91' lang='lat' dir='ltr'>neque</span> <span class='ocrx_word' id='word_1_130' title='bbox 1292 2023 1452 2081; x_wconf 87' lang='lat' dir='ltr'>inter</span> <span class='ocrx_word' id='word_1_131' title='bbox 1510 2019 1658 2079; x_wconf 87' lang='lat' dir='ltr'>deas</span> <span class='ocrx_word' id='word_1_132' title='bbox 1715 2018 1855 2078; x_wconf 83' lang='lat' dir='ltr'>illas</span> <span class='ocrx_word' id='word_1_133' title='bbox 1899 2019 1992 2076; x_wconf 76' lang='lat' dir='ltr'>&#39;si-</span> 
     </span>
     <span class='ocr_line' id='line_1_20' title="bbox 199 2105 1992 2202; baseline -0.001 -24"><span class='ocrx_word' id='word_1_134' title='bbox 199 2119 490 2179; x_wconf 90' lang='lat' dir='ltr'>militudo</span> <span class='ocrx_word' id='word_1_135' title='bbox 536 2122 696 2195; x_wconf 87' lang='lat' dir='ltr'>ulla,</span> <span class='ocrx_word' id='word_1_136' title='bbox 755 2124 877 2181; x_wconf 83' lang='lat' dir='ltr'>nisi</span> <span class='ocrx_word' id='word_1_137' title='bbox 922 2121 1089 2202; x_wconf 89' lang='lat' dir='ltr'>quod</span> <span class='ocrx_word' id='word_1_138' title='bbox 1131 2105 1283 2180; x_wconf 72' lang='lat' dir='ltr'>llaec</span> <span class='ocrx_word' id='word_1_139' title='bbox 1328 2124 1394 2180; x_wconf 90' lang='lat' dir='ltr'>in</span> <span class='ocrx_word' id='word_1_140' title='bbox 1438 2119 1713 2180; x_wconf 89' lang='lat' dir='ltr'>Hecatae</span> <span class='ocrx_word' id='word_1_141' title='bbox 1753 2118 1992 2178; x_wconf 86' lang='lat' dir='ltr'>insulae</span> 
     </span>
     <span class='ocr_line' id='line_1_21' title="bbox 200 2220 1343 2308; baseline 0.002 -30"><span class='ocrx_word' id='word_1_142' title='bbox 200 2220 364 2280; x_wconf 91' lang='lat' dir='ltr'>culta</span> <span class='ocrx_word' id='word_1_143' title='bbox 407 2230 469 2279; x_wconf 90' lang='lat' dir='ltr'>et</span> <span class='ocrx_word' id='word_1_144' title='bbox 512 2220 664 2281; x_wconf 91' lang='lat' dir='ltr'>alibi</span> <span class='ocrx_word' id='word_1_145' title='bbox 694 2224 978 2308; x_wconf 72' lang='grc' dir='ltr'><em>Ἄγγελος</em></span> <span class='ocrx_word' id='word_1_146' title='bbox 1025 2222 1189 2281; x_wconf 90' lang='lat' dir='ltr'>dicta</span> <span class='ocrx_word' id='word_1_147' title='bbox 1234 2232 1343 2281; x_wconf 88' lang='lat' dir='ltr'>est.</span> 
     </span>
    </p>

    <p class='ocr_par' dir='ltr' id='par_1_4' title="bbox 200 2317 1997 3402">
     <span class='ocr_line' id='line_1_22' title="bbox 369 2317 1995 2407; baseline -0.001 -24"><span class='ocrx_word' id='word_1_148' title='bbox 369 2319 646 2405; x_wconf 79' lang='grc' dir='ltr'><em>Βήρηκες</em></span> <span class='ocrx_word' id='word_1_149' title='bbox 713 2324 910 2405; x_wconf 79' lang='grc' dir='ltr'><em>μᾶζαι</em></span> <span class='ocrx_word' id='word_1_150' title='bbox 979 2322 1206 2407; x_wconf 73' lang='grc' dir='ltr'><em>ὅρθαί·</em></span> <span class='ocrx_word' id='word_1_151' title='bbox 1287 2324 1346 2385; x_wconf 78' lang='grc' dir='ltr'>οἱ</span> <span class='ocrx_word' id='word_1_152' title='bbox 1406 2320 1475 2384; x_wconf 73' lang='grc' dir='ltr'>δὲ</span> <span class='ocrx_word' id='word_1_153' title='bbox 1530 2321 1740 2405; x_wconf 77' lang='grc' dir='ltr'><em>ἅπλῶς</em></span> <span class='ocrx_word' id='word_1_154' title='bbox 1792 2317 1995 2402; x_wconf 81' lang='grc' dir='ltr'><em>μάζας</em></span> 
     </span>
     <span class='ocr_line' id='line_1_23' title="bbox 201 2416 1994 2505; baseline 0.001 -25"><span class='ocrx_word' id='word_1_155' title='bbox 201 2416 411 2481; x_wconf 73' lang='grc' dir='ltr'><em>ἐπάνω</em></span> <span class='ocrx_word' id='word_1_156' title='bbox 477 2424 706 2504; x_wconf 76' lang='grc' dir='ltr'><em>κέρατα</em></span> <span class='ocrx_word' id='word_1_157' title='bbox 763 2422 1049 2502; x_wconf 76' lang='grc' dir='ltr'><em>ἐχούσας·</em></span> <span class='ocrx_word' id='word_1_158' title='bbox 1113 2422 1283 2505; x_wconf 78' lang='grc' dir='ltr'><em>παρὰ</em></span> <span class='ocrx_word' id='word_1_159' title='bbox 1345 2421 1415 2483; x_wconf 72' lang='grc' dir='ltr'>δὲ</span> <span class='ocrx_word' id='word_1_160' title='bbox 1474 2419 1994 2500; x_wconf 77' lang='grc' dir='ltr'><em>Λακεδαιμονίοις</em></span> 
     </span>
     <span class='ocr_line' id='line_1_24' title="bbox 202 2517 1994 2606; baseline 0.002 -27"><span class='ocrx_word' id='word_1_161' title='bbox 202 2519 423 2601; x_wconf 81' lang='grc' dir='ltr'><em>ἑορτὴν</em></span> <span class='ocrx_word' id='word_1_162' title='bbox 467 2523 760 2606; x_wconf 74' lang='grc' dir='ltr'><em>λέγεσθαί</em></span> <span class='ocrx_word' id='word_1_163' title='bbox 802 2547 1033 2605; x_wconf 80' lang='grc' dir='ltr'><em>φασιν,</em></span> <span class='ocrx_word' id='word_1_164' title='bbox 1091 2526 1158 2585; x_wconf 77' lang='grc' dir='ltr'>ἐν</span> <span class='ocrx_word' id='word_1_165' title='bbox 1211 2517 1250 2601; x_wconf 79' lang='grc' dir='ltr'><em>ᾗ</em></span> <span class='ocrx_word' id='word_1_166' title='bbox 1304 2525 1432 2589; x_wconf 82' lang='grc' dir='ltr'><em>τοῖς</em></span> <span class='ocrx_word' id='word_1_167' title='bbox 1487 2517 1724 2582; x_wconf 74' lang='grc' dir='ltr'><em>θύουσι</em></span> <span class='ocrx_word' id='word_1_168' title='bbox 1779 2543 1994 2602; x_wconf 86' lang='grc' dir='ltr'><em>προτι-</em></span> 
     </span>
     <span class='ocr_line' id='line_1_25' title="bbox 200 2619 1994 2707; baseline -0.001 -27"><span class='ocrx_word' id='word_1_169' title='bbox 200 2620 392 2680; x_wconf 73' lang='grc' dir='ltr'><em>θέασι</em></span> <span class='ocrx_word' id='word_1_170' title='bbox 433 2621 580 2692; x_wconf 76' lang='grc' dir='ltr'><em>τοὺς</em></span> <span class='ocrx_word' id='word_1_171' title='bbox 619 2622 897 2707; x_wconf 80' lang='grc' dir='ltr'><em>βήρηκας</em></span> <span class='ocrx_word' id='word_1_172' title='bbox 940 2620 1168 2682; x_wconf 84' lang='lat' dir='ltr'>Anecd.</span> <span class='ocrx_word' id='word_1_173' title='bbox 1213 2620 1406 2680; x_wconf 83' lang='lat' dir='ltr'>Bekk.</span> <span class='ocrx_word' id='word_1_174' title='bbox 1450 2640 1510 2700; x_wconf 87' lang='lat' dir='ltr'>p.</span> <span class='ocrx_word' id='word_1_175' title='bbox 1540 2619 1684 2680; x_wconf 85' lang='grc'><strong>226.</strong></span> <span class='ocrx_word' id='word_1_176' title='bbox 1727 2637 1842 2700; x_wconf 85' lang='lat' dir='ltr'>pro</span> <span class='ocrx_word' id='word_1_177' title='bbox 1871 2638 1994 2699; x_wconf 88' lang='lat' dir='ltr'>quo</span> 
     </span>
     <span class='ocr_line' id='line_1_26' title="bbox 202 2717 1997 2803; baseline 0.004 -28"><span class='ocrx_word' id='word_1_178' title='bbox 202 2717 603 2780; x_wconf 88' lang='lat' dir='ltr'>Ruhnkenius</span> <span class='ocrx_word' id='word_1_179' title='bbox 672 2724 738 2781; x_wconf 91' lang='lat' dir='ltr'>in</span> <span class='ocrx_word' id='word_1_180' title='bbox 797 2723 975 2784; x_wconf 93' lang='lat' dir='ltr'>Auct.</span> <span class='ocrx_word' id='word_1_181' title='bbox 1032 2721 1299 2798; x_wconf 88' lang='lat' dir='ltr'>Hesych.</span> <span class='ocrx_word' id='word_1_182' title='bbox 1361 2741 1422 2800; x_wconf 91' lang='lat' dir='ltr'>p.</span> <span class='ocrx_word' id='word_1_183' title='bbox 1480 2719 1624 2779; x_wconf 84' lang='lat'>724.</span> <span class='ocrx_word' id='word_1_184' title='bbox 1712 2719 1997 2803; x_wconf 83' lang='grc' dir='ltr'><em>Βαρήκια</em></span> 
     </span>
     <span class='ocr_line' id='line_1_27' title="bbox 204 2819 1996 2902; baseline 0.001 -25"><span class='ocrx_word' id='word_1_185' title='bbox 204 2819 508 2880; x_wconf 89' lang='lat' dir='ltr'>emendat.</span> <span class='ocrx_word' id='word_1_186' title='bbox 617 2822 824 2883; x_wconf 86' lang='lat' dir='ltr'>Genus</span> <span class='ocrx_word' id='word_1_187' title='bbox 882 2825 999 2883; x_wconf 93' lang='lat' dir='ltr'>hoc</span> <span class='ocrx_word' id='word_1_188' title='bbox 1056 2821 1247 2880; x_wconf 92' lang='lat' dir='ltr'>edulii</span> <span class='ocrx_word' id='word_1_189' title='bbox 1303 2820 1614 2902; x_wconf 86' lang='lat' dir='ltr'>Apollinis</span> <span class='ocrx_word' id='word_1_190' title='bbox 1670 2820 1996 2897; x_wconf 88' lang='lat' dir='ltr'>Amyclaei</span> 
     </span>
     <span class='ocr_line' id='line_1_28' title="bbox 206 2919 1996 3001; baseline 0.002 -25"><span class='ocrx_word' id='word_1_191' title='bbox 206 2919 583 2979; x_wconf 78' lang='lat' dir='ltr'>solemnibus</span> <span class='ocrx_word' id='word_1_192' title='bbox 627 2925 835 3001; x_wconf 89' lang='lat' dir='ltr'>parari</span> <span class='ocrx_word' id='word_1_193' title='bbox 878 2922 1232 2982; x_wconf 89' lang='lat' dir='ltr'>Athenaeus</span> <span class='ocrx_word' id='word_1_194' title='bbox 1294 2920 1513 2994; x_wconf 86' lang='lat' dir='ltr'>tradit,</span> <span class='ocrx_word' id='word_1_195' title='bbox 1569 2939 1689 3000; x_wconf 87' lang='lat' dir='ltr'>quo</span> <span class='ocrx_word' id='word_1_196' title='bbox 1749 2931 1996 2980; x_wconf 88' lang='lat' dir='ltr'>auctore</span> 
     </span>
     <span class='ocr_line' id='line_1_29' title="bbox 203 3007 1996 3097; baseline 0.003 -23"><span class='ocrx_word' id='word_1_197' title='bbox 203 3018 257 3074; x_wconf 83' lang='lat' dir='ltr'>si</span> <span class='ocrx_word' id='word_1_198' title='bbox 316 3021 450 3097; x_wconf 85' lang='lat' dir='ltr'>quis</span> <span class='ocrx_word' id='word_1_199' title='bbox 511 3025 805 3081; x_wconf 87' lang='lat' dir='ltr'>cornicari</span> <span class='ocrx_word' id='word_1_200' title='bbox 862 3024 1048 3095; x_wconf 86' lang='lat' dir='ltr'>velit,</span> <span class='ocrx_word' id='word_1_201' title='bbox 1123 3041 1351 3080; x_wconf 88' lang='lat' dir='ltr'>cornua</span> <span class='ocrx_word' id='word_1_202' title='bbox 1421 3023 1541 3078; x_wconf 87' lang='lat' dir='ltr'>ista</span> <span class='ocrx_word' id='word_1_203' title='bbox 1611 3020 1691 3078; x_wconf 88' lang='lat' dir='ltr'>ad</span> <span class='ocrx_word' id='word_1_204' title='bbox 1763 3007 1996 3079; x_wconf 89' lang='lat' dir='ltr'>cultum</span> 
     </span>
     <span class='ocr_line' id='line_1_30' title="bbox 205 3115 1996 3197; baseline 0.003 -23"><span class='ocrx_word' id='word_1_205' title='bbox 205 3115 466 3178; x_wconf 86' lang='lat' dir='ltr'>deorum</span> <span class='ocrx_word' id='word_1_206' title='bbox 509 3123 908 3182; x_wconf 88' lang='lat' dir='ltr'>luminarium</span> <span class='ocrx_word' id='word_1_207' title='bbox 952 3122 1195 3181; x_wconf 86' lang='lat' dir='ltr'>referat.</span> <span class='ocrx_word' id='word_1_208' title='bbox 1270 3121 1485 3179; x_wconf 82' lang='lat' dir='ltr'>Pollux</span> <span class='ocrx_word' id='word_1_209' title='bbox 1531 3129 1592 3178; x_wconf 86' lang='lat' dir='ltr'>et</span> <span class='ocrx_word' id='word_1_210' title='bbox 1635 3121 1996 3197; x_wconf 84' lang='lat' dir='ltr'>Lexicogra-</span> 
     </span>
     <span class='ocr_line' id='line_1_31' title="bbox 202 3217 1993 3304; baseline 0.002 -29"><span class='ocrx_word' id='word_1_211' title='bbox 202 3217 314 3298; x_wconf 89' lang='lat' dir='ltr'>phi</span> <span class='ocrx_word' id='word_1_212' title='bbox 360 3219 666 3280; x_wconf 87' lang='lat' dir='ltr'>celebrant</span> <span class='ocrx_word' id='word_1_213' title='bbox 708 3224 918 3304; x_wconf 80' lang='grc' dir='ltr'><em>πέμμα</em></span> <span class='ocrx_word' id='word_1_214' title='bbox 962 3222 1276 3302; x_wconf 87' lang='lat' dir='ltr'>quoddam</span> <span class='ocrx_word' id='word_1_215' title='bbox 1320 3220 1602 3280; x_wconf 89' lang='lat' dir='ltr'>cornibus</span> <span class='ocrx_word' id='word_1_216' title='bbox 1630 3222 1993 3280; x_wconf 89' lang='lat' dir='ltr'>instructum</span> 
     </span>
     <span class='ocr_line' id='line_1_32' title="bbox 206 3319 1991 3402; baseline -0.006 -17"><span class='ocrx_word' id='word_1_217' title='bbox 206 3323 458 3377; x_wconf 76' lang='lat' dir='ltr'>nomine</span> <span class='ocrx_word' id='word_1_218' title='bbox 516 3328 722 3394; x_wconf 80' lang='grc' dir='ltr'><em>Βοῦν,</em></span> <span class='ocrx_word' id='word_1_219' title='bbox 795 3323 957 3402; x_wconf 84' lang='lat' dir='ltr'>quod</span> <span class='ocrx_word' id='word_1_220' title='bbox 1016 3322 1325 3402; x_wconf 81' lang='lat' dir='ltr'>Apollini,</span> <span class='ocrx_word' id='word_1_221' title='bbox 1390 3322 1661 3390; x_wconf 87' lang='lat' dir='ltr'>Dianae,</span> <span class='ocrx_word' id='word_1_222' title='bbox 1720 3319 1991 3380; x_wconf 87' lang='lat' dir='ltr'>Hecatae</span> 
     </span>
    </p>
   </div>
  </div>
 </body>
</html>
