2150 3814
866 189 1978 249 onpn1cA.943

206 327 507 405 pandrum
544 329 668 408 [ῆι
689 325 982 388 Boethius
1027 328 1104 387 de
1145 329 1303 388 MuS.
1347 328 1393 386 Ι.
1439 346 1485 384 c.
1531 326 1631 387 20.
1677 326 1979 409 Simpli-

205 447 357 487 cem
401 429 803 507 principio
845 428 1099 489 fuisse
1142 429 1510 489 musicam
1565 428 1816 487 refert
1858 430 1978 489 Ni—

203 529 636 601 comachus,
707 527 901 587 adeo
958 538 1040 589 ut
1095 539 1424 610 quatuor
1478 531 1746 589 nervis
1807 540 1979 590 tota

199 637 628 703 constaret3
681 627 913 709 idque
969 649 1206 710 usque
1263 629 1355 688 ad
1413 628 1799 709 Orpheum
1855 627 1977 687 du-

193 729 432 799 ravit,
490 738 571 787 ut
624 731 920 809 primus
977 730 1286 810 quidem
1343 739 1417 788 et
1460 739 1776 810 quartus
1820 727 1974 788 dia-

191 845 430 904 pason
485 829 964 890 harmoniam
1018 841 1492 896 resonarent
1533 867 1620 876 -—
1664 829 1756 889 ad
1810 818 1975 889 imi-

190 929 572 989 tationem
651 932 998 991 musicae
1076 930 1540 1003 mundanae,
1628 949 1818 1008 quae
1884 950 1974 990 ex

188 1039 525 1106 quatuor
568 1040 895 1090 constat
937 1031 1368 1088 elementis,
1431 1029 1557 1089 Sed
1601 1029 1758 1088 alius
1800 1029 1974 1105 igno-

188 1138 285 1187 tus
341 1132 604 1208 scriptor
657 1131 722 1188 in
764 1131 994 1190 Iriartii
1036 1130 1192 1189 Bibl.
1236 1129 1467 1190 Matrit.
1525 1150 1587 1210 p.
1634 1124 1777 1189 265.
1828 1130 1972 1210 ³09-

187 1229 371 1309 φεὺς,
433 1231 662 1311 inquit,
707 1231 828 1293 ἀπὸ
873 1238 980 1310 τῆς
1022 1239 1154 1294 τῶν
1196 1231 1350 1294 ἑπτὰ
1391 1229 1723 1310 πλανήτων
1766 1253 1970 1312 παρα-

183 1327 492 1408 τηρήσεως
546 1335 613 1395 ἐν
655 1339 746 1414 τῷ
790 1331 1155 1415 ἑπταχόρὸῳ
1197 1329 1418 1395 κανόνι
1460 1340 1704 1413 πρῶτος
1745 1331 1816 1393 τὸ
1861 1329 1971 1392 διὰ

181 1429 504 1510 τεσσάρων
549 1431 967 1515 ανεκρούσατο
1011 1435 1207 1515 ιιελος·
1255 1443 1315 1491 et
1361 1451 1614 1493 averso:
1659 1434 1787 1514 μετ’
1826 1433 1968 1513 Ὀρ-

187 1531 304 1611 (ρέα
345 1531 811 1617 Πυθαγόρας’
773 1535 893 1614 ᾳπό
937 1542 1045 1612 τῆς
1088 1534 1338 1613 ἡλιακῆς
1361 1541 1703 1616 περιφορᾶς
1729 1557 1970 1615 περιερ-

178 1630 437 1715 γότερον
491 1659 604 1712 την
660 1623 855 1714 μὲὄην
912 1633 1272 1715 ἅνεύρισκεν
1327 1638 1394 1696 ἐν
1449 1632 1811 1715 ὅκταχόρὸῳ
1854 1658 1968 1695 κα-

178 1730 342 1795 νόνι·
391 1752 546 1812 quae
592 1735 912 1793 confirmat
954 1733 1335 1813 Nicephorus
1381 1732 1461 1791 ad
1494 1733 1710 1809 SyneS.
1755 1731 1833 1790 de
1868 1733 1966 1791 In-

177 1844 374 1891 somn.
432 1852 491 1913 p.
551 1834 693 1894 366.
737 1833 804 1893 B.
861 1833 1118 1893 Servius
1164 1832 1245 1892 ad
1288 1832 1440 1893 Aen.
1485 1832 1588 1891 VI.
1633 1828 1776 1891 645.
1838 1830 1964 1891 Or-

174 1933 418 2011 pheus
504 1937 804 2015 primus
841 1933 1391 2015 «deprehendit
1458 1934 1961 2005 harmoniam,

172 2033 252 2092 id
308 2044 453 2109 est,
528 2036 1002 2096 circulorum
1067 2034 1627 2095 mundanorum
1696 2053 1962 2094 sonum

174 2171 258 2178 —
313 2135 512 2194 unde
566 2141 686 2194 uti
744 2147 1042 2216 septem
1099 2136 1435 2213 fingitur
1480 2134 1811 2194 chordiS.
1858 2154 1960 2193 cu-

162 2237 268 2312 jus
310 2237 550 2296 inventi
592 2237 659 2295 in
695 2236 1104 2317 Orphicorum
1141 2253 1432 2296 versuum
1476 2235 1749 2314 reliquiis
1791 2235 1963 2293 nulla

170 2338 241 2394 fit
284 2338 550 2410 mentio,
609 2346 791 2417 atque
834 2336 1001 2396 haud
1045 2339 1170 2396 scio
1216 2355 1295 2395 an
1338 2335 1546 2394 nullus
1591 2344 1756 2394 extet
1801 2336 1957 2393 anti-

168 2439 347 2516 quior
403 2446 616 2496 auctor
657 2437 930 2496 Luciano
986 2436 1063 2496 de
1107 2436 1336 2497 Astrol.
1381 2456 1428 2495 c.
1471 2433 1548 2494 X.
1592 2455 1654 2516 p.
1697 2434 1840 2495 219.
1886 2434 1956 2494 Τ.

166 2537 238 2597 V.
284 2538 672 2617 Pythagorae
725 2539 1046 2599 inventum
1103 2537 1565 2597 celeberrimum
1623 2553 1744 2615 quo
1802 2544 1956 2595 tem-

165 2657 317 2719 pore
371 2639 566 2698 literis
623 2640 1043 2717 consignatum
1101 2641 1212 2712 sit,
1268 2656 1487 2718 parum
1546 2645 1787 2695 constat
1842 2634 1954 2695 sed

164 2739 314 2798 libet
357 2749 565 2799 tamen
606 2741 1018 2820 suspicionem
1064 2740 1280 2799 afferre
1325 2759 1403 2798 ex
1438 2737 1636 2797 Schol.
1665 2734 1950 2795 AmbroS.

167 2838 281 2899 Od.
322 2841 369 2900 I.
415 2840 558 2900 371.
621 2839 898 2902 ductam:
954 2850 1140 2905 τοῦτο
1198 2840 1357 2904 κατὰ
1411 2839 1524 2901 τὸν
1583 2836 1949 2923 Πυθαγόρα

164 2939 368 3027 λόγον.
405 2945 666 3013 Ἐκεῖνος
707 2943 832 3028 γὰρ
876 2946 991 3027 ἔφη
1037 2943 1140 3013 ὥς·
1165 2946 1277 3013 ἔξω
1311 2936 1642 3027 γενόιιενὸς
1673 2946 1787 3001 τοῦ
1823 2937 1947 3001 σώ-

283 3112 354 3170 [0]
397 3113 494 3156 Hoc
522 3113 800 3156 tetrachordo
832 3113 1086 3156 Mercuriali
1126 3111 1373 3156 Macrobius
1416 3109 1508 3153 Sat.
1547 3109 1581 3152 I
1625 3109 1692 3152 19.
1733 3108 1832 3153 317.
1873 3110 1943 3152 vel

165 3176 350 3224 quatuor
379 3173 480 3215 anni
510 3178 786 3230 tempestates
815 3173 887 3215 vel
916 3173 1094 3216 totidem
1124 3171 1268 3215 mundi
1306 3170 1461 3227 plagas
1501 3168 1739 3225 significari
1774 3168 1941 3220 credit3

164 3241 271 3282 quas
300 3235 503 3287 utrasque
532 3231 788 3275 Lactantius
817 3232 875 3274 II.
906 3231 947 3274 9.
978 3232 1019 3275 9.
1051 3233 1114 3275 sic
1143 3230 1378 3286 componit·
1428 3229 1526 3271 Ver
1555 3229 1691 3272 deus
1721 3228 1939 3271 orienti

161 3287 402 3341 tribuit,
445 3297 722 3334 aestatem
766 3291 1124 3334 meridianae
1163 3290 1396 3346 plagae,
1443 3287 1761 3332 occidentis
1803 3302 1937 3330 auc·

164 3355 386 3388 tutunus
426 3357 535 3401 est,
582 3351 1006 3407 septentrionis
1050 3351 1101 3393 hi
1113 3364 1231 3391 mus.
