2150 3814
238 221 399 284 1024
778 232 997 278 numa
1036 232 1437 278 SECUNDUS.

229 367 554 449 praeconio
597 364 854 423 solemni
894 364 1110 426 ’Ἀλαὸε
1164 363 1391 444 μύσται
1450 363 1712 437 indictae
1767 365 1983 428 lustra-

230 469 458 539 tiones,
527 463 688 524 unde
741 462 1075 540 Baptarum
1130 478 1379 536 nomen3
1450 465 1586 523 hinc
1646 463 1871 525 cordax
1929 478 1989 526 et

230 566 530 639 bacchati3
573 561 849 638 religioni
893 559 1139 619 additae
1171 560 1518 640 voluptates
1561 566 1695 625 vini
1738 574 1799 623 et
1842 576 1991 644 epuss

229 666 355 736 lae,
402 673 492 735 et,
535 660 700 741 quod
742 660 965 740 ubique
1006 661 1105 731 fit,
1168 652 1353 720 sacris
1396 665 1589 722 mixta
1630 664 1906 742 profana.

399 760 518 834 Qui
560 778 710 822 vero
754 759 985 818 factum
1030 759 1142 830 sit,
1199 769 1268 817 ut
1322 763 1524 837 magni
1566 764 1838 841 pupillus
1880 763 1992 822 Pe-

227 861 361 921 ricli
402 862 468 919 in
512 859 727 919 eadem
769 860 1113 938 suspicione
1155 868 1511 938 poneretur,
1570 860 1735 919 haud
1780 861 1989 922 diffici-

228 961 305 1020 lis
350 961 466 1018 erit
508 961 849 1038 conjectura
891 958 1079 1038 siquis
1123 957 1244 1016 sibi
1286 958 1550 1018 hominis
1603 958 1844 1018 factiosi
1886 961 1991 1020 he-v

228 1061 484 1119 taeriam
513 1058 603 1139 [³⁰]
650 1067 790 1118 ante
837 1058 1042 1118 oculos
1085 1068 1390 1137 proponat
1434 1067 1498 1116 et
1538 1075 1719 1137 quam
1764 1060 1990 1119 multos

227 1159 333 1218 ille
375 1158 658 1219 habuerit
700 1165 1022 1231 amatores.
1065 1159 1388 1238 parasitos,
1433 1158 1681 1218 clientes
1718 1178 1792 1219 cx
1822 1161 1994 1218 omni

229 1278 445 1337 genere
499 1259 815 1317 hominum
872 1256 1188 1329 collectos,
1247 1257 1402 1316 alios
1457 1259 1648 1316 animi
1703 1268 1766 1317 et
1812 1257 1993 1318 officii

229 1378 437 1431 causa,
494 1359 650 1416 alios
705 1356 787 1415 ad
840 1355 1291 1432 suffragandum
1335 1366 1396 1415 et
1438 1356 1516 1414 ad
1563 1366 1760 1416 cetera
1803 1358 1993 1417 ambi-

227 1458 412 1517 tionis
455 1457 812 1515 ministeria.
911 1452 1114 1526 Quum
1169 1474 1317 1515 vero
1377 1454 1638 1527 Calliae,
1697 1457 1994 1518 levissimi

226 1557 522 1631 hominis,
591 1562 985 1614 assectatores
1043 1550 1304 1612 Comicis
1360 1555 1768 1631 largissimam*
1819 1575 1994 1635 prae-

225 1656 472 1715 buerint
504 1653 835 1716 cavillandi
862 1654 1180 1712 materiam
1209 1651 1324 1733 [³¹],
1369 1663 1599 1734 quanto
1645 1654 1994 1716 credibilius

228 1755 503 1827 videtur,
571 1753 649 1812 de
714 1756 823 1826 iis,
890 1754 993 1831 qui
1056 1752 1392 1812 Alcibiadis
1456 1762 1684 1814 sectam
1751 1757 1994 1836 sequuti

228 1864 389 1927 sunt,
435 1871 764 1931 eorumque
808 1851 1079 1912 coetibus
1124 1861 1186 1910 et
1230 1854 1809 1915 conversationibus
1835 1855 1992 1915 mul-

228 1967 359 2014 tum
405 1955 763 2031 variumque
798 1953 1041 2010 fluxisse
1074 1953 1452 2011 sermonem?
1509 1953 1751 2014 Talium
1784 1967 1993 2014 autem

228 2053 623 2114 sodalitatum
670 2051 909 2109 crebros
955 2069 1301 2125 conseSSUS,
1346 2054 1632 2113 convivia
1673 2054 1992 2115 licentiosa

232 2154 443 2225 fuisse,
486 2151 660 2210 Plato
706 2159 962 2210 testatur
1004 2151 1070 2208 in
1114 2149 1360 2213 Theaet.
1407 2170 1466 2230 p.
1508 2151 1645 2212 173.
1676 2152 1757 2211 D.
1801 2175 1992 2218 σπου-

350 2353 388 2408 [3
399 2351 439 2407 ⁰]
472 2351 603 2392 Isocr.
635 2349 689 2392 de
718 2349 814 2404 Big.
844 2348 926 2391 ΙΙΙ.
955 2348 1054 2392 603.
1085 2353 1130 2391 et
1158 2354 1302 2394 notum
1332 2354 1398 2393 est
1427 2365 1569 2394 omnes
1598 2351 1671 2407 qui
1699 2351 1744 2394 in
1771 2351 1992 2409 republica

232 2409 441 2452 dominari
479 2409 660 2460 vellent,
701 2422 800 2449 suas
838 2407 1036 2449 habuisse
1074 2409 1309 2460 hetaerias,
1349 2423 1525 2464 quarum
1564 2409 1648 2452 vim
1687 2416 1732 2452 et
1771 2417 1991 2467 corrupte-

230 2469 314 2510 lam
345 2467 620 2509 disertissime
649 2465 848 2521 exposuit
878 2465 1154 2520 Thucydides
1175 2466 1254 2507 III.
1285 2466 1354 2509 82.
1386 2466 1438 2510 οὐ
1468 2467 1555 2524 γὰρ
1582 2466 1697 2524 μετὰ
1724 2470 1814 2511 τῶν
1843 2473 1994 2527 κειμέ-ι

231 2540 325 2570 νων
354 2521 509 2582 νόμων
538 2523 757 2581 ὠφελείας
785 2524 833 2564 αἱ
859 2525 1056 2565 τοιαῦται
1085 2520 1264 2572 ξύνοδοι
1278 2556 1290 2578 ,
1336 2522 1446 2566 ἀλλὰ
1477 2525 1601 2583 παρὰ
1628 2523 1729 2575 τοὺς
1758 2530 1990 2571 καθεστῶ-

230 2601 308 2633 τας
335 2584 583 2637 πλεονεξίᾳ,
616 2583 691 2624 καὶ
718 2579 796 2628 τὰς
823 2581 869 2629 ἐς
896 2583 1016 2637 σφᾶς
1044 2579 1203 2629 αὐτοὺς
1229 2585 1398 2630 πίστεις
1427 2581 1479 2626 οὐ
1504 2587 1564 2639 τῷ
1589 2587 1700 2640 θείῳ
1718 2580 1843 2642 νόμῳ
1867 2587 1989 2643 μᾶλ-

231 2645 312 2686 λον
341 2638 632 2698 ἓκρατὺνοντο
663 2636 690 2692 ἢ
721 2642 781 2695 τῷ
810 2641 946 2694 κοινῷ
973 2654 1014 2680 τι
1043 2642 1376 2698 παρανομῧσαι.
1435 2641 1486 2682 In
1524 2642 1604 2684 hoc
1640 2647 1889 2686 transcursu
1922 2646 1989 2687 af-

230 2703 365 2745 feram
394 2699 625 2756 Iphicratis
654 2698 772 2753 (nam
802 2702 945 2739 cetera
973 2698 1142 2740 notiora
1172 2698 1291 2753 sunt)
1322 2700 1570 2755 exemplum.
1603 2701 1768 2743 Seneca
1797 2702 1986 2759 Epitom.

232 2760 435 2802 Controv.
466 2758 539 2800 VI.
572 2758 611 2799 8.
642 2756 739 2798 279.
770 2757 814 2797 in
842 2755 1061 2798 lemmate:
1119 2756 1321 2798 Missus
1357 2757 1647 2812 Iphicrate
1660 2774 1680 2801 s
1720 2760 1988 2803 adversus

232 2818 503 2861 Thracum
540 2829 718 2871 regem
766 2815 851 2856 bis
891 2815 1010 2856 acie
1047 2815 1226 2857 victus
1273 2815 1464 2858 foedus
1510 2831 1613 2859 cum
1658 2833 1716 2859 eo
1762 2832 1988 2874 percus-

231 2877 301 2918 sit
339 2879 393 2917 et
432 2874 611 2917 filiam
661 2874 779 2928 ejus
825 2873 976 2915 duxit
1013 2886 1247 2918 uxorem.
1320 2874 1485 2924 Quum
1523 2876 1766 2918 Athenas
1805 2877 1987 2918 redis-

231 2940 320 2976 set
359 2937 412 2975 et
451 2947 663 2975 causam
702 2931 926 2974 diceret
964 2931 1075 2974 visi
1115 2937 1242 2973 sunt
1281 2932 1432 2975 circa
1464 2934 1738 2988 judicium
1767 2935 1985 2990 quidam

233 2993 504 3034 Thracum
549 2991 703 3033 cultu
746 2989 949 3032 armati
998 2994 1052 3031 et
1089 2989 1143 3045 ip
1157 3005 1175 3031 s
1190 3005 1214 3032 e
1262 3004 1388 3032 reus
1439 2991 1492 3046 gl
1507 3006 1532 3033 a
1547 2992 1689 3034 dium
1737 2994 1986 3036 strinxit.

230 3051 396 3093 Eadem
427 3049 606 3101 Quintil.
635 3049 822 3091 Declam.
861 3047 1214 3091 CCCLXXXVI-
1285 3048 1527 3104 Polyaenus
1555 3050 1637 3093 III.
1666 3050 1707 3092 9.
1739 3049 1804 3098 15.
1843 3067 1885 3108 p.
1915 3049 1984 3094 84.

227 3109 393 3164 judices
422 3108 651 3164 Iphicratis
680 3107 914 3150 heta—eriam
940 3106 1208 3163 pertimuisse
1235 3108 1382 3150 refert.
1433 3141 1435 3143 ,
1564 3132 1566 3135 v

349 3195 439 3253 [³¹]
483 3197 680 3239 Καλλίου
711 3195 876 3252 ἑταῖροι
905 3194 981 3237 καὶ
1010 3189 1193 3242 κόλακες
1221 3195 1297 3237 καὶ
1334 3193 1547 3252 κωμῳδίᾳ
1583 3192 1720 3251 λόγον
1755 3199 1985 3255 παρέσχον

233 3254 436 3297 Philostr.
471 3253 525 3294 V.
564 3254 695 3311 Soph.
725 3254 783 3295 ΙΙ.
811 3251 881 3295 25.
912 3252 1010 3294 610.
1069 3252 1227 3295 Cetera
1264 3252 1459 3295 exhausit
1489 3253 1696 3296 Meinekii
1734 3253 1861 3298 docta
1897 3256 1984 3298 dis-

231 3312 397 3369 putatio
437 3311 562 3367 Spec.
592 3313 627 3354 I.
669 3327 711 3369 p.
741 3311 811 3355 51.
844 3325 907 3367 sq.
963 3309 1200 3354 Alcibiadis
1239 3307 1422 3360 κόλακες
1458 3310 1611 3354 Liban.
1648 3311 1768 3354 Decl.
1811 3314 1866 3356 T.
1906 3314 1980 3356 IV.

237 3370 329 3413 188.
373 3370 544 3413 Cleonis
574 3371 788 3427 Aristoph.
820 3371 954 3426 Vesp.¹
978 3367 1102 3412 1033.
1132 3370 1230 3426 jure
1259 3369 1460 3413 sodalicio
1490 3371 1588 3413 nexi
1618 3378 1750 3414 erant.
