2150 3814
714 229 1266 276 SAMOTHRACIA.
1707 214 1870 277 1337
1912 278 1917 285 ,

108 363 375 424 bendum
430 362 690 424 videtur.
789 359 886 420 Ex
928 357 1240 437 Aristoph.
1288 355 1467 436 Vesp.
1503 357 1644 419 803.
1700 361 1872 423 ἄνοι-

106 464 433 546 κοδομήσει
499 470 620 531 πᾶς
687 459 844 541 ἀνὴρ
906 458 1076 539 αὐτῷ
1131 457 1594 540 δικαστηρίδιον
1647 460 1873 540 μικρὸν

106 563 274 627 πάνυ
333 565 537 642 ὥςπερ·
577 561 910 622 Ἑκαταῖον
962 558 1081 639 πρὸ
1125 566 1255 620 τῶν
1298 562 1554 639 θυρῶν,
1617 556 1875 657 αρρέἐθῐ

109 663 333 723 sacella
357 661 630 723 Hecatae
673 659 907 718 foribus
951 659 1238 737 proxima
1282 668 1342 716 et
1383 658 1876 737 frequentissima

107 763 296 820 fuisse
354 763 420 819 in
463 760 630 820 urbe.
674 780 734 821 v.
782 759 980 818 Schol.
1025 756 1420 821 Γαλινθιοίδα
1456 757 1686 838 Ἑκάτη
1731 758 1876 821 ἀπέ-

108 862 303 931 δειξεν
348 861 752 941 ἱεράνιναῦτῆς
788 858 1111 922 διάκονον·
1164 859 1462 939 Ἡρακλῆς
1505 858 1573 921 δὲ
1616 859 1722 922 καὶ
1765 859 1880 921 αὓ-

108 968 214 1039 τῆς
283 961 562 1038 ἐποίησεν
631 960 962 1043 ἀφίδρυμα
1028 958 1195 1040 παρὰ
1262 959 1375 1022 τὸν
1428 960 1599 1021 οἷκον
1654 959 1878 1019 Autoli.

109 1060 242 1118 Lib.
299 1081 350 1119 c.
393 1061 493 1122 29.
542 1062 719 1138 ,οιῄιιε
776 1059 1075 1118 solemnia
1118 1058 1194 1116 ab
1236 1057 1506 1116 Hecatae
1551 1059 1715 1116 cultu
1758 1077 1884 1117 non

110 1162 383 1238 sejuncta
424 1161 614 1220 fuisse
656 1158 962 1218 videntur.
1029 1157 1136 1213 ΕΧ,
1163 1156 1263 1213 his
1309 1166 1512 1215 autem
1555 1156 1883 1215 Hecataeis

107 1262 403 1338 privatim
461 1258 708 1317 oracula
762 1256 962 1336 petita
1019 1272 1149 1312 esse
1209 1254 1387 1314 docet
1441 1255 1884 1338 Aristophanes

112 1359 254 1434 LyS.
299 1358 399 1418 64.
454 1358 492 1436 ἡ
545 1365 702 1442 γοῦν
766 1356 1102 1439 Θεαγένους
1159 1355 1241 1424 ὥς
1286 1355 1450 1438 δεῦρ’
1498 1362 1678 1419 ἰοῦσα
1719 1358 1886 1420 &013-

113 1466 357 1523 κατεῖον
397 1462 610 1539 ἤρετο,
678 1465 739 1514 et
783 1455 983 1514 Schol.
1029 1475 1127 1536 ap.
1173 1455 1346 1515 Suid.
1389 1475 1436 1516 s.
1486 1463 1662 1543 Θεαγ.
1708 1454 1886 1527 οὗτος

116 1561 272 1639 εἶχεν
333 1556 605 1636 ’Ἑκάτης
667 1558 917 1640 ἄγαλμα
979 1552 1054 1619 οὗ
1122 1555 1509 1620 ἐπυνθάνετο
1565 1565 1885 1637 πανταχοῦ

118 1659 337 1723 ἀπιών.
407 1661 564 1718 sicut
628 1657 882 1717 Servius
936 1656 1039 1716 IV.
1091 1654 1235 1716 475.
1294 1656 1370 1715 de
1430 1657 1580 1716 urbe
1635 1655 1886 1717 Coritho

116 1769 325 1818 narrat
377 1759 467 1817 ibi
526 1760 909 1838 primos-es
963 1758 1039 1814 in
1085 1758 1250 1816 suis
1297 1756 1624 1817 aedibus
1669 1758 1889 1817 habe-

115 1879 196 1918 re
250 1861 567 1938 privata
621 1854 982 1929 Lararia‚
1036 1858 1116 1915 in
1174 1856 1451 1936 quibus
1497 1861 1889 1937 singulari

117 1960 274 2018 ritu
321 1958 591 2017 colunt
632 1957 968 2016 Penates
1014 1955 1104 2015 ob
1149 1975 1528 2037 responsa
1582 1958 1672 2018 ab
1717 1960 1888 2018 illis

117 2056 630 2138 impetranda.
715 2057 940 2116 Medea
993 2057 1138 2115 Eur.
1182 2075 1242 2116 v.
1299 2056 1443 2116 401.
1499 2059 1590 2140 μὰ
1632 2060 1748 2139 τὴν
1791 2061 1892 2124 δέ-

122 2180 384 2222 σποιναν
448 2158 528 2236 ἣν
595 2155 715 2242 ἐγώ
783 2158 945 2238 σέβω
1010 2154 1313 2238 μάλιστα,
1364 2156 1620 2238 Ἑκάτην
1670 2167 1890 2242 μυχοῖς

118 2257 424 2321 ναίουσαν
478 2257 680 2327 ἑστίας
735 2260 896 2339 ἐμῆς.
994 2255 1324 2316 Oraculum
1369 2256 1771 2320 domesticum
1814 2263 1894 2322 si-

122 2358 365 2435 gnificat
418 2356 584 2416 idem
640 2357 707 2416 in
762 2356 900 2416 Hel.
957 2376 1015 2417 v.
1059 2358 1202 2417 826.
1245 2356 1415 2440 φήμη
1458 2385 1549 2430 τις
1593 2364 1781 2424 οἴκων
1824 2365 1890 2424 ἐν

15 2469 28 2476 “
119 2464 340 2539 μυχοῖς
380 2457 696 2539 ἱδρυμένη.
765 2456 890 2516 Sed
932 2457 1081 2516 haec
1115 2459 1251 2535 jam
1296 2458 1376 2517 ad
1421 2458 1570 2519 deos
1613 2469 1893 2540 penetra-

119 2557 209 2617 les
252 2559 577 2637 pertinent,
621 2576 773 2638 quos
815 2560 1064 2618 invocat
1107 2558 1324 2617 chorus
1367 2557 1584 2619 Aesch.
1623 2558 1892 2642 Choeph.

123 2658 265 2718 796.
310 2662 374 2721 οἵ
408 2660 458 2720 τ’
506 2661 703 2721 ἔσωθε
747 2655 1059 2740 δωμάτων
1100 2663 1499 2744 πλουτογηθῆ
1541 2660 1747 2743 μυχὸν
1783 2684 1892 2724 νο-

123 2757 340 2838 μίζετε.
427 2757 670 2819 Horum
734 2759 800 2816 in
865 2773 1120 2817 numero
1175 2760 1533 2819 notissimus
1588 2771 1682 2820 est
1736 2761 1894 2831 Ζεὺς

124 2855 364 2937 κτήσιος
403 2859 471 2918 in
511 2857 743 2941 ταμείῳ
786 2867 1194 2942 consecratu&
1240 2872 1419 2939 quem
1461 2861 1664 2920 locum
1710 2863 1897 2922 etiam

127 2957 297 3037 apud
349 2968 587 3018 exteros
642 2958 734 3017 rei
778 2951 1024 3019 divinae
1069 2958 1442 3021 destinatum
1485 2962 1676 3022 fuisse
1718 2962 1895 3021 intel-

129 3138 184 3182 τὰ
212 3139 349 3184 λοιπὰ
378 3142 468 3184 τῶν
502 3142 636 3200 ἱερῶν
645 3176 658 3199 ,
701 3137 731 3186 ἃ
772 3140 828 3185 δὴ
864 3141 967 3193 τοὺς
1007 3141 1263 3204 προγόνους
1302 3147 1577 3190 καταλιπεῖν.
1619 3146 1795 3190 Servius
1837 3147 1892 3190 ad

130 3199 236 3241 Aen.
267 3199 321 3241 V.
352 3197 423 3241 64.
462 3199 606 3244 domi
646 3215 775 3244 suae
806 3202 1262 3259 sepeliebantur,
1304 3205 1448 3248 unde
1490 3210 1616 3247 orta
1655 3210 1740 3249 est
1770 3220 1892 3248 con-

133 3257 371 3299 suetudo
416 3264 476 3300 ut
516 3258 598 3301 dii
637 3264 874 3318 penates
917 3262 1242 3304 colerentur
1282 3263 1335 3305 in
1384 3264 1648 3307 domibus.
1689 3265 1889 3320 idemque

132 3316 187 3358 de
216 3315 304 3358 suis
332 3315 495 3359 civibus
523 3320 709 3362 testatur
736 3319 878 3372 Flam,
907 3334 982 3363 eos
1010 3321 1207 3378 sepulcra
1236 3321 1437 3365 habuisse
1465 3323 1510 3365 in
1539 3323 1748 3377 domibus,
1778 3323 1889 3366 unde

132 3379 228 3416 orta
257 3374 427 3418 videtur
456 3375 663 3419 Mercurii
693 3378 890 3433 (inferni)
919 3383 964 3422 et
987 3380 1181 3423 Hecatae
1210 3380 1363 3437 religio
1391 3382 1638 3427 domestica.
