2150 3814
805 249 1262 293 onpuch.
1751 241 1913 302 1075

143 384 218 439 in
275 382 701 447 sacrificiis
744 377 1082 450 fiebant,
1138 397 1326 458 quos
1371 380 1664 444 lixulas
1709 403 1747 444 a
1791 387 1915 462 Sa·-

141 480 351 540 binis
395 481 551 540 dici
594 479 833 538 Varro
877 488 1228 538 testatur.

306 581 406 639 De
457 589 773 659 postremo
828 579 1273 661 Harpocratio:
1341 578 1623 660 Νεήλατα
1679 584 1757 644 τὰ
1813 609 1914 645 νε-

143 679 296 741 ωστὶ
348 680 756 761 ἅληλεσμένα,
814 682 854 742 ἃ
912 680 990 759 δὴ
1032 682 1227 761 μέλιτι
1272 679 1677 751 ἀναδεύοντες
1721 685 1914 744 ἀστα-

138 777 328 859 φίδας
380 780 487 841 καὶ
528 780 896 863 ἐρεβίνθους
939 779 1311 863 ἐμβαλόντες
1353 785 1482 850 τοῖς
1515 780 1595 843 τοὶ
1640 781 1773 864 ἱεροὶ
1815 807 1914 845 τε-

135 884 352 942 λοῦσιν
407 882 659 961 ἔνεμον,
717 877 980 943 ἐκάλουν
1034 879 1104 942 δὲ
1163 880 1324 943 αὐτοὶ
1378 878 1448 961 τὸ
1507 879 1625 959 μὲν
1669 883 1914 963 ἄμβρο-

137 976 318 1051 σίαν,
373 980 443 1041 τὸ
502 978 573 1041 δὲ
626 979 975 1062 μακαρίαν,
1034 989 1098 1037 et
1149 979 1383 1058 pariter
1434 976 1665 1038 Anecd.
1722 980 1912 1040 Bekk.

130 1095 193 1155 p.
263 1078 406 1137 282.
470 1076 731 1156 νεήλατα
775 1116 860 1124 -
887 1077 1123 1141 νεωστὶ
1186 1078 1591 1158 ἅληλεσμένα·
1658 1087 1915 1142 καλοῦσι

130 1175 201 1238 δὲ
272 1177 630 1259 ἀμβροσίαν
696 1176 923 1246 λίπους.
982 1175 1385 1236 Schneiderus
1440 1184 1504 1235 et
1557 1176 1912 1238 Passowius

132 1292 208 1334 ex
246 1276 357 1334 illo
402 1275 836 1336 Demosthenis
878 1276 1014 1336 loco
1059 1274 1321 1356 ἐνήλατα
1363 1275 1653 1352 afferunt,
1707 1280 1914 1338 nescio

130 1384 249 1453 quo
285 1375 457 1452 jure3
499 1394 643 1436 nam
685 1375 776 1435 ibi
816 1374 1080 1458 νεήλατα
1120 1364 1372 1461 legitur,
1425 1375 1611 1456 idque
1663 1395 1790 1437 non
1843 1386 1915 1437 ut

131 1472 532 1535 Grammatici
611 1478 998 1558 praecipiunt
1077 1476 1189 1537 sed
1262 1494 1300 1536 a
1368 1475 1561 1538 verbo
1632 1476 1913 1542 ἐλαύνειν

132 1577 544 1654 compositum
579 1575 657 1658 [†]
734 1587 855 1650 est,
943 1586 1013 1637 ut
1067 1580 1327 1661 Ἔλατρα
1393 1578 1683 1659 πεῇιιματα
1760 1578 1915 1661 πρὸς

62 1707 69 1711 ·
130 1674 373 1738 θυσίαν
440 1675 706 1754 Hesych.
771 1677 1022 1760 Ἐλατήρ
1081 1679 1291 1758 πέμμα
1347 1677 1817 1746 πλακουντῶδες
1871 1677 1912 1755 ἢ

132 1775 352 1856 ἄρτος,
397 1778 664 1849 πλατὺς,
709 1781 777 1840 ἐν
821 1773 871 1860 ᾧ
916 1782 1087 1846 ’ἔτνος
1131 1776 1422 1839 ἐτίθεσαν
1463 1775 1570 1836 καὶ
1610 1782 1918 1859 προςῆγον

130 1881 221 1955 τῷ
273 1878 475 1958 βωμῷ
531 1875 701 1935 Suid.
759 1876 831 1935 cf,
875 1878 1132 1956 Inter-pr.
1177 1874 1259 1934 ad
1300 1874 1488 1934 Arist.
1532 1874 1683 1953 qu.
1733 1874 1912 1933 1190.

129 1972 229 2031 Illi
296 1972 376 2032 ad
432 1976 589 2037 ἅλέω
657 1975 1042 2050 aberrarunt,
1110 1974 1275 2034 unde
1332 1977 1564 2057 ἄλευρα
1619 1972 1916 2037 νεάλεστα

131 2070 332 2131 Schol.
375 2073 505 2134 Nic.
549 2074 724 2135 Alex.
767 2077 912 2136 412.
955 2076 1077 2134 nisi
1118 2075 1211 2133 rei
1252 2076 1463 2153 potius
1506 2092 1694 2153 quam
1738 2072 1916 2134 verbi

130 2180 414 2232 naturam
472 2170 780 2235 declarare
834 2178 912 2235 iis
969 2174 1360 2255 propositum
1404 2172 1538 2230 fuit.
1628 2170 1915 2232 Ceterum

131 2272 187 2329 si
244 2274 379 2351 quis
429 2277 850 2336 recentissima
908 2291 1182 2354 quaeque
1236 2272 1521 2330 instituta
1595 2290 1633 2331 a
1705 2270 1916 2331 tabida
1983 2294 1985 2296 ·

132 2380 439 2431 vetustate
487 2384 771 2454 ⁴repetere
825 2371 1079 2453 gaudet,
1134 2372 1188 2430 is
1243 2389 1381 2430 cum
1434 2370 1757 2452 voluptate
1811 2388 1918 2429 au-

131 2469 260 2529 diet
314 2471 467 2531 haec
523 2492 715 2554 opera
768 2474 1060 2555 pistoria,
1119 2491 1274 2552 quae
1328 2470 1515 2531 hodie
1559 2471 1717 2530 circa
1759 2479 1915 2529 tem-

129 2587 247 2651 pus
304 2569 678 2652 Carniprivii
736 2575 873 2635 sive
926 2573 1310 2634 Hilariorum
1355 2592 1430 2632 ex
1474 2572 1611 2631 oleo
1656 2577 1765 2629 aut
1807 2569 1917 2629 bu-

130 2680 270 2747 tyro
328 2673 657 2753 liquefacto
717 2676 894 2755 coqui
949 2674 1149 2733 solent
1201 2692 1545 2752 nomenque
1597 2670 1825 2729 habent
1880 2686 1919 2727 a

132 2774 465 2852 sartagine,
521 2775 809 2855 reliquias
867 2793 999 2835 esse
1055 2774 1303 2834 illorum
1347 2770 1913 2842 Bacchanaliorum,

134 2872 352 2950 quibus
409 2873 535 2934 duo
593 2875 916 2937 clarissimi
971 2875 1263 2935 Graeciae
1309 2882 1581 2933 oratores
1623 2867 1912 2929 interfue-

256 3042 319 3099 [†]
367 3043 525 3088 Nescio
576 3060 654 3088 cur
705 3047 774 3089 vir
819 3047 967 3089 doctus
1020 3046 1101 3089 hoc
1152 3043 1361 3087 vocabulo
1405 3055 1481 3083 nos
1524 3039 1588 3082 uti
1630 3041 1777 3090 vetet,
1831 3049 1915 3091 quo

140 3099 456 3150 Quinctilianus
495 3110 539 3147 et
577 3105 825 3148 Priscianus
873 3119 1081 3162 persaepe
1119 3105 1185 3146 usi
1227 3109 1339 3145 sunt.
1406 3097 1914 3147 Illis-Antibarbarorum

139 3161 405 3216 praeceptis,
464 3176 575 3218 quae
618 3177 751 3220 nuper
786 3164 1000 3207 Krebsius
1039 3162 1238 3218 collegit,
1287 3161 1330 3202 in
1372 3152 1737 3215 disputationibus
1772 3166 1916 3222 gram-

141 3216 305 3259 maticis
333 3226 379 3261 et
407 3222 663 3278 antiquariis
694 3237 832 3280 neque
862 3222 1044 3266 Wolfius
1086 3237 1131 3264 se
1174 3218 1406 3262 adstrinxit
1443 3230 1582 3273 neque
1621 3213 1916 3262 Ruhnkenms,

141 3288 194 3315 ac
224 3287 276 3315 ne
313 3275 409 3319 fieri
448 3280 619 3335 quidem
660 3285 804 3338 potest
843 3287 893 3324 ut
931 3281 1073 3324 omnia
1113 3279 1257 3322 verbis
1298 3274 1609 3334 probatissimis
1649 3277 1696 3315 et
1736 3271 1918 3314 maxime

141 3332 434 3376 Ciceronianis
473 3339 778 3394 exprimantur.
839 3341 937 3384 Alia
975 3345 1042 3381 est
1083 3338 1317 3381 orationum
1361 3341 1405 3377 et
1442 3334 1576 3377 totius
1618 3330 1919 3376 ἐπιδεικτικοῦ

146 3390 294 3440 εἴδους
324 3392 524 3436 conditio.
