<?xml version="1.0" encoding="UTF-8"?>
<!DOCTYPE html PUBLIC "-//W3C//DTD XHTML 1.0 Transitional//EN"
    "http://www.w3.org/TR/xhtml1/DTD/xhtml1-transitional.dtd">
<html xmlns="http://www.w3.org/1999/xhtml" xml:lang="en" lang="en">
 <head>
  <title>
</title>
<meta http-equiv="Content-Type" content="text/html;charset=utf-8" />
  <meta name='ocr-system' content='tesseract 3.04.00' />
  <meta name='ocr-capabilities' content='ocr_page ocr_carea ocr_par ocr_line ocrx_word'/>
</head>
<body>
  <div class='ocr_page' id='page_1' title='image "./aglaophamussived02lobeuoft_0247.png"; bbox 0 0 2150 3814; ppageno 0'>
   <div class='ocr_carea' id='block_1_1' title="bbox 0 0 31 3814">
    <p class='ocr_par' dir='ltr' id='par_1_1' title="bbox 0 0 31 3814">
     <span class='ocr_line' id='line_1_1' title="bbox 0 0 31 3814; baseline 0 0"><span class='ocrx_word' id='word_1_1' title='bbox 0 0 31 3814; x_wconf 95' lang='lat' dir='ltr'> </span> 
     </span>
    </p>
   </div>
   <div class='ocr_carea' id='block_1_2' title="bbox 803 224 1905 287">
    <p class='ocr_par' dir='ltr' id='par_1_2' title="bbox 803 224 1905 287">
     <span class='ocr_line' id='line_1_2' title="bbox 803 224 1905 287; baseline 0.008 -9"><span class='ocrx_word' id='word_1_2' title='bbox 803 231 1248 278; x_wconf 55' lang='lat' dir='ltr'>carnion.</span> <span class='ocrx_word' id='word_1_3' title='bbox 1742 224 1905 287; x_wconf 83' lang='lat'><strong>1023</strong></span> 
     </span>
    </p>
   </div>
   <div class='ocr_carea' id='block_1_3' title="bbox 147 330 1910 724">
    <p class='ocr_par' dir='ltr' id='par_1_3' title="bbox 147 330 1910 724">
     <span class='ocr_line' id='line_1_3' title="bbox 154 330 1905 447; baseline -0.001 -21"><span class='ocrx_word' id='word_1_4' title='bbox 154 385 273 447; x_wconf 89' lang='lat' dir='ltr'>que</span> <span class='ocrx_word' id='word_1_5' title='bbox 349 365 659 444; x_wconf 86' lang='lat' dir='ltr'>Majumae</span> <span class='ocrx_word' id='word_1_6' title='bbox 731 330 1071 442; x_wconf 79' lang='lat' dir='ltr'>procacitas</span> <span class='ocrx_word' id='word_1_7' title='bbox 1118 360 1274 442; x_wconf 57' lang='lat' dir='ltr'><strong>[2⁸]ss</strong></span> <span class='ocrx_word' id='word_1_8' title='bbox 1391 361 1492 422; x_wconf 91' lang='lat' dir='ltr'>De</span> <span class='ocrx_word' id='word_1_9' title='bbox 1553 366 1905 425; x_wconf 87' lang='lat' dir='ltr'>nautico-</span> 
     </span>
     <span class='ocr_line' id='line_1_4' title="bbox 148 460 1910 539; baseline -0.002 -13"><span class='ocrx_word' id='word_1_10' title='bbox 148 485 312 526; x_wconf 85' lang='lat' dir='ltr'>rum</span> <span class='ocrx_word' id='word_1_11' title='bbox 353 463 690 526; x_wconf 87' lang='lat' dir='ltr'>lascivia</span> <span class='ocrx_word' id='word_1_12' title='bbox 731 460 1218 539; x_wconf 84' lang='lat' dir='ltr'>gaudiorum,</span> <span class='ocrx_word' id='word_1_13' title='bbox 1260 469 1332 522; x_wconf 93' lang='lat' dir='ltr'>ut</span> <span class='ocrx_word' id='word_1_14' title='bbox 1373 461 1733 522; x_wconf 82' lang='lat' dir='ltr'>Tertulliani</span> <span class='ocrx_word' id='word_1_15' title='bbox 1773 475 1910 526; x_wconf 73' lang='lat' dir='ltr'>ver·—</span> 
     </span>
     <span class='ocr_line' id='line_1_5' title="bbox 148 561 1909 644; baseline -0.001 -18"><span class='ocrx_word' id='word_1_16' title='bbox 148 566 243 626; x_wconf 86' lang='lat' dir='ltr'>bis</span> <span class='ocrx_word' id='word_1_17' title='bbox 286 572 423 623; x_wconf 86' lang='lat' dir='ltr'>utar</span> <span class='ocrx_word' id='word_1_18' title='bbox 452 561 546 643; x_wconf 67' lang='lat'>[²⁹]</span> <span class='ocrx_word' id='word_1_19' title='bbox 603 561 1021 623; x_wconf 87' lang='lat' dir='ltr'>testimonium</span> <span class='ocrx_word' id='word_1_20' title='bbox 1075 561 1332 643; x_wconf 88' lang='lat' dir='ltr'>praebet</span> <span class='ocrx_word' id='word_1_21' title='bbox 1367 562 1681 627; x_wconf 87' lang='lat' dir='ltr'>Romanus</span> <span class='ocrx_word' id='word_1_22' title='bbox 1722 574 1909 644; x_wconf 88' lang='lat' dir='ltr'>poeta</span> 
     </span>
     <span class='ocr_line' id='line_1_6' title="bbox 147 661 614 724; baseline -0.009 0"><span class='ocrx_word' id='word_1_23' title='bbox 147 667 212 724; x_wconf 88' lang='lat' dir='ltr'>in</span> <span class='ocrx_word' id='word_1_24' title='bbox 256 661 614 724; x_wconf 82' lang='lat' dir='ltr'>catalectis:</span> 
     </span>
    </p>
   </div>
   <div class='ocr_carea' id='block_1_4' title="bbox 349 804 1635 1277">
    <p class='ocr_par' dir='ltr' id='par_1_4' title="bbox 359 804 1421 870">
     <span class='ocr_line' id='line_1_7' title="bbox 359 804 1421 870; baseline -0.001 -15"><span class='ocrx_word' id='word_1_25' title='bbox 359 806 474 855; x_wconf 90' lang='lat' dir='ltr'>Non</span> <span class='ocrx_word' id='word_1_26' title='bbox 509 823 584 853; x_wconf 90' lang='lat' dir='ltr'>me</span> <span class='ocrx_word' id='word_1_27' title='bbox 620 806 813 854; x_wconf 83' lang='lat' dir='ltr'>vocabis</span> <span class='ocrx_word' id='word_1_28' title='bbox 850 806 1048 869; x_wconf 85' lang='lat' dir='ltr'>pulchra</span> <span class='ocrx_word' id='word_1_29' title='bbox 1082 822 1168 870; x_wconf 89' lang='lat' dir='ltr'>per</span> <span class='ocrx_word' id='word_1_30' title='bbox 1203 804 1421 870; x_wconf 81' lang='lat' dir='ltr'>Cotyttia</span> 
     </span>
    </p>

    <p class='ocr_par' dir='ltr' id='par_1_5' title="bbox 354 892 915 954">
     <span class='ocr_line' id='line_1_8' title="bbox 354 892 915 954; baseline 0.002 -16"><span class='ocrx_word' id='word_1_31' title='bbox 354 893 414 938; x_wconf 86' lang='lat' dir='ltr'>ad</span> <span class='ocrx_word' id='word_1_32' title='bbox 448 892 645 938; x_wconf 83' lang='lat' dir='ltr'>feriatos</span> <span class='ocrx_word' id='word_1_33' title='bbox 678 892 915 954; x_wconf 85' lang='lat' dir='ltr'>fascinos;</span> 
     </span>
    </p>

    <p class='ocr_par' dir='ltr' id='par_1_6' title="bbox 350 976 1396 1025">
     <span class='ocr_line' id='line_1_9' title="bbox 350 976 1396 1025; baseline -0.001 -3"><span class='ocrx_word' id='word_1_34' title='bbox 350 991 441 1023; x_wconf 90' lang='lat' dir='ltr'>nec</span> <span class='ocrx_word' id='word_1_35' title='bbox 478 976 589 1024; x_wconf 79' lang='lat' dir='ltr'>dein</span> <span class='ocrx_word' id='word_1_36' title='bbox 623 993 810 1024; x_wconf 81' lang='lat' dir='ltr'>movere</span> <span class='ocrx_word' id='word_1_37' title='bbox 844 978 1028 1025; x_wconf 82' lang='lat' dir='ltr'>lumbos</span> <span class='ocrx_word' id='word_1_38' title='bbox 1064 978 1115 1022; x_wconf 88' lang='lat' dir='ltr'>in</span> <span class='ocrx_word' id='word_1_39' title='bbox 1134 977 1396 1022; x_wconf 77' lang='lat' dir='ltr'><strong>&#39;crocotula</strong></span> 
     </span>
    </p>

    <p class='ocr_par' dir='ltr' id='par_1_7' title="bbox 350 1061 1030 1122">
     <span class='ocr_line' id='line_1_10' title="bbox 350 1061 1030 1122; baseline -0.003 -14"><span class='ocrx_word' id='word_1_40' title='bbox 350 1063 537 1122; x_wconf 77' lang='lat' dir='ltr'>prensis</span> <span class='ocrx_word' id='word_1_41' title='bbox 570 1062 742 1109; x_wconf 83' lang='lat' dir='ltr'>videbo</span> <span class='ocrx_word' id='word_1_42' title='bbox 776 1061 1030 1116; x_wconf 86' lang='lat' dir='ltr'>altaribus,</span> 
     </span>
    </p>

    <p class='ocr_par' dir='ltr' id='par_1_8' title="bbox 349 1144 1635 1277">
     <span class='ocr_line' id='line_1_11' title="bbox 349 1144 1635 1207; baseline 0 -15"><span class='ocrx_word' id='word_1_43' title='bbox 349 1145 523 1193; x_wconf 83' lang='lat' dir='ltr'>flavum</span> <span class='ocrx_word' id='word_1_44' title='bbox 556 1161 704 1207; x_wconf 82' lang='lat' dir='ltr'>prope</span> <span class='ocrx_word' id='word_1_45' title='bbox 741 1153 790 1191; x_wconf 90' lang='lat' dir='ltr'>et</span> <span class='ocrx_word' id='word_1_46' title='bbox 826 1144 1058 1207; x_wconf 82' lang='lat' dir='ltr'><strong>Thybrim</strong></span> <span class='ocrx_word' id='word_1_47' title='bbox 1092 1151 1139 1190; x_wconf 92' lang='lat' dir='ltr'>te</span> <span class='ocrx_word' id='word_1_48' title='bbox 1177 1145 1360 1190; x_wconf 86' lang='lat' dir='ltr'>olentes</span> <span class='ocrx_word' id='word_1_49' title='bbox 1396 1146 1635 1192; x_wconf 88' lang='lat' dir='ltr'>nauticum</span> 
     </span>
     <span class='ocr_line' id='line_1_12' title="bbox 351 1245 629 1277; baseline 0 -1"><span class='ocrx_word' id='word_1_50' title='bbox 351 1245 523 1277; x_wconf 85' lang='lat' dir='ltr'>vocare</span> <span class='ocrx_word' id='word_1_51' title='bbox 569 1255 629 1265; x_wconf 89' lang='lat'>—·-</span> 
     </span>
    </p>
   </div>
   <div class='ocr_carea' id='block_1_5' title="bbox 138 1353 1908 2032">
    <p class='ocr_par' dir='ltr' id='par_1_9' title="bbox 138 1353 1908 2032">
     <span class='ocr_line' id='line_1_13' title="bbox 305 1353 1907 1435; baseline 0.002 -22"><span class='ocrx_word' id='word_1_52' title='bbox 305 1353 407 1414; x_wconf 86' lang='lat' dir='ltr'>Ad</span> <span class='ocrx_word' id='word_1_53' title='bbox 448 1355 598 1413; x_wconf 88' lang='lat' dir='ltr'>haec</span> <span class='ocrx_word' id='word_1_54' title='bbox 638 1355 695 1413; x_wconf 85' lang='lat' dir='ltr'>si</span> <span class='ocrx_word' id='word_1_55' title='bbox 736 1356 870 1435; x_wconf 85' lang='lat' dir='ltr'>quis</span> <span class='ocrx_word' id='word_1_56' title='bbox 911 1355 1212 1413; x_wconf 89' lang='lat' dir='ltr'>memoria</span> <span class='ocrx_word' id='word_1_57' title='bbox 1255 1365 1498 1434; x_wconf 84' lang='lat' dir='ltr'>repetat</span> <span class='ocrx_word' id='word_1_58' title='bbox 1551 1357 1658 1435; x_wconf 90' lang='lat' dir='ltr'>qui</span> <span class='ocrx_word' id='word_1_59' title='bbox 1710 1356 1907 1419; x_wconf 87' lang='lat' dir='ltr'>homi-</span> 
     </span>
     <span class='ocr_line' id='line_1_14' title="bbox 140 1451 1907 1534; baseline 0.001 -20"><span class='ocrx_word' id='word_1_60' title='bbox 140 1473 248 1514; x_wconf 86' lang='lat' dir='ltr'>nes</span> <span class='ocrx_word' id='word_1_61' title='bbox 309 1451 670 1514; x_wconf 85' lang='lat' dir='ltr'>Corinthum</span> <span class='ocrx_word' id='word_1_62' title='bbox 715 1455 1152 1528; x_wconf 85' lang='lat' dir='ltr'>confluxerint,</span> <span class='ocrx_word' id='word_1_63' title='bbox 1221 1465 1446 1534; x_wconf 87' lang='lat' dir='ltr'>quanta</span> <span class='ocrx_word' id='word_1_64' title='bbox 1500 1455 1684 1515; x_wconf 89' lang='lat' dir='ltr'>fuerit</span> <span class='ocrx_word' id='word_1_65' title='bbox 1738 1456 1907 1517; x_wconf 87' lang='lat' dir='ltr'>urbis</span> 
     </span>
     <span class='ocr_line' id='line_1_15' title="bbox 142 1554 1906 1635; baseline 0.002 -22"><span class='ocrx_word' id='word_1_66' title='bbox 142 1555 515 1634; x_wconf 81' lang='lat' dir='ltr'>corruptela,</span> <span class='ocrx_word' id='word_1_67' title='bbox 581 1562 807 1633; x_wconf 90' lang='lat' dir='ltr'>quanta</span> <span class='ocrx_word' id='word_1_68' title='bbox 873 1554 1039 1634; x_wconf 87' lang='lat' dir='ltr'>apud</span> <span class='ocrx_word' id='word_1_69' title='bbox 1105 1563 1342 1615; x_wconf 88' lang='lat' dir='ltr'>veteres</span> <span class='ocrx_word' id='word_1_70' title='bbox 1413 1556 1556 1615; x_wconf 87' lang='lat' dir='ltr'>festi</span> <span class='ocrx_word' id='word_1_71' title='bbox 1611 1559 1906 1635; x_wconf 88' lang='lat' dir='ltr'>temporis</span> 
     </span>
     <span class='ocr_line' id='line_1_16' title="bbox 139 1650 1908 1733; baseline 0.002 -21"><span class='ocrx_word' id='word_1_72' title='bbox 139 1654 416 1726; x_wconf 87' lang='lat' dir='ltr'>licentia,</span> <span class='ocrx_word' id='word_1_73' title='bbox 467 1661 530 1711; x_wconf 94' lang='lat' dir='ltr'>et</span> <span class='ocrx_word' id='word_1_74' title='bbox 573 1650 849 1730; x_wconf 90' lang='lat' dir='ltr'>Cotyttia</span> <span class='ocrx_word' id='word_1_75' title='bbox 888 1654 1028 1732; x_wconf 88' lang='lat' dir='ltr'>ipsa</span> <span class='ocrx_word' id='word_1_76' title='bbox 1070 1672 1251 1733; x_wconf 89' lang='lat' dir='ltr'>quam</span> <span class='ocrx_word' id='word_1_77' title='bbox 1295 1656 1521 1715; x_wconf 84' lang='lat' dir='ltr'>similia</span> <span class='ocrx_word' id='word_1_78' title='bbox 1562 1656 1908 1716; x_wconf 63' lang='lat' dir='ltr'>Bacchanae</span> 
     </span>
     <span class='ocr_line' id='line_1_17' title="bbox 140 1752 1908 1832; baseline 0.002 -21"><span class='ocrx_word' id='word_1_79' title='bbox 140 1753 318 1826; x_wconf 85' lang='lat' dir='ltr'>libus,</span> <span class='ocrx_word' id='word_1_80' title='bbox 365 1754 419 1812; x_wconf 87' lang='lat' dir='ltr'>is</span> <span class='ocrx_word' id='word_1_81' title='bbox 463 1752 798 1832; x_wconf 88' lang='lat' dir='ltr'>Baptarum</span> <span class='ocrx_word' id='word_1_82' title='bbox 839 1771 1068 1811; x_wconf 91' lang='lat' dir='ltr'>nomen</span> <span class='ocrx_word' id='word_1_83' title='bbox 1111 1762 1173 1810; x_wconf 89' lang='lat' dir='ltr'>et</span> <span class='ocrx_word' id='word_1_84' title='bbox 1213 1754 1440 1831; x_wconf 85' lang='lat' dir='ltr'>flagitia</span> <span class='ocrx_word' id='word_1_85' title='bbox 1481 1756 1623 1813; x_wconf 91' lang='lat' dir='ltr'>huic</span> <span class='ocrx_word' id='word_1_86' title='bbox 1664 1756 1800 1814; x_wconf 91' lang='lat' dir='ltr'>loco</span> <span class='ocrx_word' id='word_1_87' title='bbox 1846 1764 1908 1814; x_wconf 89' lang='lat' dir='ltr'>et</span> 
     </span>
     <span class='ocr_line' id='line_1_18' title="bbox 141 1852 1908 1932; baseline 0.002 -20"><span class='ocrx_word' id='word_1_88' title='bbox 141 1853 404 1932; x_wconf 90' lang='lat' dir='ltr'>tempori</span> <span class='ocrx_word' id='word_1_89' title='bbox 446 1870 598 1932; x_wconf 89' lang='lat' dir='ltr'>prae</span> <span class='ocrx_word' id='word_1_90' title='bbox 633 1852 845 1911; x_wconf 87' lang='lat' dir='ltr'>ceteris</span> <span class='ocrx_word' id='word_1_91' title='bbox 882 1853 1206 1913; x_wconf 89' lang='lat' dir='ltr'>convenire</span> <span class='ocrx_word' id='word_1_92' title='bbox 1243 1855 1594 1913; x_wconf 84' lang='lat' dir='ltr'>consentiet.</span> <span class='ocrx_word' id='word_1_93' title='bbox 1651 1855 1908 1915; x_wconf 90' lang='lat' dir='ltr'>Initium</span> 
     </span>
     <span class='ocr_line' id='line_1_19' title="bbox 138 1950 1908 2032; baseline 0.002 -21"><span class='ocrx_word' id='word_1_94' title='bbox 138 1952 398 2012; x_wconf 86' lang='lat' dir='ltr'>fortasse</span> <span class='ocrx_word' id='word_1_95' title='bbox 437 1950 604 2012; x_wconf 89' lang='lat' dir='ltr'>idem</span> <span class='ocrx_word' id='word_1_96' title='bbox 655 1950 822 2032; x_wconf 88' lang='lat' dir='ltr'>quod</span> <span class='ocrx_word' id='word_1_97' title='bbox 863 1952 1125 2011; x_wconf 90' lang='lat' dir='ltr'>aliorum</span> <span class='ocrx_word' id='word_1_98' title='bbox 1167 1951 1520 2029; x_wconf 87' lang='lat' dir='ltr'>hujusmodi</span> <span class='ocrx_word' id='word_1_99' title='bbox 1570 1972 1908 2030; x_wconf 82' lang='lat' dir='ltr'>sacrorum3</span> 
     </span>
    </p>
   </div>
   <div class='ocr_carea' id='block_1_6' title="bbox 138 2149 1911 2325">
    <p class='ocr_par' dir='ltr' id='par_1_10' title="bbox 138 2149 1911 2325">
     <span class='ocr_line' id='line_1_20' title="bbox 140 2149 1911 2209; baseline 0.002 -16"><span class='ocrx_word' id='word_1_100' title='bbox 140 2151 328 2194; x_wconf 83' lang='lat' dir='ltr'>amoenis</span> <span class='ocrx_word' id='word_1_101' title='bbox 367 2150 466 2193; x_wconf 85' lang='lat' dir='ltr'>olim</span> <span class='ocrx_word' id='word_1_102' title='bbox 502 2149 701 2192; x_wconf 79' lang='lat' dir='ltr'>famosis=</span> <span class='ocrx_word' id='word_1_103' title='bbox 759 2149 964 2192; x_wconf 84' lang='lat' dir='ltr'>Nullus</span> <span class='ocrx_word' id='word_1_104' title='bbox 1013 2149 1068 2192; x_wconf 87' lang='lat' dir='ltr'>in</span> <span class='ocrx_word' id='word_1_105' title='bbox 1114 2151 1352 2194; x_wconf 84' lang='lat' dir='ltr'>navibus</span> <span class='ocrx_word' id='word_1_106' title='bbox 1398 2166 1598 2205; x_wconf 87' lang='lat' dir='ltr'>canor,</span> <span class='ocrx_word' id='word_1_107' title='bbox 1645 2154 1911 2209; x_wconf 73' lang='lat' dir='ltr'>nulla,in</span> 
     </span>
     <span class='ocr_line' id='line_1_21' title="bbox 142 2206 1906 2263; baseline 0.003 -13"><span class='ocrx_word' id='word_1_108' title='bbox 142 2208 433 2251; x_wconf 84' lang='lat' dir='ltr'>conviviis</span> <span class='ocrx_word' id='word_1_109' title='bbox 483 2206 768 2250; x_wconf 77' lang='lat' dir='ltr'>helluatio</span> <span class='ocrx_word' id='word_1_110' title='bbox 833 2222 932 2250; x_wconf 89' lang='lat' dir='ltr'>nec</span> <span class='ocrx_word' id='word_1_111' title='bbox 980 2207 1375 2263; x_wconf 83' lang='lat' dir='ltr'>frequentatio</span> <span class='ocrx_word' id='word_1_112' title='bbox 1426 2211 1751 2255; x_wconf 86' lang='lat' dir='ltr'>balnearum</span> <span class='ocrx_word' id='word_1_113' title='bbox 1804 2227 1906 2255; x_wconf 92' lang='lat' dir='ltr'>nec</span> 
     </span>
     <span class='ocr_line' id='line_1_22' title="bbox 138 2265 1904 2325; baseline 0.004 -18"><span class='ocrx_word' id='word_1_114' title='bbox 138 2267 402 2321; x_wconf 83' lang='lat' dir='ltr'>juvenum</span> <span class='ocrx_word' id='word_1_115' title='bbox 432 2265 641 2308; x_wconf 77' lang='lat' dir='ltr'>lascivi</span> <span class='ocrx_word' id='word_1_116' title='bbox 670 2270 919 2318; x_wconf 88' lang='lat' dir='ltr'>natatus,</span> <span class='ocrx_word' id='word_1_117' title='bbox 957 2266 1112 2321; x_wconf 88' lang='lat' dir='ltr'>quibus</span> <span class='ocrx_word' id='word_1_118' title='bbox 1142 2281 1369 2323; x_wconf 82' lang='lat' dir='ltr'>componas</span> <span class='ocrx_word' id='word_1_119' title='bbox 1401 2267 1492 2310; x_wconf 90' lang='lat' dir='ltr'>Cic.</span> <span class='ocrx_word' id='word_1_120' title='bbox 1532 2284 1574 2325; x_wconf 91' lang='lat' dir='ltr'>p.</span> <span class='ocrx_word' id='word_1_121' title='bbox 1607 2269 1726 2314; x_wconf 88' lang='lat' dir='ltr'>Coel.</span> <span class='ocrx_word' id='word_1_122' title='bbox 1759 2285 1796 2312; x_wconf 88' lang='lat' dir='ltr'>c.</span> <span class='ocrx_word' id='word_1_123' title='bbox 1826 2271 1904 2317; x_wconf 88' lang='lat' dir='ltr'>XI.</span> 
     </span>
    </p>
   </div>
   <div class='ocr_carea' id='block_1_7' title="bbox 140 2350 1906 2820">
    <p class='ocr_par' dir='ltr' id='par_1_11' title="bbox 140 2350 1906 2820">
     <span class='ocr_line' id='line_1_23' title="bbox 262 2350 1905 2414; baseline 0.004 -21"><span class='ocrx_word' id='word_1_124' title='bbox 262 2351 303 2408; x_wconf 86' lang='lat'>[²</span> <span class='ocrx_word' id='word_1_125' title='bbox 315 2352 354 2408; x_wconf 83' lang='lat'>⁸]</span> <span class='ocrx_word' id='word_1_126' title='bbox 398 2366 438 2394; x_wconf 82' lang='lat' dir='ltr'>v.</span> <span class='ocrx_word' id='word_1_127' title='bbox 468 2350 653 2394; x_wconf 84' lang='lat' dir='ltr'>Wessel.</span> <span class='ocrx_word' id='word_1_128' title='bbox 684 2351 767 2408; x_wconf 83' lang='lat' dir='ltr'>Ep.</span> <span class='ocrx_word' id='word_1_129' title='bbox 797 2352 853 2394; x_wconf 88' lang='lat' dir='ltr'>ad</span> <span class='ocrx_word' id='word_1_130' title='bbox 881 2352 940 2395; x_wconf 88' lang='lat' dir='ltr'>H.</span> <span class='ocrx_word' id='word_1_131' title='bbox 971 2353 1196 2395; x_wconf 87' lang='lat' dir='ltr'>Venemam</span> <span class='ocrx_word' id='word_1_132' title='bbox 1227 2368 1271 2410; x_wconf 88' lang='lat' dir='ltr'>p.</span> <span class='ocrx_word' id='word_1_133' title='bbox 1305 2354 1374 2399; x_wconf 79' lang='lat'>35.</span> <span class='ocrx_word' id='word_1_134' title='bbox 1433 2354 1567 2397; x_wconf 86' lang='lat' dir='ltr'>Noris</span> <span class='ocrx_word' id='word_1_135' title='bbox 1595 2356 1649 2398; x_wconf 87' lang='lat' dir='ltr'>de</span> <span class='ocrx_word' id='word_1_136' title='bbox 1678 2358 1786 2399; x_wconf 87' lang='lat' dir='ltr'>Ann.</span> <span class='ocrx_word' id='word_1_137' title='bbox 1818 2358 1905 2414; x_wconf 77' lang='lat' dir='ltr'>Sy-</span> 
     </span>
     <span class='ocr_line' id='line_1_24' title="bbox 143 2409 1905 2468; baseline 0.003 -15"><span class='ocrx_word' id='word_1_138' title='bbox 143 2410 356 2453; x_wconf 82' lang='lat' dir='ltr'>romaced.</span> <span class='ocrx_word' id='word_1_139' title='bbox 384 2424 427 2467; x_wconf 89' lang='lat' dir='ltr'>p.</span> <span class='ocrx_word' id='word_1_140' title='bbox 457 2409 553 2452; x_wconf 84' lang='lat'>511.</span> <span class='ocrx_word' id='word_1_141' title='bbox 585 2410 851 2454; x_wconf 85' lang='lat' dir='ltr'>Wernsdorf.</span> <span class='ocrx_word' id='word_1_142' title='bbox 882 2410 1006 2453; x_wconf 88' lang='lat' dir='ltr'>Poet.</span> <span class='ocrx_word' id='word_1_143' title='bbox 1039 2410 1148 2454; x_wconf 87' lang='lat' dir='ltr'>Min.</span> <span class='ocrx_word' id='word_1_144' title='bbox 1179 2411 1236 2453; x_wconf 84' lang='lat' dir='ltr'>T.</span> <span class='ocrx_word' id='word_1_145' title='bbox 1267 2412 1304 2454; x_wconf 90' lang='grc' dir='ltr'><strong>Ι.</strong></span> <span class='ocrx_word' id='word_1_146' title='bbox 1335 2427 1376 2468; x_wconf 90' lang='lat' dir='ltr'>p.</span> <span class='ocrx_word' id='word_1_147' title='bbox 1397 2412 1497 2454; x_wconf 79' lang='grc'><strong>268.</strong></span> <span class='ocrx_word' id='word_1_148' title='bbox 1527 2418 1572 2457; x_wconf 89' lang='lat' dir='ltr'>et</span> <span class='ocrx_word' id='word_1_149' title='bbox 1602 2414 1658 2457; x_wconf 90' lang='lat' dir='ltr'>T.</span> <span class='ocrx_word' id='word_1_150' title='bbox 1688 2416 1774 2458; x_wconf 91' lang='lat' dir='ltr'><strong>III.</strong></span> <span class='ocrx_word' id='word_1_151' title='bbox 1804 2413 1905 2459; x_wconf 82' lang='lat'><strong>435.</strong></span> 
     </span>
     <span class='ocr_line' id='line_1_25' title="bbox 143 2465 1906 2528; baseline 0.005 -17"><span class='ocrx_word' id='word_1_152' title='bbox 143 2469 300 2511; x_wconf 74' lang='lat' dir='ltr'>Snidas</span> <span class='ocrx_word' id='word_1_153' title='bbox 329 2483 363 2510; x_wconf 84' lang='lat' dir='ltr'>s.</span> <span class='ocrx_word' id='word_1_154' title='bbox 391 2470 664 2525; x_wconf 83' lang='grc' dir='ltr'><strong><em>Μαιουμᾶς·</em></strong></span> <span class='ocrx_word' id='word_1_155' title='bbox 705 2469 751 2511; x_wconf 78' lang='grc' dir='ltr'>οἱ</span> <span class='ocrx_word' id='word_1_156' title='bbox 778 2465 831 2510; x_wconf 82' lang='grc' dir='ltr'>τὰ</span> <span class='ocrx_word' id='word_1_157' title='bbox 871 2470 1027 2523; x_wconf 78' lang='grc' dir='ltr'><strong><em>πρῶτα</em></strong></span> <span class='ocrx_word' id='word_1_158' title='bbox 1064 2472 1139 2518; x_wconf 65' lang='grc' dir='ltr'>τῆς</span> <span class='ocrx_word' id='word_1_159' title='bbox 1176 2465 1348 2520; x_wconf 84' lang='grc' dir='ltr'><strong><em>πόλεως</em></strong></span> <span class='ocrx_word' id='word_1_160' title='bbox 1385 2472 1611 2523; x_wconf 81' lang='grc' dir='ltr'><em>τελοῦντες</em></span> <span class='ocrx_word' id='word_1_161' title='bbox 1647 2471 1906 2528; x_wconf 74' lang='grc' dir='ltr'><em>ἡδυπαθεῖν</em></span> 
     </span>
     <span class='ocr_line' id='line_1_26' title="bbox 141 2523 1904 2586; baseline 0.005 -16"><span class='ocrx_word' id='word_1_162' title='bbox 141 2526 370 2585; x_wconf 60' lang='grc' dir='ltr'><strong><em>ἠνείχοντο</em></strong></span> <span class='ocrx_word' id='word_1_163' title='bbox 399 2526 450 2570; x_wconf 74' lang='grc' dir='ltr'>ἐν</span> <span class='ocrx_word' id='word_1_164' title='bbox 477 2530 569 2575; x_wconf 88' lang='grc' dir='ltr'><strong><em>τοῖς</em></strong></span> <span class='ocrx_word' id='word_1_165' title='bbox 595 2527 850 2575; x_wconf 79' lang='grc' dir='ltr'><strong><em>θαλαττίοις</em></strong></span> <span class='ocrx_word' id='word_1_166' title='bbox 877 2523 1040 2569; x_wconf 79' lang='grc' dir='ltr'><strong><em>ὕδασιν</em></strong></span> <span class='ocrx_word' id='word_1_167' title='bbox 1069 2523 1284 2577; x_wconf 76' lang='grc' dir='ltr'><strong><em>ἀλλήλους</em></strong></span> <span class='ocrx_word' id='word_1_168' title='bbox 1312 2526 1593 2586; x_wconf 73' lang='grc' dir='ltr'>ἐμβαλόντες.</span> <span class='ocrx_word' id='word_1_169' title='bbox 1627 2531 1724 2576; x_wconf 88' lang='lat' dir='ltr'>Hoc</span> <span class='ocrx_word' id='word_1_170' title='bbox 1754 2535 1904 2578; x_wconf 85' lang='lat' dir='ltr'>Victo-</span> 
     </span>
     <span class='ocr_line' id='line_1_27' title="bbox 142 2581 1904 2644; baseline 0.005 -16"><span class='ocrx_word' id='word_1_171' title='bbox 142 2586 232 2628; x_wconf 83' lang='lat' dir='ltr'>riua</span> <span class='ocrx_word' id='word_1_172' title='bbox 262 2585 318 2628; x_wconf 86' lang='lat' dir='ltr'>ad</span> <span class='ocrx_word' id='word_1_173' title='bbox 350 2584 441 2627; x_wconf 87' lang='lat' dir='ltr'>Cic.</span> <span class='ocrx_word' id='word_1_174' title='bbox 471 2584 564 2626; x_wconf 88' lang='lat' dir='ltr'>Fin.</span> <span class='ocrx_word' id='word_1_175' title='bbox 596 2584 648 2626; x_wconf 92' lang='lat' dir='ltr'>V.</span> <span class='ocrx_word' id='word_1_176' title='bbox 677 2581 750 2630; x_wconf 75' lang='lat'>24.</span> <span class='ocrx_word' id='word_1_177' title='bbox 782 2587 828 2626; x_wconf 85' lang='lat' dir='ltr'>et</span> <span class='ocrx_word' id='word_1_178' title='bbox 852 2583 1035 2627; x_wconf 71' lang='lat' dir='ltr'>nivinus</span> <span class='ocrx_word' id='word_1_179' title='bbox 1063 2584 1107 2627; x_wconf 86' lang='lat' dir='ltr'>in</span> <span class='ocrx_word' id='word_1_180' title='bbox 1135 2584 1251 2628; x_wconf 70' lang='lat' dir='ltr'>Dias.</span> <span class='ocrx_word' id='word_1_181' title='bbox 1285 2586 1338 2629; x_wconf 90' lang='lat' dir='ltr'>de</span> <span class='ocrx_word' id='word_1_182' title='bbox 1371 2588 1570 2644; x_wconf 83' lang='lat' dir='ltr'>Majumis</span> <span class='ocrx_word' id='word_1_183' title='bbox 1609 2595 1654 2633; x_wconf 89' lang='lat' dir='ltr'>et</span> <span class='ocrx_word' id='word_1_184' title='bbox 1681 2592 1904 2637; x_wconf 86' lang='lat' dir='ltr'>Roncaliis</span> 
     </span>
     <span class='ocr_line' id='line_1_28' title="bbox 141 2641 1900 2709; baseline 0.005 -23"><span class='ocrx_word' id='word_1_185' title='bbox 141 2644 188 2687; x_wconf 88' lang='lat' dir='ltr'>in</span> <span class='ocrx_word' id='word_1_186' title='bbox 217 2643 399 2686; x_wconf 82' lang='lat' dir='ltr'>Graevii</span> <span class='ocrx_word' id='word_1_187' title='bbox 427 2643 652 2699; x_wconf 83' lang='lat' dir='ltr'>Syntagm.</span> <span class='ocrx_word' id='word_1_188' title='bbox 681 2641 863 2685; x_wconf 86' lang='lat' dir='ltr'>Dissert.</span> <span class='ocrx_word' id='word_1_189' title='bbox 903 2657 946 2699; x_wconf 89' lang='lat' dir='ltr'>p.</span> <span class='ocrx_word' id='word_1_190' title='bbox 977 2642 1076 2686; x_wconf 87' lang='grc'><strong>596.</strong></span> <span class='ocrx_word' id='word_1_191' title='bbox 1106 2658 1200 2687; x_wconf 88' lang='lat' dir='ltr'>cum</span> <span class='ocrx_word' id='word_1_192' title='bbox 1229 2646 1362 2688; x_wconf 88' lang='lat' dir='ltr'>sacris</span> <span class='ocrx_word' id='word_1_193' title='bbox 1393 2647 1597 2702; x_wconf 82' lang='lat' dir='ltr'>Cotyttus</span> <span class='ocrx_word' id='word_1_194' title='bbox 1635 2658 1900 2709; x_wconf 88' lang='lat' dir='ltr'>comparant,</span> 
     </span>
     <span class='ocr_line' id='line_1_29' title="bbox 142 2701 1903 2759; baseline 0.005 -14"><span class='ocrx_word' id='word_1_195' title='bbox 142 2716 295 2759; x_wconf 89' lang='lat' dir='ltr'>quam</span> <span class='ocrx_word' id='word_1_196' title='bbox 325 2701 643 2759; x_wconf 77' lang='lat' dir='ltr'>&#39;psaltriam</span> <span class='ocrx_word' id='word_1_197' title='bbox 683 2701 1047 2758; x_wconf 84' lang='lat' dir='ltr'>peregrinam</span> <span class='ocrx_word' id='word_1_198' title='bbox 1087 2703 1316 2746; x_wconf 80' lang='lat' dir='ltr'>Athenis</span> <span class='ocrx_word' id='word_1_199' title='bbox 1364 2705 1559 2748; x_wconf 87' lang='lat' dir='ltr'>molles</span> <span class='ocrx_word' id='word_1_200' title='bbox 1604 2706 1671 2751; x_wconf 87' lang='lat' dir='ltr'>ad</span> <span class='ocrx_word' id='word_1_201' title='bbox 1708 2709 1903 2753; x_wconf 87' lang='lat' dir='ltr'>imita-</span> 
     </span>
     <span class='ocr_line' id='line_1_30' title="bbox 140 2759 1902 2820; baseline 0.005 -16"><span class='ocrx_word' id='word_1_202' title='bbox 140 2761 352 2804; x_wconf 85' lang='lat' dir='ltr'>tionem</span> <span class='ocrx_word' id='word_1_203' title='bbox 399 2759 729 2802; x_wconf 88' lang='lat' dir='ltr'>feminarum</span> <span class='ocrx_word' id='word_1_204' title='bbox 782 2760 1073 2803; x_wconf 80' lang='lat' dir='ltr'>saltantes</span> <span class='ocrx_word' id='word_1_205' title='bbox 1122 2766 1285 2804; x_wconf 90' lang='lat' dir='ltr'>noctu</span> <span class='ocrx_word' id='word_1_206' title='bbox 1339 2763 1668 2820; x_wconf 82' lang='lat' dir='ltr'>defatigare</span> <span class='ocrx_word' id='word_1_207' title='bbox 1716 2782 1902 2811; x_wconf 82' lang='lat' dir='ltr'>sueve-</span> 
     </span>
    </p>
   </div>
   <div class='ocr_carea' id='block_1_8' title="bbox 141 2817 1979 2881">
    <p class='ocr_par' dir='ltr' id='par_1_12' title="bbox 141 2817 1979 2881">
     <span class='ocr_line' id='line_1_31' title="bbox 141 2817 1979 2881; baseline 0.003 -20"><span class='ocrx_word' id='word_1_208' title='bbox 141 2825 294 2872; x_wconf 83' lang='lat' dir='ltr'>rant,</span> <span class='ocrx_word' id='word_1_209' title='bbox 331 2832 469 2876; x_wconf 86' lang='lat' dir='ltr'>quos</span> <span class='ocrx_word' id='word_1_210' title='bbox 508 2817 748 2876; x_wconf 75' lang='lat' dir='ltr'>Eupolis</span> <span class='ocrx_word' id='word_1_211' title='bbox 790 2818 892 2861; x_wconf 85' lang='lat' dir='ltr'>sub</span> <span class='ocrx_word' id='word_1_212' title='bbox 933 2819 1148 2862; x_wconf 87' lang='lat' dir='ltr'>nomine</span> <span class='ocrx_word' id='word_1_213' title='bbox 1184 2820 1489 2876; x_wconf 86' lang='lat' dir='ltr'>Baptarum</span> <span class='ocrx_word' id='word_1_214' title='bbox 1531 2826 1901 2881; x_wconf 86' lang='lat' dir='ltr'>perstrinxit,</span> <span class='ocrx_word' id='word_1_215' title='bbox 1969 2861 1979 2867; x_wconf 77' lang='grc'><strong><em>,</em></strong></span> 
     </span>
    </p>
   </div>
   <div class='ocr_carea' id='block_1_9' title="bbox 143 2875 1902 3214">
    <p class='ocr_par' dir='ltr' id='par_1_13' title="bbox 143 2875 1902 3214">
     <span class='ocr_line' id='line_1_32' title="bbox 143 2875 1902 2940; baseline 0.003 -20"><span class='ocrx_word' id='word_1_216' title='bbox 143 2882 343 2934; x_wconf 86' lang='lat' dir='ltr'>utpote</span> <span class='ocrx_word' id='word_1_217' title='bbox 391 2877 498 2933; x_wconf 91' lang='lat' dir='ltr'>qui,</span> <span class='ocrx_word' id='word_1_218' title='bbox 560 2882 623 2920; x_wconf 94' lang='lat' dir='ltr'>ut</span> <span class='ocrx_word' id='word_1_219' title='bbox 666 2875 720 2918; x_wconf 88' lang='lat' dir='ltr'>in</span> <span class='ocrx_word' id='word_1_220' title='bbox 772 2875 1041 2932; x_wconf 87' lang='lat' dir='ltr'>Majuma,</span> <span class='ocrx_word' id='word_1_221' title='bbox 1084 2879 1364 2935; x_wconf 56' lang='lat' dir='ltr'>,interdiu</span> <span class='ocrx_word' id='word_1_222' title='bbox 1417 2880 1570 2936; x_wconf 83' lang='lat' dir='ltr'>prius</span> <span class='ocrx_word' id='word_1_223' title='bbox 1624 2885 1787 2940; x_wconf 83' lang='lat' dir='ltr'>aquis</span> <span class='ocrx_word' id='word_1_224' title='bbox 1844 2900 1902 2929; x_wconf 74' lang='lat' dir='ltr'>se</span> 
     </span>
     <span class='ocr_line' id='line_1_33' title="bbox 143 2934 1901 2994; baseline 0.005 -16"><span class='ocrx_word' id='word_1_225' title='bbox 143 2935 589 2979; x_wconf 73' lang='lat' dir='ltr'>madefacientes</span> <span class='ocrx_word' id='word_1_226' title='bbox 650 2934 897 2978; x_wconf 77' lang='lat' dir='ltr'>nefariis</span> <span class='ocrx_word' id='word_1_227' title='bbox 953 2935 1154 2979; x_wconf 84' lang='lat' dir='ltr'>deinde</span> <span class='ocrx_word' id='word_1_228' title='bbox 1210 2937 1768 2994; x_wconf 74' lang='lat' dir='ltr'>pervigilationibun</span> <span class='ocrx_word' id='word_1_229' title='bbox 1815 2944 1901 2987; x_wconf 90' lang='lat' dir='ltr'>in-</span> 
     </span>
     <span class='ocr_line' id='line_1_34' title="bbox 143 2992 1900 3056; baseline 0.006 -20"><span class='ocrx_word' id='word_1_230' title='bbox 143 2994 513 3050; x_wconf 69' lang='lat' dir='ltr'>sanabantur.</span> <span class='ocrx_word' id='word_1_231' title='bbox 570 2993 639 3036; x_wconf 86' lang='lat' dir='ltr'>De</span> <span class='ocrx_word' id='word_1_232' title='bbox 681 2992 861 3050; x_wconf 82' lang='lat' dir='ltr'>psaltria</span> <span class='ocrx_word' id='word_1_233' title='bbox 900 2994 1082 3038; x_wconf 89' lang='lat' dir='ltr'>credidit</span> <span class='ocrx_word' id='word_1_234' title='bbox 1119 2994 1389 3038; x_wconf 78' lang='lat' dir='ltr'>scholiastae</span> <span class='ocrx_word' id='word_1_235' title='bbox 1426 2996 1576 3040; x_wconf 86' lang='lat' dir='ltr'>Juven.</span> <span class='ocrx_word' id='word_1_236' title='bbox 1612 3004 1827 3056; x_wconf 80' lang='lat' dir='ltr'>postrema</span> <span class='ocrx_word' id='word_1_237' title='bbox 1855 3002 1900 3046; x_wconf 88' lang='lat' dir='ltr'>in</span> 
     </span>
     <span class='ocr_line' id='line_1_35' title="bbox 146 3051 1901 3115; baseline 0.006 -21"><span class='ocrx_word' id='word_1_238' title='bbox 146 3052 394 3108; x_wconf 77' lang='lat' dir='ltr'>conjectura</span> <span class='ocrx_word' id='word_1_239' title='bbox 418 3052 572 3109; x_wconf 81' lang='lat' dir='ltr'>posita.</span> <span class='ocrx_word' id='word_1_240' title='bbox 619 3051 834 3095; x_wconf 75' lang='lat' dir='ltr'>Alcmanis</span> <span class='ocrx_word' id='word_1_241' title='bbox 860 3051 931 3095; x_wconf 80' lang='lat' dir='ltr'>vel</span> <span class='ocrx_word' id='word_1_242' title='bbox 958 3053 1186 3096; x_wconf 86' lang='lat' dir='ltr'>Alcimenis</span> <span class='ocrx_word' id='word_1_243' title='bbox 1215 3067 1385 3097; x_wconf 83' lang='lat' dir='ltr'>carmen</span> <span class='ocrx_word' id='word_1_244' title='bbox 1412 3056 1716 3115; x_wconf 79' lang='grc' dir='ltr'><strong><em>Κολυμβῶσαι</em></strong></span> <span class='ocrx_word' id='word_1_245' title='bbox 1743 3072 1901 3104; x_wconf 75' lang='lat' dir='ltr'>inemo-</span> 
     </span>
     <span class='ocr_line' id='line_1_36' title="bbox 144 3109 1899 3176; baseline 0.007 -24"><span class='ocrx_word' id='word_1_246' title='bbox 144 3114 216 3153; x_wconf 86' lang='lat' dir='ltr'>rat</span> <span class='ocrx_word' id='word_1_247' title='bbox 241 3109 419 3153; x_wconf 80' lang='lat' dir='ltr'>Photius</span> <span class='ocrx_word' id='word_1_248' title='bbox 445 3124 487 3153; x_wconf 83' lang='lat' dir='ltr'>v.</span> <span class='ocrx_word' id='word_1_249' title='bbox 516 3110 717 3153; x_wconf 88' lang='lat' dir='ltr'>Meineke</span> <span class='ocrx_word' id='word_1_250' title='bbox 747 3110 927 3162; x_wconf 73' lang='lat' dir='ltr'>Quaest.</span> <span class='ocrx_word' id='word_1_251' title='bbox 966 3111 1092 3169; x_wconf 88' lang='lat' dir='ltr'>Spec.</span> <span class='ocrx_word' id='word_1_252' title='bbox 1121 3112 1157 3154; x_wconf 93' lang='lat' dir='ltr'>I.</span> <span class='ocrx_word' id='word_1_253' title='bbox 1195 3110 1265 3155; x_wconf 76' lang='lat'>83.</span> <span class='ocrx_word' id='word_1_254' title='bbox 1297 3110 1485 3172; x_wconf 71' lang='grc' dir='ltr'><strong><em>’Ἅμιλλα</em></strong></span> <span class='ocrx_word' id='word_1_255' title='bbox 1528 3113 1755 3176; x_wconf 80' lang='grc' dir='ltr'><strong><em>κολύμβου</em></strong></span> <span class='ocrx_word' id='word_1_256' title='bbox 1783 3119 1899 3164; x_wconf 86' lang='lat' dir='ltr'>Her-</span> 
     </span>
     <span class='ocr_line' id='line_1_37' title="bbox 147 3166 1230 3214; baseline 0.003 -3"><span class='ocrx_word' id='word_1_257' title='bbox 147 3166 311 3212; x_wconf 75' lang='lat' dir='ltr'>mionae</span> <span class='ocrx_word' id='word_1_258' title='bbox 335 3168 496 3212; x_wconf 88' lang='lat' dir='ltr'>Libero</span> <span class='ocrx_word' id='word_1_259' title='bbox 524 3168 648 3212; x_wconf 86' lang='lat' dir='ltr'>Patri</span> <span class='ocrx_word' id='word_1_260' title='bbox 675 3168 895 3213; x_wconf 88' lang='lat' dir='ltr'>celebrata</span> <span class='ocrx_word' id='word_1_261' title='bbox 921 3170 1053 3214; x_wconf 68' lang='lat' dir='ltr'>Paua.</span> <span class='ocrx_word' id='word_1_262' title='bbox 1081 3171 1139 3214; x_wconf 90' lang='lat'>11.</span> <span class='ocrx_word' id='word_1_263' title='bbox 1160 3168 1230 3214; x_wconf 80' lang='lat'>35.</span> 
     </span>
    </p>
   </div>
   <div class='ocr_carea' id='block_1_10' title="bbox 146 3253 1897 3433">
    <p class='ocr_par' dir='ltr' id='par_1_14' title="bbox 146 3253 1897 3433">
     <span class='ocr_line' id='line_1_38' title="bbox 155 3253 1897 3324; baseline 0.009 -30"><span class='ocrx_word' id='word_1_264' title='bbox 155 3307 178 3323; x_wconf 53' lang='grc' dir='ltr'><em>ν</em></span> <span class='ocrx_word' id='word_1_265' title='bbox 264 3253 354 3311; x_wconf 84' lang='lat'>[²⁹]</span> <span class='ocrx_word' id='word_1_266' title='bbox 398 3253 508 3302; x_wconf 74' lang='grc' dir='ltr'><strong>Λᾶν.</strong></span> <span class='ocrx_word' id='word_1_267' title='bbox 545 3255 715 3300; x_wconf 82' lang='lat' dir='ltr'>Valent.</span> <span class='ocrx_word' id='word_1_268' title='bbox 753 3255 854 3299; x_wconf 83' lang='grc' dir='ltr'><strong>ΧΠ.</strong></span> <span class='ocrx_word' id='word_1_269' title='bbox 894 3255 991 3300; x_wconf 85' lang='grc'><strong>161.</strong></span> <span class='ocrx_word' id='word_1_270' title='bbox 1029 3256 1085 3300; x_wconf 88' lang='grc' dir='ltr'><strong>Τ.</strong></span> <span class='ocrx_word' id='word_1_271' title='bbox 1125 3257 1182 3299; x_wconf 93' lang='grc' dir='ltr'><strong>ΙΙ.</strong></span> <span class='ocrx_word' id='word_1_272' title='bbox 1220 3256 1351 3302; x_wconf 84' lang='lat' dir='ltr'>Seml.</span> <span class='ocrx_word' id='word_1_273' title='bbox 1419 3260 1595 3305; x_wconf 84' lang='grc' dir='ltr'><strong><em>Ναῦται</em></strong></span> <span class='ocrx_word' id='word_1_274' title='bbox 1620 3259 1897 3324; x_wconf 56' lang='grc' dir='ltr'>γἈφροδίσια</span> 
     </span>
     <span class='ocr_line' id='line_1_39' title="bbox 148 3312 1897 3384; baseline 0.008 -30"><span class='ocrx_word' id='word_1_275' title='bbox 148 3324 330 3368; x_wconf 63' lang='lat' dir='ltr'>ayone:</span> <span class='ocrx_word' id='word_1_276' title='bbox 372 3312 594 3358; x_wconf 81' lang='lat' dir='ltr'>Plutarch.</span> <span class='ocrx_word' id='word_1_277' title='bbox 631 3315 700 3358; x_wconf 79' lang='lat' dir='ltr'>An</span> <span class='ocrx_word' id='word_1_278' title='bbox 733 3315 826 3358; x_wconf 80' lang='lat' dir='ltr'>seni</span> <span class='ocrx_word' id='word_1_279' title='bbox 863 3328 974 3373; x_wconf 85' lang='lat' dir='ltr'>resp.</span> <span class='ocrx_word' id='word_1_280' title='bbox 1011 3330 1102 3372; x_wconf 87' lang='lat' dir='ltr'>ger.</span> <span class='ocrx_word' id='word_1_281' title='bbox 1148 3329 1184 3357; x_wconf 89' lang='lat' dir='ltr'>c.</span> <span class='ocrx_word' id='word_1_282' title='bbox 1223 3315 1299 3359; x_wconf 85' lang='lat' dir='ltr'>lv.</span> <span class='ocrx_word' id='word_1_283' title='bbox 1343 3316 1440 3363; x_wconf 90' lang='grc'><strong>106.</strong></span> <span class='ocrx_word' id='word_1_284' title='bbox 1488 3318 1546 3363; x_wconf 92' lang='grc' dir='ltr'><strong>Τ.</strong></span> <span class='ocrx_word' id='word_1_285' title='bbox 1586 3319 1689 3368; x_wconf 85' lang='lat' dir='ltr'>XII.</span> <span class='ocrx_word' id='word_1_286' title='bbox 1726 3324 1897 3384; x_wconf 81' lang='lat' dir='ltr'>aptissi-</span> 
     </span>
     <span class='ocr_line' id='line_1_40' title="bbox 146 3370 1210 3433; baseline 0.003 -19"><span class='ocrx_word' id='word_1_287' title='bbox 146 3383 255 3414; x_wconf 84' lang='lat' dir='ltr'>mum</span> <span class='ocrx_word' id='word_1_288' title='bbox 282 3370 428 3414; x_wconf 82' lang='lat' dir='ltr'>horum</span> <span class='ocrx_word' id='word_1_289' title='bbox 454 3372 704 3427; x_wconf 74' lang='lat' dir='ltr'>gaudiorum</span> <span class='ocrx_word' id='word_1_290' title='bbox 730 3373 964 3433; x_wconf 85' lang='lat' dir='ltr'>exemplum</span> <span class='ocrx_word' id='word_1_291' title='bbox 992 3375 1210 3432; x_wconf 86' lang='lat' dir='ltr'>praebent.</span> 
     </span>
    </p>
   </div>
  </div>
 </body>
</html>
