2150 3814
217 187 383 250 1180
770 203 1000 247 LIBER
1058 203 1421 248 TERTIUS.

207 345 347 408 „tus
391 332 470 393 de
496 330 671 392 Jovis
701 332 980 412 sepulcro
1016 336 1286 394 narratio
1325 336 1647 413 significari
1687 334 1987 399 videtur.“

208 433 361 508 Quis
406 433 889 493 controversiam
933 434 1134 493 facere
1179 433 1403 495 audeat
1445 455 1522 495 an
1572 436 1724 496 haec
1778 436 1990 499 fabula

206 537 288 594 sit
330 551 495 593 nove
538 542 599 591 et
642 532 925 613 improbe
968 532 1146 591 ficta?
1224 533 1351 594 Nec
1393 546 1601 596 tamen
1652 538 1744 595 ita
1786 538 1990 597 fictam

205 644 268 694 et
301 634 524 692 falsam
549 631 753 706 credo,
795 644 864 692 ut
906 645 1050 693 sunt
1085 651 1284 693 vanae
1327 640 1552 698 somnii
1596 638 1832 718 species
1877 633 1988 695 sed

203 736 310 806 sic,
354 741 424 791 ut
467 731 774 812 quandam
819 734 1099 792 veritatis
1141 733 1425 796 umbram
1469 739 1792 818 relinquat.
1880 735 1989 794 Et-

203 834 368 892 enim
411 832 611 910 gliscit
660 834 867 892 nescio
925 852 1082 913 quae
1138 833 1307 893 fama
1362 834 1441 894 de
1497 838 1684 896 sacris
1740 835 1989 898 Creten-

199 934 361 993 sium
416 933 669 992 seclusis
727 942 790 991 et
846 932 924 992 de
982 932 1313 994 sodalitate
1371 934 1640 1015 quadam
1697 933 1992 996 Curetum

199 1034 461 1110 mystica
503 1052 562 1094 v.
610 1030 676 1092 C.
718 1033 764 1091 Ι.
821 1031 876 1113 ξ.
923 1034 1011 1107 3.,
1069 1034 1289 1113 quibus
1345 1035 1439 1095 illi
1491 1035 1694 1114 Morgi
1749 1045 1991 1112 mystae

197 1133 542 1213 persimiles
586 1143 647 1191 et
691 1131 911 1192 eodem
955 1135 1088 1193 solo
1134 1137 1300 1194 enati
1344 1134 1652 1196 videntur.
1719 1131 1990 1194 Ulterius

196 1232 490 1313 progredi
543 1233 944 1310 conjectando
1000 1251 1124 1293 non
1182 1234 1348 1295 libet.
1438 1234 1564 1295 Sed
1617 1236 1810 1294 instat
1865 1235 1990 1294 alia

194 1335 490 1412 quaestio.
576 1333 702 1391 Dio
750 1330 964 1409 Chrys,
1007 1334 1081 1392 ΙΙ.
1127 1333 1269 1393 225.
1319 1336 1351 1398 ὃ
1391 1336 1800 1418 Ἀριστοτέλης
1855 1339 1986 1398 ἐπι-

196 1434 461 1496 στέλλων
495 1432 768 1517 γέγραφε
806 1433 961 1512 (τοῖς
995 1434 1457 1518 Σταγειρίταις)
1502 1435 1587 1504 ὥς
1620 1442 1750 1505 τοῖς
1784 1435 1987 1521 πράγ-

193 1554 391 1614 μασιν
436 1530 795 1615 οἷπειρηκιός.
886 1532 1056 1612 Φησὶ
1097 1533 1254 1618 γὰρ,
1302 1538 1500 1615 αἴρειν
1542 1534 1688 1604 τοὺς
1724 1535 1986 1605 Ἰδαίους

191 1631 553 1703 Δακτύλους
609 1632 767 1715 κάμὲ
813 1633 1090 1715 νομίζετε
1133 1634 1239 1697 καὶ
1282 1639 1340 1695 εἴ
1375 1635 1534 1703 τινές
1577 1639 1733 1698 εἰσιν
1776 1637 1985 1718 ἕτεροι.

191 1735 316 1797 Καὶ
357 1734 481 1819 γὰρ
526 1733 604 1813 δὴ
650 1739 859 1797 πλεῖον
902 1739 1156 1814 ἴσχυσεν
1190 1734 1228 1813 ἡ
1263 1742 1393 1798 τῶν
1437 1731 1803 1817 ἀνθρώπων
1840 1734 1985 1798 ἐκεί-

190 1859 323 1898 νων
348 1834 820 1916 κακοδαιμονία
864 1843 973 1915 τῆς
1014 1842 1129 1896 τοῦ
1180 1835 1629 1917 Ἀριστοτέλους
1689 1836 1982 1915 σπουδῆς,

191 1933 599 1994 Schneiderus
642 1935 708 1993 in
750 1934 896 1993 Lex.
953 1952 1000 1994 s.
1045 1932 1351 2004 δάκτυλος
1406 1934 1523 1992 hoc
1575 1933 1979 2014 proverbium

188 2033 269 2093 de
307 2036 422 2107 iis,
482 2052 639 2113 quae
683 2032 839 2092 effici
881 2052 1005 2092 non
1060 2043 1349 2114 possunt,
1408 2033 1785 2094 celebratum
1844 2053 1980 2095 esse

178 2133 436 2212 Judicat.
523 2134 733 2211 Longe
776 2134 955 2193 aliter
997 2133 1512 2211 Wyttenbachius
1556 2133 1637 2193 ad
1680 2134 1838 2194 Plut.
1880 2136 1980 2194 De

188 2234 362 2297 Sen‘t.¹
420 2234 584 2294 Prof.
637 2235 780 2294 virt.
837 2254 898 2314 p.
943 2233 1086 2295 605.
1131 2234 1483 2295 Aristotelis
1551 2233 1744 2294 verba
1788 2235 1977 2294 inter-

184 2343 492 2415 pretatur:
564 2333 763 2394 dicit
821 2337 1020 2395 enim
1077 2354 1157 2395 se
1216 2343 1530 2394 tentare
1587 2334 1762 2394 loco
1820 2353 1978 2395 mo-

184 2434 714 2495 vere-Idaeos
775 2435 1192 2512 Dactylos3
1266 2435 1346 2496 id
1409 2445 1559 2508 est,
1619 2434 1974 2506 homines

184 2543 545 2612 agrestes
591 2544 662 2593 et
704 2544 1130 2594 montanos
1174 2537 1340 2594 suis
1385 2532 1708 2594 sedibus
1754 2533 1974 2594 dedi-

182 2644 323 2696 tos.
414 2633 690 2708 Quorum
734 2644 1020 2696 neutrum
1064 2635 1217 2694 mihi
1261 2652 1527 2707 verum,
1557 2635 1731 2714 prius
1763 2644 1973 2694 tamen

181 2737 318 2797 veri
377 2736 640 2796 similius
708 2734 972 2796 videtur.
1085 2735 1436 2812 Digitum
1505 2734 1795 2794 tollere
1851 2735 1972 2803 Ro-

110 2915 113 2918 ·
180 2837 353 2896 mani
407 2847 709 2916 usurpant
765 2835 843 2895 de
898 2837 1007 2910 iis,
1065 2837 1201 2915 qui,
1258 2844 1326 2894 ut
1384 2834 1782 2908 Aristoteles,
1840 2841 1971 2904 τοῖς

180 2935 545 3023 πράγμασιν
603 2935 959 3020 ἀπειρήκασι
1014 2954 1268 3016 seseque
1324 2937 1523 2996 victos
1580 2934 1851 2995 fatentur
1906 2953 1967 2996 v.

182 3036 365 3096 Gesn.
429 3036 608 3097 Thes.
678 3056 725 3097 s.
782 3057 840 3098 v.
912 3047 974 3096 et
1029 3037 1310 3096 similiter
1382 3035 1617 3094 Graeci.
1733 3034 1965 3101 Anecd.

180 3135 371 3196 Bekk.
414 3156 475 3219 p.
522 3135 664 3198 357.
711 3137 811 3198 30.
861 3139 993 3221 αἶρε
1035 3135 1363 3201 δάκτυλον·
1409 3135 1652 3198 τίθεται
1697 3136 1795 3198 ἐπὶ
1835 3143 1965 3200 τῶν

182 3236 703 3321 ἀπαγορευόντων
761 3243 826 3302 εἶν
869 3246 943 3318 τῇ
988 3237 1245 3323 ἀγωνίᾳ.
1332 3236 1697 3300 Aristoteles
1754 3245 1962 3299 autem
