2150 3814
806 187 1259 232 oRPflch.
1798 177 1924 239 953

143 322 591 386 Chaldaeorum
656 334 901 389 versus),
970 335 1010 375 a
1063 314 1426 374 Ruhnkenio
1486 317 1773 379 collectos
1788 362 1805 392 ‚
1860 324 1927 380 in

140 442 464 484 numerum
510 418 916 500 Orphieorum
959 415 1186 476 retulit.
1254 415 1459 495 Hujus
1502 419 1741 495 generis
1785 403 1929 478 sunt

140 523 195 582 F
195 541 382 599 ragm.
450 520 615 580 VIII.
675 517 965 577 17—20.
1024 517 1241 594 [ἔνθεν
1266 553 1346 563 -
1372 516 1632 603 ἆγητάς]
1695 517 1926 579 XXIII.

101 672 108 685 ,
144 624 296 703 [πῦρ
341 623 568 699 ἴκελον]
613 617 691 678 de
717 634 837 698 quo
866 618 931 694 iu
954 617 1158 698 primo
1183 615 1342 676 libro
1370 617 1656 692 diximUS,
1700 617 1927 679 XXIV.

141 717 330 780 3—5
379 719 869 801 [μετὰ-θεῶν
911 720 1004 796 τε]
1049 715 1248 777 XXV.
1300 717 1330 777 l
1359 719 1520 796 -3.
1567 717 1816 798 [νώτοις
1841 759 1926 767 -

140 818 515 905 κατασύρων
530 816 605 900 [ᾧ]
621 822 670 898 ].
708 817 937 878 XXVI.
964 818 1022 876 2.
1051 819 1276 894 [ταῦτα
1300 816 1551 902 πατήρ].
1579 819 1929 882 XXXVIII.

144 918 351 980 1—5.
418 920 640 1001 quibus
682 937 912 979 nomen
952 925 1084 980 τῶν
1125 917 1355 1002 λογίων
1395 919 1498 979 vel
1541 928 1650 1000 τῆς
1692 925 1929 986 θεοποι-

142 1020 416 1104 ραδότου
458 1019 789 1104 θεολογίας
829 1017 1278 1097 praescriptum
1322 1025 1433 1076 est.
1475 1017 1764 1082 Duorum
1792 1041 1930 1108 ver-

140 1140 321 1180 suum
379 1121 494 1180 Fr.
526 1117 754 1179 XXVI.
819 1133 973 1196 quos
1017 1112 1371 1196 Stephanus
1415 1137 1492 1178 ex
1535 1118 1796 1183 Proculo
1816 1152 1818 1155 ·
1841 1137 1931 1182 at-

139 1222 299 1294 tulit,
1018 1206 1024 1218 '

284 1337 377 1406 Τῷ
412 1327 535 1403 πυρὶ
569 1329 668 1402 γὰρ
703 1326 934 1391 πελάσας
970 1325 1166 1382 θεόθεν
1203 1326 1339 1399 φάος
1375 1330 1486 1396 ἕξει.

142 1447 203 1495 et

283 1547 583 1617 Δηθῦνοντι
617 1550 792 1619 βροτῷ
826 1546 1061 1616 κραιπνοὶ
1098 1543 1326 1617 μάκαρες
1360 1548 1645 1603 τελέθουσι.

142 1654 292 1710 item
353 1669 462 1710 sex
516 1639 939 1728 sequeutimm
995 1665 1148 1726 quos
1210 1648 1520 1710 Gesnerus
1575 1671 1614 1710 a
1667 1650 1932 1714 Patricio

145 1753 369 1827 sumsit
409 1751 509 1809 Fr.
554 1747 845 1808 XXXIV.
890 1748 947 1806 2.

275 1860 407 1930 Ῥείη
444 1881 525 1914 τοι
558 1863 748 1930 νοερῶν
781 1857 1032 1930 μακάρων
1064 1858 1199 1929 πηγή
1235 1880 1289 1912 τε
1324 1859 1420 1931 ῥοή
1454 1883 1523 1918 τε.

282 1947 489 2000 πάντων
524 1945 623 2016 γὰρ
657 1943 838 2016 πρώτη
874 1941 1087 2012 δυνάμει
1122 1942 1386 2000 κόλποισιν
1422 1946 1709 2019 ἀφράστως

283 2033 531 2101 δεξαμένη
566 2031 739 2102 γενεὴν
775 2032 856 2083 ἐπὶ
891 2035 994 2083 πᾶν
1029 2031 1227 2101 προχέει
1261 2031 1600 2103 τροχάουσαν.

146 2147 208 2196 et
249 2135 351 2196 Fr.
393 2134 622 2195 XVIII.

291 2245 434 2315 Τῦνη
470 2245 535 2299 θ’
578 2247 689 2299 ἐσσὶ
723 2245 895 2316 πατὴρ
932 2247 1017 2297 καὶ
1051 2245 1273 2315 μητέρος
1309 2245 1501 2316 ἀγλαὸν
1537 2245 1672 2311 εἶδος

287 2335 372 2385 καὶ
407 2332 590 2384 τεκέων
623 2330 764 2399 τέρεν
800 2328 996 2399 ἄνθος,
1037 2331 1089 2383 ἐν
1125 2330 1309 2384 εἴδεσιν
1345 2329 1480 2395 εἶδος
1513 2331 1774 2405 ὑπάρχων,

285 2420 370 2471 καὶ
405 2416 551 2485 ψυχὴ
585 2418 671 2469 καὶ
706 2421 904 2484 πνεῦμα
939 2417 1024 2468 καὶ
1061 2412 1279 2486 ἇρμονιή
1314 2418 1398 2468 καὶ
1436 2418 1679 2489 ἀριθμός.

146 2523 368 2582 horum
435 2521 623 2598 igitur
687 2520 959 2599 primum
1015 2517 1308 2578 Proculus
1363 2522 1431 2579 in
1487 2521 1646 2593 Tim.
1701 2524 1777 2582 H.
1834 2522 1935 2586 65.

148 2623 308 2683 clare
353 2619 504 2681 dicit
544 2618 810 2697 (haculo
856 2617 1124 2693 editum,
1149 2619 1519 2692 *secundum
1566 2625 1709 2682 sine
1752 2623 1936 2684 ullius

148 2723 417 2784 auctoris
472 2719 702 2780 indicio
757 2719 933 2779 affert
974 2739 1035 2800 p.
1080 2717 1180 2780 65.
1228 2721 1505 2782 Tertium
1553 2723 1832 2783 Oraculis
1877 2733 1939 2784 et

152 2831 509 2902 argumento
556 2830 620 2880 et
647 2819 890 2880 dicendi
917 2819 1120 2882 forma
1143 2824 1526 2907 simillimum
1553 2833 1673 2899 est3
1717 2833 1936 2905 quarto

273 2992 352 3048 [†]
397 2991 518 3035 Duos
547 2995 785 3050 postremos
814 2986 844 3034 ἅ
867 3005 945 3048 χει
995 2982 1099 3036 δἀὗ
1117 3019 1177 3028 -
1201 2991 1468 3054 κατασύρων
1498 3008 1554 3038 ex
1584 2967 1774 3038 Oraculu
1804 2995 1936 3038 affert.

156 3050 368 3095 Proculus
406 3050 548 3097 Alcib.
588 3062 656 3108 ρι’]
677 3048 720 3093 4.
763 3049 819 3093 T.
847 3005 896 3093 ρΙ.
939 3049 1067 3093 Cous.
1128 3051 1247 3096 Idem
1295 3054 1340 3095 in
1388 3053 1670 3097 antecedente
1709 3055 1938 3112 perspicue

156 3109 362 3167 scriptum
392 3109 568 3152 exhibet
594 3109 642 3153 id
671 3109 786 3167 quod
815 3109 1084 3182 Hertpanuus
1116 3113 1362 3185 coonjecfura
1393 3117 1646 3170 assequutus
1676 3118 1786 3167 erat,
1821 3117 1935 3182 369-

159 3168 1121 3285 ΐῖιῃεἵέξὲἵῗαρ,(Ὓέεῗρυῦἴῖξέωωψῗὲἔέἴ
1159 3171 1465 3272 1851.ιᾷἐὶῗέξῖ
1490 3171 1714 3274 οέἷῗῑὶηῗὲι
1734 3173 1936 3275 {iffi

160 3284 375 3340 exemplo,
416 3285 531 3342 quod
574 3300 631 3328 ex
671 3286 874 3329 Oraculis
914 3287 1142 3343 repetitum
1182 3287 1379 3339 videtum
1421 3288 1465 3332 in
1507 3288 1655 3334 iisdem
1696 3289 1937 3348 ἐμψυχοῦν

164 3342 322 3398 legitur
351 3357 420 3399 ap.
451 3343 641 3401 Simplic.
672 3346 799 3388 Ausc.
830 3345 906 3388 lv.
940 3345 1024 3391 143
1053 3359 1091 3388 a.
