2150 3814
207 186 334 245 928
739 198 975 242 ιιΒΕιι
1017 199 1444 243 SECUNDUS.

208 328 412 392 δαίων,
461 331 519 391 οἳ
571 329 675 390 καὶ
729 332 986 392 ἕκαστον
1027 330 1209 410 μέρος
1249 337 1362 391 τοῦ
1408 326 1697 409 σώματος
1734 327 1968 411 ἑκάστῳ

206 437 335 492 τῶν
406 428 648 509 ζῳδίων
717 429 1115 496 ἀνατιθέντες
1180 428 1262 497 ὥς
1331 431 1738 509 συμπαθοῦν·
1794 429 1970 509 κριὸν

205 527 322 608 μὲν
385 528 506 611 γὰρ
575 526 846 607 κεφαλὴν
914 523 1330 606 ὀνομάζουσιν
1397 538 1459 586 et
1514 537 1740 598 cetera,
1816 545 1972 606 quae

205 626 429 685 Paulus
471 623 919 683 Alexandrinus
962 627 1026 682 in
1067 625 1270 703 primo
1312 626 1592 703 Isagoges
1637 628 1839 705 capite
1880 626 1974 684 fu-

206 727 331 785 sius
389 723 651 802 explicat
678 724 767 803 [⁰.]
853 724 911 782 Is
967 725 1129 782 enim
1188 733 1279 782 est
1332 726 1639 800 signorum
1700 725 1851 784 ordo
1913 735 1974 783 et

204 825 442 903 positus
505 823 571 880 in
626 822 1072 897 Macrocosmo;
1140 824 1252 886 τὸν
1306 823 1482 906 κριὸν
1535 827 1808 906 κεφαλὴν
1860 833 1973 888 τοῦ

204 921 440 1004 κόσμου
518 921 1072 1008 προςαγορεύουσι,
1149 923 1262 986 τὸν
1343 932 1579 1004 ταῦρον
1645 921 1972 1003 τραχηλον,

203 1047 350 1091 τους
401 1020 705 1102 διδύμους
761 1025 1002 1104 ω’μους,
1066 1022 1361 1104 καρκίνον
1418 1028 1649 1102 στῆθος
1693 1031 1803 1082 etc.
1848 1022 1975 1082 He-

204 1122 440 1202 phaest.
495 1120 739 1200 Apotel.
797 1139 857 1200 p.
901 1123 959 1180 4.
1017 1142 1171 1201 quae
1214 1124 1470 1181 naeniae
1514 1124 1591 1181 ab
1635 1122 1976 1200 Astrologis

193 1221 393 1298 *seculi
450 1219 670 1279 decimi
724 1223 924 1299 quarti
979 1231 1040 1279 et
1095 1223 1290 1301 quinti
1344 1224 1617 1280 certatim
1661 1234 1975 1282 recantan-

205 1331 305 1379 tur
349 1329 410 1378 et
452 1319 779 1378 creduntur
821 1321 1079 1379 fortasse
1122 1321 1198 1379 ab
1242 1321 1365 1392 his,
1410 1323 1513 1399 qui
1556 1331 1748 1381 artem
1794 1341 1977 1398 nuga-

207 1420 431 1477 toriam.
485 1438 679 1497 nuper
734 1438 809 1477 ex
864 1421 1242 1498 antiquitatis
1298 1422 1606 1479 serutariis
1661 1424 1726 1480 in
1779 1422 1974 1480 lucem

204 1537 493 1578 revocare
537 1519 738 1577 conati
781 1527 938 1577 sunt.
1026 1517 1208 1590 Quod
1250 1530 1544 1597 superest,
1588 1539 1768 1579 nemo
1808 1522 1977 1597 igno-

204 1627 305 1676 rat
358 1617 697 1696 Aegyptios
754 1618 1378 1677 iatromathematicos
1408 1615 1481 1698 [Δ]
1540 1619 1792 1696 singulis
1850 1638 1978 1679 cor-

205 1719 374 1797 poris
417 1718 692 1796 partibus
739 1737 923 1776 unum
973 1738 1046 1776 ex
1089 1719 1335 1795 triginta
1378 1737 1485 1776 sex
1529 1717 1771 1777 decanis
1806 1737 1978 1798 prae-

204 1817 422 1876 fecisse
465 1826 527 1875 et
568 1819 634 1875 in
677 1816 980 1876 medicina
1024 1816 1307 1875 facienda
1332 1819 1650 1896 proprium
1689 1818 1979 1896 cujusque

204 1916 467 1975 membri
510 1916 852 1995 praesidem
897 1918 1213 1977 invocasse
1248 1918 1488 1993 genium
1508 1917 1602 1996 [⁰].
1650 1915 1821 1988 Quae
1848 1935 1978 1976 om-

207 2018 311 2075 nia
370 2017 815 2093 sejunctissima
869 2027 1012 2075 sunt
1054 2035 1092 2074 a
1133 2027 1413 2077 veterum
1456 2016 1978 2093 Pythagoreorum

329 2186 404 2243 [⁰]
450 2187 504 2229 cf.
544 2185 716 2244 Niphus
757 2187 809 2230 de
846 2187 1008 2243 Augur.
1045 2187 1097 2228 L.
1136 2186 1172 2229 I.
1215 2201 1256 2242 p.
1297 2185 1366 2229 8².
1415 2187 1563 2237 Barth.
1603 2186 1784 2230 Advers.
1824 2187 1902 2229 XI.
1937 2185 1978 2230 3.

210 2244 404 2287 Concilio
450 2245 749 2288 Braccariensi
797 2246 981 2288 secundo
1031 2246 1137 2287 Can.
1179 2245 1233 2287 X.
1280 2246 1531 2287 damnantur
1569 2245 1606 2287 si
1646 2246 1719 2301 qui
1757 2245 1978 2288 duodecim
2010 2272 2018 2278 -

207 2303 331 2358 signa
361 2317 439 2359 per
469 2304 635 2358 singula
664 2305 792 2346 animi
821 2305 891 2346 vel
921 2304 1112 2361 corporis
1141 2305 1328 2346 membra
1358 2304 1566 2360 disposita
1596 2304 1796 2358 credunt,
1835 2303 1980 2347 Mansi

208 2361 486 2460 ί(13011.ᾶ(ἶοιι(τ.
528 2362 584 2429 ¹12.
615 2361 692 2403 IX.
731 2377 774 2418 p.
804 2362 902 2404 775.
931 2363 1148 2461 ‘tlpsund
1184 2377 1372 2418 corpus
1411 2369 1650 2461 [livpstlrium
1688 2363 1978 2431 seeundum

248 2433 276 2460 u
362 2434 493 2461 ecim
526 2435 571 2461 ει
620 2434 683 2461 na
713 2435 736 2461 c
778 2434 816 2461 ιιι
869 2435 944 2461 ost
1162 2427 1279 2461 stru
1477 2427 1531 2461 at
1580 2435 1603 2461 e
1751 2435 1796 2461 cl
1884 2435 1977 2461 on-

209 2435 511 2519 sti‘iuentes
541 2434 807 2533 ingcapicle
828 2435 1067 2520 [arietlgilii
1088 2435 1154 2508 a—
1185 2502 1241 2508 -
1272 2427 1584 2534 audnplantas
1613 2427 1818 2532 illsad‘tlie:
1847 2435 1978 2534 guas

205 2535 452 2636 fiiscdbus
492 2536 797 2578 tribuunt.“
838 2537 1064 2591 Augustin.
1107 2537 1160 2578 de
1199 2535 1365 2579 haeres.
1406 2536 1462 2578 N.
1494 2535 1562 2577 70.
1593 2551 1635 2593 p.
1669 2536 1736 2578 17.
1767 2536 1826 2579 Τ.
1862 2536 1980 2579 VIII.

246 2608 322 2637 ene
353 2595 412 2637 ict

328 2673 401 2729 [d]
454 2674 509 2716 Οἱ
548 2674 613 2715 A?
596 2669 794 2730 γύπτιοι
844 2674 1057 2728 συνῆψαν
1095 2675 1155 2729 τῷ
1202 2671 1261 2716 δι’
1314 2664 1615 2731 ἀστρονομίας
1653 2675 1978 2743 προγνωστικῷ

207 2729 289 2786 τὴν
317 2729 519 2800 ἰατρικὴν
550 2731 625 2774 διὰ
655 2734 745 2774 τῶν
775 2733 1065 2789 καλουμένων
1102 2734 1560 2790 ἰατρομαθηιιατικῶν
1595 2727 1848 2781 συντάξεων
1886 2731 1979 2772 He-

208 2790 406 2846 phaestio
439 2790 535 2832 MS.
567 2805 637 2846 ap.
668 2790 848 2832 Salmas.
890 2791 942 2832 de
981 2790 1670 2833 Ann.Clim.52.1isdem
1706 2803 1840 2845 prope
1878 2803 1976 2831 ver-

214 2848 280 2889 bis
310 2862 413 2890 usus
454 2848 664 2890 Proculus
694 2847 1062 2905 Psraphr.1.23.
1098 2863 1139 2904 p.
1179 2849 1249 2890 23.
1290 2850 1345 2890 cf.
1384 2849 1641 2903 Wesseling.
1680 2847 1736 2889 ad
1771 2846 1901 2890 Diod.
1940 2847 1977 2890 Ι.

212 2904 282 2946 81.
323 2921 364 2962 p.
393 2904 492 2948 444.
525 2907 581 2948 T.
612 2908 648 2949 Ι.
708 2907 1017 2950 Onirocriticos
1049 2921 1217 2963 quoque
1251 2907 1360 2949 hanc
1399 2913 1540 2950 artem
1574 2919 1805 2962 usurpasse
1841 2920 1977 2963 appa-

209 2968 278 3005 ret.
306 2978 361 3006 ex
390 2965 596 3009 Artemid.
625 2966 662 3008 Ι.
691 2964 769 3019 49,
797 2965 867 3008 70.
897 2970 942 3008 et
970 2965 1025 3008 al.

327 3043 398 3099 [e]
444 3043 555 3099 Orig
525 3059 566 3099 g.
599 3059 636 3087 c.
667 3045 781 3088 Cels.
812 3045 932 3087 VIII.
962 3043 1061 3087 785.
1093 3044 1144 3086 C.
1203 3044 1300 3087 Hoc
1329 3043 1536 3086 Proculus
1574 3043 1711 3085 utitur
1747 3042 1794 3084 in
1831 3042 1973 3086 Parm.

208 3100 262 3142 L.
292 3101 374 3143 111.
415 3101 485 3144 55.
524 3103 580 3144 ad
621 3104 949 3146 confirmandam
989 3103 1226 3159 opinionem
1263 3102 1509 3155 ridiculam,
1555 3099 1683 3157 digai
1721 3114 1890 3157 quoque
1931 3105 1978 3144 et

209 3159 398 3202 dentium
429 3166 474 3203 et
503 3162 708 3218 cujusque
737 3163 934 3205 minimae
962 3161 1107 3235 partis
1128 3175 1222 3203 esse
1252 3160 1460 3229 quandam
1491 3134 1628 3202 ideam
1659 3159 1899 3214 generalem
1929 3158 1975 3200 in

209 3224 347 3260 mente
376 3218 576 3261 universa
606 3244 660 3253 -
690 3223 768 3263 καὶ
796 3221 1033 3279 δαιμονίας
1063 3215 1178 3262 εἶναι
1207 3221 1283 3260 καὶ
1312 3213 1480 3262 τούτων
1509 3220 1652 3266 αἰτίας
1676 3217 1976 3285 διωρισμένας

210 3273 292 3318 οὐκ
321 3275 654 3334 ἀπογνωστέον,
698 3277 758 3328 ὥς
795 3280 980 3334 δηλοῦσι
1020 3279 1097 3321 ml
1134 3279 1182 3320 at
1218 3273 1468 3330 ἐπικλήσεις
1511 3279 1601 3319 τῶν
1638 3276 1715 3319 ἐπὶ
1753 3272 1973 3319 δακτύλου

210 3335 284 3378 καὶ
315 3335 501 3392 καρδίας
529 3341 810 3394 τεταγμένων
839 3343 920 3381 etc.
