2150 3814
688 220 1279 268 ,SAMOTHRA01A.
1714 206 1872 270 1335

112 350 456 435 πρόςχωροι
510 351 732 433 ἄνδρες
787 349 892 412 καὶ
945 354 1232 433 γυναῖκες
1273 354 1550 429 μετεῖχον
1591 356 1698 427 τῆς
1741 354 1875 433 ἑορ-

111 460 218 531 τῆς
259 450 455 512 Anab-
499 449 571 508 V.
615 450 672 509 3.
718 448 775 508 9.

279 550 350 608 In
403 546 903 627 inscriptionibus
971 546 1178 606 latinis
1234 565 1417 626 saepe
1469 556 1882 610 memorantur

114 650 212 709 dii
246 668 285 708 a
329 650 506 707 certis
550 648 801 708 familiis
847 646 1251 718 denominati,
1307 643 1550 727 Jupiter
1594 644 1883 715 Caelesti—

109 767 243 821 nuS‚
295 748 482 812 Pluto
538 747 916 822 NervianuS‚
978 746 1161 807 Ceres
1209 745 1546 821 Or'ciliana‚
1589 747 1884 808 Hercules

110 848 362 926 Papirii.
420 867 480 910 v.
537 849 800 910 Dorvill.
859 847 940 908 ad
996 845 1223 912 charit.
1279 867 1339 927 p.
1379 846 1523 908 405.
1569 846 1641 907 V.
1683 848 1762 907 D.
1817 849 1884 906 in

111 947 366 1011 Observ.
422 947 678 1008 Amstel.
734 948 892 1011 Nov.
939 948 1007 1009 T.
1050 949 1153 1008 1V.
1197 967 1257 1028 p.
1307 947 1443 1008 161.
1486 947 1765 1008 Fabretti
1808 946 1889 1007 ad

113 1044 243 1107 Col.
302 1049 466 1126 Traj.
522 1069 584 1130 p.
642 1049 784 1109 233.
872 1049 1096 1108 Marini
1148 1048 1391 1107 Iscrizz.
1434 1047 1653 1107 Alban.
1710 1045 1886 1106 CLII.

116 1146 254 1208 145.
307 1150 635 1230 pluresque
689 1150 909 1208 horum
963 1147 1362 1205 familiarium
1420 1146 1676 1205 deorum
1736 1147 1887 1205 cele-

112 1249 290 1309 brant
349 1252 811 1329 Epigrammata
864 1264 1108 1323 graeca3
1178 1245 1469 1305 Liberum
1523 1247 1768 1308 Patrem
1823 1251 1890 1309 in

109 1349 367 1424 Rhegini
434 1347 752 1426 cujusdam
821 1345 1115 1407 aedibus
1146 1348 1542 1407 constitutum
1598 1348 1890 1410 Proculus

108 1447 224 1526 Ep.
283 1446 354 1506 V.
414 1448 675 1508 eundem
733 1447 916 1507 deum
972 1447 1212 1506 Pisonis
1280 1446 1466 1508 domo
1513 1450 1892 1528 praefectum

110 1547 439 1627 Antipater
495 1549 611 1629 Ep.
655 1548 819 1608 XVI.
890 1548 1157 1607 Dianam
1216 1547 1406 1624 Gorgi
1460 1567 1635 1626 agros
1691 1561 1893 1611 tutan-

112 1659 237 1706 tem
292 1648 714 1708 Theodoridas
770 1650 887 1728 Ep.
930 1648 1031 1707 IV.
1076 1647 1408 1721 Venerem,
1472 1669 1654 1728 quam
1702 1649 1893 1730 Chry-

111 1766 340 1826 sogone
380 1750 459 1807 ‘in
516 1748 1022 1811 aedibusmariti
1065 1748 1488 1823 dedicaverat,
1533 1749 1898 1812 Theocritus

111 1848 227 1927 Ep.
273 1847 409 1907 ΧΠ.
473 1848 562 1907 Hi
606 1858 815 1908 autem
860 1848 1181 1907 domestici
1228 1849 1315 1908 dii
1358 1851 1588 1930 partim
1632 1854 1894 1931 prothy-

111 1950 241 2008 raei
285 1956 488 2020 erant,
543 1951 770 2028 partim
814 1950 976 2008 intra
1019 1948 1204 2009 aedes
1249 1950 1620 2010 colebantur.
1705 1952 1895 2032 Apud

110 2047 522 2108 Menandrum
564 2049 667 2108 Fr.
696 2046 931 2109 CCXII.
976 2057 1236 2109 testatur
1280 2051 1501 2130 aliquis
1543 2053 1658 2115 τὸν
1684 2052 1892 2117 Ἀπόλ-

18 2216 20 2219 ,
114 2157 199 2210 λω
251 2149 536 2221 τουτονί,
608 2149 716 2208 ubi
782 2149 1129 2209 Meinekius
1197 2151 1503 2227 Agyieum
1571 2153 1897 2231 significari

113 2258 323 2327 putat,
403 2250 574 2327 cujus
653 2251 720 2308 in
786 2250 1010 2309 fabulis
1080 2253 1333 2311 scenicis
1400 2252 1898 2331 frequentissima

115 2351 367 2408 mentio.
452 2348 854 2429 Phidippides
897 2349 1211 2430 Aristoph.
1255 2352 1412 2412 Nub.
1459 2354 1558 2413 84.
1594 2355 1768 2431 jurat
1820 2347 1916 2438 νὴ

116 2450 229 2513 τὸν
290 2449 582 2513 Ποσειδῶ
634 2450 886 2513 τουτονὶ
939 2451 1052 2514 τὸν
1105 2451 1377 2526 Ἵππιον,
1457 2473 1578 2533 quo
1646 2459 1898 2517 nomine

112 2559 296 2611 vetus
351 2552 652 2630 interpres
696 2550 1028 2633 ἀφίδρυμα
1071 2549 1352 2611 denotari
1397 2564 1603 2613 censet
1644 2557 1761 2616 hoc
1805 2569 1902 2633 est

119 2643 389 2710 statuam
436 2650 539 2710 dei
580 2650 658 2711 ab
701 2652 841 2731 ipso
886 2660 1028 2710 ante
1072 2651 1235 2711 fores
1282 2666 1711 2716 consecratam.
1759 2656 1898 2719 Cal-

121 2748 420 2810 limachus
464 2751 581 2831 Ep.
623 2749 881 2812 XXXII.

319 2863 500 2936 ‘prg
530 2863 806 2926 Ἠετίωνος
842 2865 1163 2933 ἒπίσταθμος
1188 2864 1563 2937 Ἀμφιπολίτεω

456 2952 672 3021 ἵδρυμαι
707 2955 871 3023 μικρῷ
904 2951 1087 3023 μικρὸς
1122 2951 1201 3003 ἐπὶ
1238 2950 1487 3027 προθύρῳ
1509 2959 1592 3022 [8].

126 3048 230 3109 Ad
282 3048 586 3118 Aristonis
655 3051 840 3112 aedes
914 3052 1228 3113 Astrabaci
1293 3057 1501 3140 ἡρῷον
1555 3058 1676 3118 fuit
1728 3064 1899 3144 παρὰ

127 3156 262 3221 ταῖς
307 3151 564 3223 αὐλείοις
606 3151 840 3213 Herod.
885 3153 986 3214 VI.
1032 3155 1133 3215 69.
1178 3157 1347 3234 cujus
1392 3166 1662 3221 statuam
1688 3161 1899 3223 crebro

250 3307 317 3364 [a]
370 3308 525 3351 Liban.
559 3310 615 3352 T.
643 3311 721 3355 IV.
751 3313 874 3356 Decl.
905 3329 948 3371 p.
982 3313 1080 3357 153.
1127 3312 1278 3371 βωμὸς
1307 3315 1395 3375 πρὸ
1425 3319 1502 3372 τῆς
1530 3320 1685 3370 οἰκίας.
1720 3321 1898 3364 Charito

131 3367 209 3410 111.
241 3366 281 3410 3.
310 3366 379 3411 61.
412 3368 550 3413 ἔθυεν
578 3368 759 3422 ἕκαστος
787 3371 877 3430 πρὸ
907 3374 983 3423 τῦς
1010 3372 1128 3423 ἰδίας
1157 3376 1311 3423 οἰκίας.
