2150 3814
213 173 340 236 946
775 187 999 231 maim
1040 186 1447 230 smcUNDUS.

215 317 285 382 δὲ
330 319 541 381 αὐτῶν
587 319 652 376 αἱ
694 313 1125 397 μεταξύτητες·
1175 314 1273 377 διὸ
1319 315 1423 378 καὶ
1466 314 1661 385 Λίνος
1705 316 1738 378 ὃ
1779 314 1999 379 θεολό-

215 443 322 504 γος
391 422 457 482 ἐν
515 416 786 496 δευτέρῳ
840 422 968 479 τῶν
1030 414 1185 497 πρὸς
1231 414 1550 496 Ὑμέναιον
1614 421 2000 500 Θεολογικῶν

219 519 506 601 φαίνεται
552 517 745 601 λέγειν

361 621 623 689 Τέσσαρες
660 616 812 687 ἀρχαὶ
850 615 987 668 ἅπαν
1021 622 1252 684 τρισσοῖς
1285 619 1518 686 δεσμοῖσι
1549 623 1872 690 κρατοῦνται.

222 724 344 795 πῦρ
389 713 505 794 μὲν
548 712 671 797 γὰρ
715 710 820 773 καὶ
862 718 940 795 γῆ
986 709 1522 793 συνηρμόσθησαν
1566 711 1844 793 ἀλλήλοις
1894 736 2005 773 κα-

223 815 301 875 τὰ
355 813 471 892 τὴν
512 810 942 897 γεωμετρικὴν
1000 811 1374 896 ἄναλογίαν”
1435 813 1469 874 ὃ
1514 813 1668 895 πρὸς
1712 814 1866 894 &590⁶
1906 818 2006 896 γῆ,

223 914 403 976 τοῦθ’
449 911 624 995 ὕδωρ
670 911 824 993 πρὸς
867 900 1031 993 πῦρ,
1076 911 1182 973 καὶ
1226 909 1538 975 ἀνάπαλιν
1582 914 1616 975 ὃ
1659 911 1814 994 πρὸς
1857 911 2010 990 ἀέρα

222 1022 346 1096 πῦρ
365 1059 384 1086 ,
429 1013 622 1076 τοῦθ’
668 1011 843 1093 ὕδωρ
887 1010 1042 1093 πρὸς
1084 1019 1219 1097 γῆν·
1269 1030 1428 1091 quae
1473 1020 1543 1072 ut
1585 1013 1876 1092 pleraque
1918 1018 2010 1070 ta-

222 1115 306 1174 lia
360 1133 394 1171 e
438 1113 712 1180 Platonis
758 1111 1014 1175 Timaeo
1071 1112 1417 1191 profluxere
1459 1132 1519 1192 p.
1565 1113 1666 1172 32.
1713 1112 1781 1174 B.
1826 1113 2010 1170 innu-

220 1213 608 1274 merabilium
652 1213 1162 1292 superstitionum
1205 1214 1554 1272 seminario.
1639 1211 1855 1291 Neque
1896 1211 2014 1270 hoc

223 1324 349 1374 tam
416 1313 512 1372 illi
562 1311 1034 1391 impu-tandum,
1100 1315 1206 1392 qui
1261 1333 1335 1372 ea
1391 1322 1591 1373 aetate
1643 1315 1833 1386 vixit,
1895 1329 2016 1391 qua

222 1412 609 1493 philosophis
678 1411 756 1470 de
826 1412 1008 1472 rebus
1077 1413 1352 1492 physicis
1408 1424 1517 1473 aut
1571 1414 1728 1474 nihil
1778 1414 2014 1472 hiscere

223 1520 331 1573 aut
384 1512 580 1572 multa
622 1513 848 1589 fingere
891 1513 1103 1572 liceret
1120 1555 1138 1585 ‚
1183 1532 1369 1592 quam
1411 1516 1643 1594 ineptis
1682 1513 2013 1573 imitatori-

223 1612 367 1686 buS,
428 1612 537 1691 qui
579 1611 868 1689 neglectis
906 1612 1075 1672 illius
1119 1615 1350 1676 summi
1393 1615 1516 1676 viri
1557 1614 1861 1673 thesauris
1904 1630 2013 1694 pa7

222 1730 397 1788 terga
452 1712 506 1788 ej
516 1729 584 1770 us
642 1721 703 1770 et
745 1711 1087 1772 bracteolas
1129 1715 1451 1792 pueriliter
1493 1714 1823 1774 consectati
1856 1721 2015 1771 sunt.

225 1846 309 1857 —
353 1810 582 1870 Verum
629 1812 763 1888 jam
819 1824 1066 1898 tempus
1125 1823 1218 1872 est
1271 1815 1626 1875 concionem
1684 1813 2014 1874 dimittere.

152 1954 156 1956 >
225 1909 385 1970 Nam
430 1908 598 1989 quod
640 1910 820 1972 nobis
854 1914 1245 1993 propositum
1277 1914 1494 1988 fuerat,
1540 1914 1854 1975 doctrinae
1877 1932 2014 1990 my-

226 2011 415 2076 sticae
441 2012 644 2089 capita
667 2013 933 2090 potiora,
962 2032 1120 2092 quae
1145 2013 1394 2094 quidem
1423 2014 1761 2094 Orphicam
1788 2013 2015 2073 doctri-

225 2127 373 2167 nam
419 2109 624 2188 aliqua
666 2122 844 2189 parte
889 2115 1238 2191 contingere
1279 2113 1639 2175 viderentur
1654 2158 1670 2188 ‚
1732 2113 1846 2174 sub
1889 2131 2013 2174 uno

229 2208 528 2267 collocare
583 2220 866 2289 aspectu,
925 2211 993 2270 id
1049 2223 1120 2277 ut
1160 2213 1421 2275 facultas
1466 2215 1638 2288 tulit,
1695 2214 2018 2294 exsequuti

229 2326 472 2381 sumus,
530 2311 819 2387 seiunctis
863 2321 1071 2378 tamen
1117 2315 1401 2376 omnibus
1445 2335 1602 2395 quae
1645 2325 1754 2376 aut
1795 2314 2018 2392 vulgus

229 2406 548 2470 indoctum
602 2410 777 2477 bona¹
820 2410 942 2470 fide
987 2413 1253 2473 credidit·
1288 2434 1326 2474 a
1368 2416 1706 2493 majoribus
1750 2424 2016 2494 accepta,

232 2516 340 2566 aut
381 2506 742 2588 philosophi
780 2529 934 2572 vero
977 2513 1324 2592 quaerendo
1381 2517 1605 2576 intenti
1645 2515 2019 2586 titubarunt3

233 2608 339 2686 qui
394 2625 744 2687 quanquam
801 2629 839 2670 a
899 2614 1173 2688 mysticis
1234 2634 1420 2696 saepe
1480 2619 1590 2678 vix
1649 2619 1844 2678 latum
1875 2635 2016 2694 *un-

233 2724 414 2783 guem
480 2706 714 2769 distant
729 2753 746 2782 ‚
815 2720 1022 2776 tamen
1088 2717 1360 2777 nominis>
1409 2717 1593 2796 hujus
1649 2720 2017 2786 contumelia

233 2813 459 2866 vacant
477 2803 569 2888 [¹²].
634 2808 769 2869 Has
812 2819 1021 2871 autem
1065 2819 1396 2876 sententias
1411 2862 1428 2893 ‚
1482 2838 1636 2899 quas
1675 2820 1866 2880 modo
1912 2841 2014 2881 ex-

233 2907 553 2983 posuimus
568 2950 587 2981 ,
653 2929 689 2968 e
757 2913 1181 2975 communibus
1243 2917 1519 2980 fontibus
1590 2918 1900 2982 derivatas
1955 2935 2018 2981 et

239 3013 515 3066 auctores
568 3009 740 3087 ipsos
753 3053 770 3083 ‚
826 3010 1165 3093 Aegyptios
1183 3059 1200 3089 ,
1259 3015 1602 3079 Chaldaeos
1615 3063 1633 3093 ‚
1691 3020 2014 3102 Orphic'os,⁴

238 3101 652 3183 Pythagoreos
670 3153 687 3183 ,
758 3116 1065 3174 communi
1134 3116 1407 3195 quodam
1461 3117 1823 3208 disciplinae
1878 3123 2016 3183 vin-

234 3256 453 3358 Boehffiil.
474 3260 569 3305 Hoc
600 3267 668 3307 est
708 3280 790 3323 quo
832 3267 1077 3328 Kepplerus
1115 3284 1140 3314 a
1181 3270 1366 3318 Fluddio
1409 3273 1569 3327 distat,
1612 3276 1740 3320 Plato
1781 3291 1807 3321 a
1846 3277 2008 3322 Jacobo
