2150 3814
767 216 1355 290 sfflornmbm.
1797 231 1960 293 1217

176 379 530 438 inchoatum
587 374 664 434 de
710 371 1036 434 Curetibus
1094 392 1439 434 sermonem
1485 373 1768 434 absolvit.
1855 377 1961 436 Ni-

175 480 303 538 hilo
375 478 568 554 magis
636 474 835 554 probo
894 474 1059 555 quod
1118 475 1226 534 alii
1283 474 1718 553 subsequentia
1774 475 1963 536 verba

175 577 599 660 παρατίθησιν
653 576 882 658 ὁμοίως
937 575 1043 638 καὶ
1102 571 1588 658 Στησιμβρότου
1631 573 1963 635 sollicitant

173 679 340 758 ὅμως
380 683 844 755 praeoptantes3
900 694 1044 736 nam
1098 674 1255 734 illud
1300 674 1527 757 ὁμοίως
1578 674 1839 734 refertur
1882 674 1962 734 ad

170 775 605 855 praecedentia
661 776 694 838 ὃ
750 776 898 846 τοὺς
952 774 1204 857 μύθους
1258 775 1638 860 συναγαγών
1678 772 1961 849 τούτους,

170 884 494 956 totumque
539 877 924 935 enuntiatum
969 877 1085 935 hoc
1127 877 1326 936 valet:
1387 875 1837 936 Demetrius
1881 885 1962 935 ut

171 979 464 1049 cetera,
551 996 753 1056 quae
817 976 960 1035 huc
1026 977 1466 1055 pertinent,
1536 979 1655 1034 ita
1723 977 1959 1036 etiam

172 1076 689 1136 Stesimbroti
743 1077 1217 1135 sententiam
1263 1086 1811 1134 commemorat
1852 1095 1959 1135 sa-

172 1195 297 1235 cra
342 1174 887 1235 Samothracia
943 1171 1400 1232 Cabirorum
1457 1174 1534 1232 in
1591 1173 1959 1234 honorem

168 1274 549 1333 instituta
627 1291 829 1349 esse3
912 1293 1070 1354 quae
1140 1272 1534 1334 Stesimbroti
1603 1272 1757 1346 δόξα
1822 1274 1958 1334 fuit.

165 1372 331 1431 Hinc
394 1375 787 1454 perspicuum
854 1375 924 1434 fit
994 1394 1119 1435 non
1174 1372 1342 1433 idem
1399 1392 1613 1434 omnes
1667 1376 1958 1449 sensisse3

166 1472 664 1533 dissentientium
720 1494 873 1536 vero
930 1494 1056 1534 non
1116 1475 1239 1534 alia
1297 1476 1509 1553 opinio
1555 1493 1690 1534 esse
1732 1476 1958 1555 potuit,

170 1592 356 1652 quam
401 1592 476 1632 ea
517 1592 690 1634 sacra
733 1593 890 1653 quae
934 1575 1066 1657 ἱερὰ
1111 1574 1444 1657 Καβείρων
1488 1573 1799 1648 dicantur,
1842 1575 1960 1634 hoc

168 1692 394 1733 nomen
440 1673 676 1734 habere
733 1676 879 1755 quia
923 1695 962 1734 a
1008 1673 1247 1734 Cabiris
1302 1673 1548 1734 condita
1593 1685 1655 1734 et
1697 1674 1960 1734 admini-

167 1783 363 1833 strata
412 1773 673 1847 fuerint,
750 1793 875 1838 non
931 1775 1078 1852 quia
1136 1771 1499 1833 Cabirorum
1555 1793 1738 1834 causa
1794 1775 1960 1834 fiant.

168 1875 262 1934 Ea
305 1876 438 1933 sine
483 1876 903 1935 controversia
926 1873 1247 1932 Strabonis
1274 1875 1486 1952 opinio
1512 1874 1632 1933 fuit
1656 1876 1961 1934 omnium-

167 1993 286 2055 que
332 1975 436 2054 qui
458 1971 735 2035 Cabiros
781 1973 1134 2035 divinarum
1180 1976 1652 2034 cerimoniarum
1697 1973 1954 2034 admini-

166 2085 326 2134 stros
381 2075 574 2134 fuisse
617 2083 994 2148 statuerunt,
1040 2072 1495 2151 Corybantum,
1551 2075 1960 2151 Dactylorum

170 2173 587 2254 Curetumque
641 2174 908 2247 similes,
992 2174 1109 2233 hoc
1165 2184 1258 2233 est
1327 2174 1586 2234 deorum
1652 2175 1960 2251 majorum

170 2274 484 2355 paredros,
561 2273 1032 2334 'Stesimbrotus
1075 2293 1227 2334 vero
1272 2277 1644 2334 contrarium
1690 2274 1966 2356 decernit

172 2394 279 2434 eos
350 2394 483 2434 esse
552 2374 701 2435 deos
770 2393 1082 2434 sacrorum
1138 2377 1448 2455 principes
1503 2373 1957 2455 praesidesque.

172 2473 347 2535 Unde
400 2475 660 2553 intelligi
716 2484 992 2554 oportet,
1066 2494 1204 2534 eum
1263 2473 1522 2534 Cabiros
1573 2493 1958 2555 nequaquam

170 2578 236 2635 in
279 2594 536 2634 numero
597 2574 1395 2635 daemonum'terrestrium
1443 2585 1505 2634 et
1547 2577 1962 2654 gregariorum

173 2675 423 2735 duxisse
483 2674 594 2735 sed
638 2674 894 2735 deorum
939 2664 1320 2734 consentium
1369 2675 1573 2735 ordini
1616 2676 1961 2755 adscriptos

172 2787 421 2856 putasse
447 2821 464 2851 ,
550 2776 686 2837 sive
768 2776 877 2836 ille
960 2776 1334 2836 Mercurium
1396 2776 1961 2857 'Proserpinamque

178 2878 379 2936 animo
451 2877 807 2956 complexus
876 2886 999 2951 est,
1077 2894 1339 2957 quorum
1412 2876 1672 2936 obscura
1735 2876 1963 2936 indicia

180 2994 255 3033 ex
308 2975 630 3038 Herodoto
702 2978 990 3055 gliscunt,
1081 2979 1214 3039 sive
1282 2977 1438 3036 alios
1495 2978 1958 3049 coelicolarum,

179 3076 282 3154 qui
337 3076 400 3133 in
457 3095 779 3157 progressu
823 3080 1137 3138 ‘sermonis
1196 3098 1230 3136 e
1272 3077 1690 3158 penetralibus
1739 3095 1952 3140 evoca—

185 3175 422 3235 buntur.
561 3186 571 3192 ’
