2150 3814
698 197 1254 243 sAMo'ruuAcu.
1711 186 1874 247 1275

110 332 187 389 tis
240 332 596 410 inscriptam
650 327 842 386 fuisse
899 325 1167 386 dixisset.
1250 327 1348 386 De
1391 328 1732 409 Porphyrio
1770 333 1879 407 igi-

108 440 207 488 tur
274 450 372 490 res
441 430 834 492 vehementer
900 426 1169 488 vacillat.
1270 431 1406 488 Hoc
1460 439 1668 488 autem
1725 438 1880 487 teste

106 541 414 590 summoto
455 532 523 589 in
564 512 907 587 confessum
949 527 1124 592 venit
1166 527 1356 586 totius
1387 542 1620 587 'causae
1673 526 1882 587 discri-

106 648 246 688 men
311 631 377 687 in
442 646 565 687 uno
623 627 893 687 Eusebio
949 626 1140 699 verti,
1201 645 1497 705 sponsore
1550 645 1703 688 non⁴
1734 646 1882 687 sane

106 729 459 786 certissimo.
549 725 804 788 Constat
846 728 1010 786 enim
1053 726 1148 785 his
1192 727 1605 808 temporibus,
1663 727 1884 807 quibus

102 827 427 903 religiones
484 838 723 889 veteres
780 839 841 887 et
862 839 1115 899 novae,
1171 829 1526 906 peregrinae
1571 836 1633 887 et
1676 826 1884 888 dome-

103 929 291 986 sticae
330 930 490 987 inter
533 947 600 988 se
644 928 1023 988 conflictatae
1067 935 1228 1000 sunt,
1270 927 1463 988 libros
1505 947 1709 988 sacros
1743 947 1885 1007 pro-

103 1027 400 1107 fanosque
444 1048 584 1088 cum
628 1046 872 1088 summa
912 1026 1302 1104 impudentia
1342 1025 1749 1106 interpolatos
1794 1038 1887 1086 at-

105 1146 223 1206 que
277 1130 401 1208 ipsi
454 1129 767 1199 Homero,
822 1144 1005 1204 quem
1065 1142 1278 1184 omnes
1332 1125 1645 1201 legebant,
1706 1127 1887 1185 multi

104 1228 460 1286 memoriter
506 1227 827 1297 tenebant,
870 1242 1088 1285 versus
1134 1222 1367 1283 affictos
1412 1218 1546 1284 esse
1590 1225 1887 1285 alienissi—

103 1344 255 1385 mos.
354 1325 658 1385 Eusebius
718 1342 867 1386 vero
913 1323 1010 1383 ad
1065 1323 1176 1384 has
1233 1323 1481 1384 fraudes
1532 1324 1888 1385 odorandas

105 1444 293 1504 quam
360 1425 547 1485 hebes
602 1425 820 1497 fuerit,
882 1423 1215 1484 ostendunt
1271 1443 1488 1486 versus
1545 1426 1798 1506 Orphici
1855 1446 1889 1484 e

104 1524 499 1585 Testamento
557 1526 740 1605 petiti
794 1524 1006 1603 utique
1061 1543 1186 1583 non
1240 1526 1286 1583 ii
1346 1544 1497 1605 quos
1556 1545 1694 1585 cum
1756 1523 1889 1602 Cle-

104 1633 314 1683 mente
357 1641 711 1685 communes
766 1623 953 1683 habet
1006 1624 1116 1683 sed
1173 1625 1267 1683 illi
1319 1626 1570 1686 insiticii
1614 1637 1675 1685 et
1718 1637 1890 1686 auto-

96 1723 334 1800 judaici
388 1725 606 1804 quibus
661 1725 831 1784 solus
886 1724 1098 1785 utitur.
1199 1720 1377 1787 Unde
1431 1727 1699 1805 suspicio
1755 1737 1891 1785 orta

105 1831 201 1881 est
253 1842 332 1882 ne
384 1826 521 1903 ipse
574 1823 908 1903 finxeritff]
969 1822 1189 1882 eodem
1249 1824 1506 1883 consilio
1551 1844 1673 1905 quo
1717 1824 1892 1885 Jose-

101 1923 225 2002 pho
293 1922 452 1982 illud
520 1921 599 1982 de
656 1921 901 1983 Christo
959 1923 1383 1983 testimonium
1403 1967 1419 1995 ‚
1478 1942 1598 2004 quo
1655 1929 1893 2006 primus

103 2040 253 2082 usus
296 2032 410 2096 est,
453 2025 855 2104 supposuisse
896 2022 1166 2083 creditur
1182 2023 1310 2103 [¹].s
1359 2020 1524 2102 Ergo
1571 2035 1640 2084 ut
1682 2025 1892 2106 dispu-

106 2123 405 2182 tationem
459 2125 902 2200 constringam,
957 2138 1117 2201 quae
1177 2123 1380 2182 solent
1423 2140 1555 2183 esse
1598 2124 1890 2186 falsitatis

106 2223 310 2299 signa,
369 2238 444 2281 ea
497 2222 705 2282 omnia
755 2223 823 2280 in
879 2220 1293 2300 Theologiam-
1314 2222 1615 2284 -Punicam
1671 2244 1890 2287 conve-

105 2323 315 2395 niunt,
356 2329 573 2381 auctor
615 2341 650 2380 e
692 2321 977 2381 fabulosa
1019 2323 1381 2402 antiquitate
1423 2327 1754 2404 repetituS,
1797 2327 1891 2384 in-

109 2429 345 2500 terpres
389 2419 887 2495 obscurissimus,
931 2421 1026 2481 bis
1070 2422 1240 2481 mille
1284 2426 1462 2483 annis
1506 2434 1650 2504 post
1690 2434 1893 2498 natm,

109 2530 251 2579 ante
319 2540 501 2601 quem
565 2540 645 2580 ne
713 2539 958 2594 nomem
1029 2520 1278 2601 quidem
1337 2523 1892 2585 Sanchuniathonis

232 2734 310 2792 [V]
356 2736 453 2778 Hoc
482 2735 647 2779 diluere
675 2737 823 2782 studet
856 2741 1172 2785 ,Valckenarius
1212 2741 1404 2785 Aristob.
1448 2759 1490 2802 p.
1533 2745 1603 2788 82.
1640 2745 1751 2802 quod
1795 2744 1894 2792 illos

114 2807 263 2835 versus
293 2795 366 2850 qui
396 2795 572 2851 Orpheo
603 2798 875 2852 supposuerit
913 2800 1014 2843 huic
1043 2814 1190 2843 veram
1221 2801 1292 2843 dei
1321 2803 1610 2857 cognitionem
1641 2807 1890 2861 asseruerit,

114 2851 327 2895 Eusebius
356 2867 459 2895 vero
488 2853 535 2895 id
563 2854 747 2898 maxime
773 2859 1024 2914 negaverit,
1067 2859 1288 2915 Orpheum
1319 2859 1426 2905 οὐδὲ
1455 2861 1539 2916 τὴν
1569 2861 1714 2922 ἀρχὴν
1741 2865 1889 2923 ἐγνω-

116 2912 241 2953 κέναι
268 2908 347 2955 τὸν
374 2914 466 2956 τῶν
495 2910 614 2956 ὅλων
642 2911 829 2969 ποιητὴν
855 2912 966 2962 θεόν
996 2918 1079 2961 ΙΙΙ.
1113 2916 1211 2961 103.
1271 2919 1430 2963 Verum
1469 2921 1550 2963 hoc
1580 2921 1674 2964 loco
1706 2923 1760 2965 de
1790 2938 1891 2967 ver—

118 2967 252 3036 sibus·
267 2981 296 3010 a
321 2969 563 3027 Porphyrio
593 2970 737 3014 allatis
766 2971 979 3030 loquitur,
1010 2977 1082 3032 qui
1112 2984 1166 3018 ex
1195 2976 1372 3033 antiquo
1403 2979 1571 3036 Orphei
1600 2982 1785 3024 carmine
1814 2997 1891 3025 ex—

118 3031 256 3094 cerpti
285 3032 384 3069 suut
410 3042 453 3098 y.
483 3043 531 3071 su
563 3042 598 3071 r.
639 3029 691 3072 L.
724 3030 786 3076 11.
827 3047 878 3089 p.
902 3031 1002 3077 441.
1044 3040 1089 3077 et
1129 3035 1278 3078 horum
1319 3037 1607 3091 conditorem,
1649 3040 1890 3098 quicunque

120 3089 178 3126 sit
206 3109 263 3117 —
293 3088 379 3128 εἴτε
409 3101 433 3129 o
467 3088 506 3130 Θ
535 3090 590 3144 ᾳὲ
618 3091 686 3143 εἴη
711 3087 902 3148 Ὀρφεὺς
929 3095 1016 3137 εἴτε
1047 3088 1179 3142 ἄλλος
1217 3109 1282 3143 τις
1318 3118 1377 3127 -
1414 3101 1534 3139 recte
1572 3097 1627 3140 de
1666 3097 1748 3142 deo
1791 3114 1887 3142 sen-

118 3141 225 3184 sisse
251 3147 407 3199 negat,
491 3186 501 3197 ,
550 3146 633 3190 hoc
661 3160 838 3204 prorsus
866 3164 950 3194 non
977 3157 1109 3207 negat
1138 3166 1276 3208 neque
1313 3153 1402 3197 ulla
1444 3155 1687 3199 conditione
1728 3171 1888 3214 negare

119 3204 291 3256 poterat
318 3201 373 3244 de
401 3201 577 3259 Orpheo
605 3205 908 3262 Aristobuleo,
950 3223 1153 3266 germano
1185 3210 1322 3254 Mosis
1352 3211 1575 3271 discipulo.

239 3285 310 3355 [¹]
362 3302 405 3359 κζ.
435 3287 664 3335 Eichstiidt
690 3292 844 3350 Progr.
874 3294 1152 3341 Flaviani
1184 3297 1247 3340 de
1276 3297 1407 3342 Jesu
1438 3299 1672 3355 Christo
1706 3302 1886 3346 testi—

120 3357 296 3387 monn
339 3350 568 3392 αυθεντία.
607 3349 702 3394 Jen.
736 3352 861 3396 1813.
1820 3388 1821 3391 ¹
