<?xml version="1.0" encoding="UTF-8"?>
<!DOCTYPE html PUBLIC "-//W3C//DTD XHTML 1.0 Transitional//EN"
    "http://www.w3.org/TR/xhtml1/DTD/xhtml1-transitional.dtd">
<html xmlns="http://www.w3.org/1999/xhtml" xml:lang="en" lang="en">
 <head>
  <title>
</title>
<meta http-equiv="Content-Type" content="text/html;charset=utf-8" />
  <meta name='ocr-system' content='tesseract 3.04.00' />
  <meta name='ocr-capabilities' content='ocr_page ocr_carea ocr_par ocr_line ocrx_word'/>
</head>
<body>
  <div class='ocr_page' id='page_1' title='image "./aglaophamussived02lobeuoft_0319.png"; bbox 0 0 2150 3814; ppageno 0'>
   <div class='ocr_carea' id='block_1_1' title="bbox 788 209 1906 279">
    <p class='ocr_par' dir='ltr' id='par_1_1' title="bbox 788 209 1906 279">
     <span class='ocr_line' id='line_1_1' title="bbox 788 209 1906 279; baseline 0.002 -9"><span class='ocrx_word' id='word_1_1' title='bbox 788 221 1244 279; x_wconf 68' lang='lat' dir='ltr'>oaru1cA.</span> <span class='ocrx_word' id='word_1_2' title='bbox 1744 209 1906 272; x_wconf 81' lang='lat'>1095</span> 
     </span>
    </p>
   </div>
   <div class='ocr_carea' id='block_1_2' title="bbox 131 348 1913 840">
    <p class='ocr_par' dir='ltr' id='par_1_2' title="bbox 131 348 1913 840">
     <span class='ocr_line' id='line_1_2' title="bbox 133 348 1908 439; baseline -0.004 -20"><span class='ocrx_word' id='word_1_3' title='bbox 133 358 392 438; x_wconf 74' lang='grc' dir='ltr'><strong><em>τένθης·</em></strong></span> <span class='ocrx_word' id='word_1_4' title='bbox 435 375 552 439; x_wconf 83' lang='lat' dir='ltr'>pro</span> <span class='ocrx_word' id='word_1_5' title='bbox 594 355 700 420; x_wconf 78' lang='grc' dir='ltr'>καὶ</span> <span class='ocrx_word' id='word_1_6' title='bbox 741 354 825 424; x_wconf 70' lang='grc' dir='ltr'>ὥς</span> <span class='ocrx_word' id='word_1_7' title='bbox 868 350 1046 415; x_wconf 75' lang='lat' dir='ltr'>scrib.</span> <span class='ocrx_word' id='word_1_8' title='bbox 1081 349 1301 422; x_wconf 75' lang='grc' dir='ltr'><strong><em>δαιτὸς</em></strong></span> <span class='ocrx_word' id='word_1_9' title='bbox 1335 348 1742 432; x_wconf 67' lang='grc' dir='ltr'><strong><em>ἀναθήματα,</em></strong></span> <span class='ocrx_word' id='word_1_10' title='bbox 1787 371 1908 432; x_wconf 88' lang='lat' dir='ltr'>quo</span> 
     </span>
     <span class='ocr_line' id='line_1_3' title="bbox 135 448 1911 536; baseline -0.003 -19"><span class='ocrx_word' id='word_1_11' title='bbox 135 457 430 518; x_wconf 87' lang='lat' dir='ltr'>Aelianus</span> <span class='ocrx_word' id='word_1_12' title='bbox 470 458 606 536; x_wconf 84' lang='lat' dir='ltr'>ipse</span> <span class='ocrx_word' id='word_1_13' title='bbox 644 454 838 515; x_wconf 80' lang='lat' dir='ltr'>utimr</span> <span class='ocrx_word' id='word_1_14' title='bbox 879 452 987 513; x_wconf 86' lang='lat' dir='ltr'>XI.</span> <span class='ocrx_word' id='word_1_15' title='bbox 1036 450 1132 515; x_wconf 80' lang='lat'>12.</span> <span class='ocrx_word' id='word_1_16' title='bbox 1189 448 1418 511; x_wconf 82' lang='lat' dir='ltr'>Contra</span> <span class='ocrx_word' id='word_1_17' title='bbox 1457 451 1523 510; x_wconf 90' lang='lat' dir='ltr'>in</span> <span class='ocrx_word' id='word_1_18' title='bbox 1567 450 1739 511; x_wconf 87' lang='lat' dir='ltr'><strong>Stob.</strong></span> <span class='ocrx_word' id='word_1_19' title='bbox 1783 451 1911 512; x_wconf 90' lang='lat' dir='ltr'>Ecl.</span> 
     </span>
     <span class='ocr_line' id='line_1_4' title="bbox 135 549 1912 636; baseline -0.003 -19"><span class='ocrx_word' id='word_1_20' title='bbox 135 558 182 617; x_wconf 90' lang='grc' dir='ltr'>Ι.</span> <span class='ocrx_word' id='word_1_21' title='bbox 225 557 325 618; x_wconf 93' lang='grc'><strong>52.</strong></span> <span class='ocrx_word' id='word_1_22' title='bbox 369 556 511 618; x_wconf 83' lang='lat'><strong>906.</strong></span> <span class='ocrx_word' id='word_1_23' title='bbox 561 551 681 636; x_wconf 77' lang='lat' dir='ltr'>pro</span> <span class='ocrx_word' id='word_1_24' title='bbox 737 560 822 624; x_wconf 74' lang='grc' dir='ltr'>εἰς</span> <span class='ocrx_word' id='word_1_25' title='bbox 854 552 1124 629; x_wconf 39' lang='grc' dir='ltr'>,εὐθείας</span> <span class='ocrx_word' id='word_1_26' title='bbox 1179 552 1338 630; x_wconf 82' lang='grc' dir='ltr'>ζωῆς</span> <span class='ocrx_word' id='word_1_27' title='bbox 1391 549 1679 623; x_wconf 75' lang='grc' dir='ltr'><strong><em>ἐπίδειξιν</em></strong></span> <span class='ocrx_word' id='word_1_28' title='bbox 1733 571 1912 632; x_wconf 87' lang='lat' dir='ltr'>prae-</span> 
     </span>
     <span class='ocr_line' id='line_1_5' title="bbox 133 649 1913 736; baseline 0 -20"><span class='ocrx_word' id='word_1_29' title='bbox 133 667 256 718; x_wconf 86' lang='lat' dir='ltr'><strong>stat</strong></span> <span class='ocrx_word' id='word_1_30' title='bbox 307 655 521 729; x_wconf 76' lang='grc' dir='ltr'><strong><em>θείας,</em></strong></span> <span class='ocrx_word' id='word_1_31' title='bbox 577 664 641 718; x_wconf 89' lang='lat' dir='ltr'>et</span> <span class='ocrx_word' id='word_1_32' title='bbox 692 673 790 735; x_wconf 89' lang='lat' dir='ltr'>ap.</span> <span class='ocrx_word' id='word_1_33' title='bbox 848 653 1111 730; x_wconf 79' lang='lat' dir='ltr'><strong>Dionys,</strong></span> <span class='ocrx_word' id='word_1_34' title='bbox 1166 651 1349 716; x_wconf 84' lang='lat' dir='ltr'>Arch.</span> <span class='ocrx_word' id='word_1_35' title='bbox 1407 650 1514 712; x_wconf 89' lang='lat' dir='ltr'>XI.</span> <span class='ocrx_word' id='word_1_36' title='bbox 1558 651 1658 713; x_wconf 85' lang='lat'>39.</span> <span class='ocrx_word' id='word_1_37' title='bbox 1702 649 1913 736; x_wconf 67' lang='grc' dir='ltr'><em>ἀθύρ-</em></span> 
     </span>
     <span class='ocr_line' id='line_1_6' title="bbox 131 750 1513 840; baseline -0.005 -21"><span class='ocrx_word' id='word_1_38' title='bbox 131 780 301 838; x_wconf 83' lang='grc' dir='ltr'><strong><em>ματα</em></strong></span> <span class='ocrx_word' id='word_1_39' title='bbox 342 755 709 840; x_wconf 69' lang='grc' dir='ltr'><strong><em>κομίζουσαι</em></strong></span> <span class='ocrx_word' id='word_1_40' title='bbox 750 752 1104 839; x_wconf 75' lang='grc' dir='ltr'><strong><em>παρθενικά</em></strong></span> <span class='ocrx_word' id='word_1_41' title='bbox 1145 771 1260 835; x_wconf 84' lang='lat' dir='ltr'>pro</span> <span class='ocrx_word' id='word_1_42' title='bbox 1303 750 1513 835; x_wconf 80' lang='grc' dir='ltr'><strong>κόμης.</strong></span> 
     </span>
    </p>
   </div>
   <div class='ocr_carea' id='block_1_3' title="bbox 771 1025 1292 1035">
    <p class='ocr_par' dir='ltr' id='par_1_3' title="bbox 771 1025 1292 1035">
     <span class='ocr_line' id='line_1_7' title="bbox 771 1025 1292 1035; baseline -0.008 -1"><span class='ocrx_word' id='word_1_43' title='bbox 771 1025 1292 1035; x_wconf 76' lang='lat'><strong>————.—.—-——-</strong></span> 
     </span>
    </p>
   </div>
   <div class='ocr_carea' id='block_1_4' title="bbox 230 1267 1811 1521">
    <p class='ocr_par' dir='ltr' id='par_1_4' title="bbox 230 1267 1811 1521">
     <span class='ocr_line' id='line_1_8' title="bbox 230 1267 1811 1350; baseline 0 -6"><span class='ocrx_word' id='word_1_44' title='bbox 230 1267 1297 1347; x_wconf 82' lang='lat' dir='ltr'>EPIMETRUM</span> <span class='ocrx_word' id='word_1_45' title='bbox 1420 1268 1811 1350; x_wconf 80' lang='lat' dir='ltr'>XVIII.</span> 
     </span>
     <span class='ocr_line' id='line_1_9' title="bbox 568 1451 1476 1521; baseline 0 -14"><span class='ocrx_word' id='word_1_46' title='bbox 568 1453 647 1507; x_wconf 70' lang='lat' dir='ltr'>aa</span> <span class='ocrx_word' id='word_1_47' title='bbox 700 1451 762 1508; x_wconf 83' lang='lat' dir='ltr'>c,</span> <span class='ocrx_word' id='word_1_48' title='bbox 799 1451 982 1507; x_wconf 82' lang='lat' dir='ltr'>vm.</span> <span class='ocrx_word' id='word_1_49' title='bbox 1054 1459 1103 1521; x_wconf 75' lang='lat'>§-</span> <span class='ocrx_word' id='word_1_50' title='bbox 1152 1457 1202 1507; x_wconf 88' lang='lat'>8.</span> <span class='ocrx_word' id='word_1_51' title='bbox 1254 1461 1384 1506; x_wconf 79' lang='lat' dir='ltr'>not.</span> <span class='ocrx_word' id='word_1_52' title='bbox 1432 1470 1476 1507; x_wconf 75' lang='lat' dir='ltr'>r.</span> 
     </span>
    </p>
   </div>
   <div class='ocr_carea' id='block_1_5' title="bbox 47 1647 2002 3443">
    <p class='ocr_par' dir='ltr' id='par_1_5' title="bbox 47 1647 2002 3443">
     <span class='ocr_line' id='line_1_10' title="bbox 298 1647 1918 1729; baseline 0.001 -19"><span class='ocrx_word' id='word_1_53' title='bbox 298 1647 502 1722; x_wconf 80' lang='lat' dir='ltr'>Quare</span> <span class='ocrx_word' id='word_1_54' title='bbox 555 1650 765 1711; x_wconf 89' lang='lat' dir='ltr'>Lindii</span> <span class='ocrx_word' id='word_1_55' title='bbox 806 1651 1127 1713; x_wconf 84' lang='lat' dir='ltr'>Minervae</span> <span class='ocrx_word' id='word_1_56' title='bbox 1168 1653 1358 1710; x_wconf 89' lang='lat' dir='ltr'>sacris</span> <span class='ocrx_word' id='word_1_57' title='bbox 1401 1653 1605 1729; x_wconf 85' lang='lat' dir='ltr'>ignem</span> <span class='ocrx_word' id='word_1_58' title='bbox 1650 1669 1776 1710; x_wconf 92' lang='lat' dir='ltr'>non</span> <span class='ocrx_word' id='word_1_59' title='bbox 1818 1670 1918 1712; x_wconf 89' lang='lat' dir='ltr'>ac-</span> 
     </span>
     <span class='ocr_line' id='line_1_11' title="bbox 131 1748 1920 1832; baseline 0.002 -25"><span class='ocrx_word' id='word_1_60' title='bbox 131 1748 424 1826; x_wconf 81' lang='lat' dir='ltr'><strong>cendant,</strong></span> <span class='ocrx_word' id='word_1_61' title='bbox 479 1751 659 1811; x_wconf 85' lang='lat' dir='ltr'>aliter</span> <span class='ocrx_word' id='word_1_62' title='bbox 699 1751 1070 1832; x_wconf 66' lang='lat' dir='ltr'>Apollonius</span> <span class='ocrx_word' id='word_1_63' title='bbox 1114 1749 1392 1814; x_wconf 77' lang='lat' dir='ltr'>Rhodius</span> <span class='ocrx_word' id='word_1_64' title='bbox 1449 1751 1749 1831; x_wconf 84' lang='lat' dir='ltr'>explicat,</span> <span class='ocrx_word' id='word_1_65' title='bbox 1804 1751 1920 1810; x_wconf 90' lang='lat' dir='ltr'>ali-</span> 
     </span>
     <span class='ocr_line' id='line_1_12' title="bbox 131 1849 1919 1930; baseline 0.002 -23"><span class='ocrx_word' id='word_1_66' title='bbox 131 1858 225 1908; x_wconf 91' lang='lat' dir='ltr'>ter</span> <span class='ocrx_word' id='word_1_67' title='bbox 279 1849 612 1926; x_wconf 85' lang='lat' dir='ltr'>Pindarus3</span> <span class='ocrx_word' id='word_1_68' title='bbox 682 1851 843 1910; x_wconf 88' lang='lat' dir='ltr'>hunc</span> <span class='ocrx_word' id='word_1_69' title='bbox 897 1851 1082 1928; x_wconf 84' lang='lat' dir='ltr'>vulgo</span> <span class='ocrx_word' id='word_1_70' title='bbox 1140 1859 1476 1929; x_wconf 87' lang='lat' dir='ltr'>sequuntur</span> <span class='ocrx_word' id='word_1_71' title='bbox 1528 1852 1919 1930; x_wconf 79' lang='lat' dir='ltr'>interpreteS,</span> 
     </span>
     <span class='ocr_line' id='line_1_13' title="bbox 127 1949 1921 2034; baseline 0.004 -26"><span class='ocrx_word' id='word_1_72' title='bbox 127 1949 297 2010; x_wconf 88' lang='lat' dir='ltr'>haud</span> <span class='ocrx_word' id='word_1_73' title='bbox 350 1950 691 2025; x_wconf 88' lang='lat' dir='ltr'>recordati,</span> <span class='ocrx_word' id='word_1_74' title='bbox 745 1951 1026 2031; x_wconf 87' lang='lat' dir='ltr'>pluribus</span> <span class='ocrx_word' id='word_1_75' title='bbox 1083 1950 1203 2010; x_wconf 92' lang='lat' dir='ltr'>diis</span> <span class='ocrx_word' id='word_1_76' title='bbox 1259 1949 1538 2010; x_wconf 89' lang='lat' dir='ltr'>adhibita</span> <span class='ocrx_word' id='word_1_77' title='bbox 1593 1969 1726 2011; x_wconf 92' lang='lat' dir='ltr'>esse</span> <span class='ocrx_word' id='word_1_78' title='bbox 1784 1951 1921 2034; x_wconf 74' lang='grc' dir='ltr'><strong><em>ἱεροὶ</em></strong></span> 
     </span>
     <span class='ocr_line' id='line_1_14' title="bbox 131 2051 1919 2134; baseline -0.001 -21"><span class='ocrx_word' id='word_1_79' title='bbox 131 2052 346 2134; x_wconf 79' lang='grc' dir='ltr'><em>ἄπυρα</em></span> <span class='ocrx_word' id='word_1_80' title='bbox 386 2052 493 2115; x_wconf 81' lang='grc' dir='ltr'>καὶ</span> <span class='ocrx_word' id='word_1_81' title='bbox 535 2053 748 2132; x_wconf 79' lang='grc' dir='ltr'><strong><em>ἀτελῆ,</em></strong></span> <span class='ocrx_word' id='word_1_82' title='bbox 805 2061 878 2113; x_wconf 90' lang='lat' dir='ltr'>ut</span> <span class='ocrx_word' id='word_1_83' title='bbox 920 2052 1327 2112; x_wconf 83' lang='lat' dir='ltr'><strong>Philostratus</strong></span> <span class='ocrx_word' id='word_1_84' title='bbox 1382 2060 1567 2111; x_wconf 88' lang='lat' dir='ltr'>vocat</span> <span class='ocrx_word' id='word_1_85' title='bbox 1608 2051 1682 2110; x_wconf 90' lang='lat' dir='ltr'>V.</span> <span class='ocrx_word' id='word_1_86' title='bbox 1727 2051 1919 2132; x_wconf 91' lang='lat' dir='ltr'>Soph.</span> 
     </span>
     <span class='ocr_line' id='line_1_15' title="bbox 127 2139 1920 2232; baseline 0.002 -24"><span class='ocrx_word' id='word_1_87' title='bbox 127 2149 202 2208; x_wconf 91' lang='grc' dir='ltr'>Π.</span> <span class='ocrx_word' id='word_1_88' title='bbox 247 2152 348 2212; x_wconf 88' lang='grc'><strong>28.</strong></span> <span class='ocrx_word' id='word_1_89' title='bbox 392 2149 537 2213; x_wconf 88' lang='grc'><strong>852.</strong></span> <span class='ocrx_word' id='word_1_90' title='bbox 594 2152 814 2232; x_wconf 88' lang='lat' dir='ltr'>quibus</span> <span class='ocrx_word' id='word_1_91' title='bbox 869 2152 1043 2212; x_wconf 90' lang='lat' dir='ltr'>nulla</span> <span class='ocrx_word' id='word_1_92' title='bbox 1095 2154 1357 2220; x_wconf 83' lang='lat' dir='ltr'>istarum</span> <span class='ocrx_word' id='word_1_93' title='bbox 1412 2152 1723 2211; x_wconf 81' lang='lat' dir='ltr'>rationum</span> <span class='ocrx_word' id='word_1_94' title='bbox 1777 2139 1920 2211; x_wconf 74' lang='lat' dir='ltr'>cori-</span> 
     </span>
     <span class='ocr_line' id='line_1_16' title="bbox 129 2249 2002 2332; baseline 0.002 -22"><span class='ocrx_word' id='word_1_95' title='bbox 129 2252 319 2311; x_wconf 85' lang='lat' dir='ltr'>venit.</span> <span class='ocrx_word' id='word_1_96' title='bbox 362 2289 448 2298; x_wconf 94' lang='lat'><strong>—</strong></span> <span class='ocrx_word' id='word_1_97' title='bbox 492 2249 691 2312; x_wconf 87' lang='lat' dir='ltr'>Canes</span> <span class='ocrx_word' id='word_1_98' title='bbox 735 2252 1106 2313; x_wconf 89' lang='lat' dir='ltr'>conscientia</span> <span class='ocrx_word' id='word_1_99' title='bbox 1150 2250 1367 2332; x_wconf 80' lang='lat' dir='ltr'>culpae</span> <span class='ocrx_word' id='word_1_100' title='bbox 1408 2251 1475 2310; x_wconf 90' lang='lat' dir='ltr'>in</span> <span class='ocrx_word' id='word_1_101' title='bbox 1500 2250 1775 2311; x_wconf 78' lang='lat' dir='ltr'><strong>Thasum</strong></span> <span class='ocrx_word' id='word_1_102' title='bbox 1811 2251 1921 2312; x_wconf 87' lang='lat' dir='ltr'>ad·</span> <span class='ocrx_word' id='word_1_103' title='bbox 1987 2295 2002 2314; x_wconf 79' lang='grc'>-,</span> 
     </span>
     <span class='ocr_line' id='line_1_17' title="bbox 129 2351 1920 2432; baseline 0.001 -22"><span class='ocrx_word' id='word_1_104' title='bbox 129 2352 358 2410; x_wconf 88' lang='lat' dir='ltr'>missae</span> <span class='ocrx_word' id='word_1_105' title='bbox 426 2351 758 2412; x_wconf 86' lang='lat' dir='ltr'>abhorrere</span> <span class='ocrx_word' id='word_1_106' title='bbox 826 2352 904 2411; x_wconf 89' lang='lat' dir='ltr'>ab</span> <span class='ocrx_word' id='word_1_107' title='bbox 973 2352 1176 2411; x_wconf 87' lang='lat' dir='ltr'>insulo</span> <span class='ocrx_word' id='word_1_108' title='bbox 1244 2351 1407 2411; x_wconf 87' lang='lat' dir='ltr'>Delo</span> <span class='ocrx_word' id='word_1_109' title='bbox 1474 2369 1602 2411; x_wconf 90' lang='lat' dir='ltr'>non</span> <span class='ocrx_word' id='word_1_110' title='bbox 1665 2352 1920 2432; x_wconf 82' lang='lat' dir='ltr'>illepide</span> 
     </span>
     <span class='ocr_line' id='line_1_18' title="bbox 129 2446 1922 2537; baseline 0.001 -27"><span class='ocrx_word' id='word_1_111' title='bbox 129 2451 308 2510; x_wconf 87' lang='lat' dir='ltr'>finxit</span> <span class='ocrx_word' id='word_1_112' title='bbox 370 2446 786 2537; x_wconf 78' lang='lat' dir='ltr'>Callimachus</span> <span class='ocrx_word' id='word_1_113' title='bbox 837 2452 1079 2530; x_wconf 83' lang='lat' dir='ltr'>Fragm.</span> <span class='ocrx_word' id='word_1_114' title='bbox 1137 2450 1239 2509; x_wconf 87' lang='lat' dir='ltr'>IX.</span> <span class='ocrx_word' id='word_1_115' title='bbox 1298 2451 1370 2510; x_wconf 91' lang='lat' dir='ltr'>cf.</span> <span class='ocrx_word' id='word_1_116' title='bbox 1412 2450 1794 2512; x_wconf 88' lang='lat' dir='ltr'>Meinekium</span> <span class='ocrx_word' id='word_1_117' title='bbox 1838 2451 1922 2512; x_wconf 88' lang='lat' dir='ltr'>ad</span> 
     </span>
     <span class='ocr_line' id='line_1_19' title="bbox 130 2549 1922 2633; baseline 0.002 -24"><span class='ocrx_word' id='word_1_118' title='bbox 130 2549 405 2630; x_wconf 88' lang='lat' dir='ltr'><strong>Euphor.</strong></span> <span class='ocrx_word' id='word_1_119' title='bbox 461 2571 524 2633; x_wconf 84' lang='lat' dir='ltr'>p.</span> <span class='ocrx_word' id='word_1_120' title='bbox 570 2554 670 2614; x_wconf 88' lang='grc'>27.</span> <span class='ocrx_word' id='word_1_121' title='bbox 729 2551 1053 2631; x_wconf 84' lang='lat' dir='ltr'>Hyginum</span> <span class='ocrx_word' id='word_1_122' title='bbox 1113 2550 1330 2611; x_wconf 87' lang='lat' dir='ltr'>eadem</span> <span class='ocrx_word' id='word_1_123' title='bbox 1387 2551 1515 2611; x_wconf 86' lang='lat' dir='ltr'>fere</span> <span class='ocrx_word' id='word_1_124' title='bbox 1574 2551 1922 2613; x_wconf 86' lang='lat' dir='ltr'>tradentem</span> 
     </span>
     <span class='ocr_line' id='line_1_20' title="bbox 131 2649 1922 2726; baseline 0.002 -18"><span class='ocrx_word' id='word_1_125' title='bbox 131 2649 283 2710; x_wconf 89' lang='lat' dir='ltr'>Fab.</span> <span class='ocrx_word' id='word_1_126' title='bbox 354 2651 498 2712; x_wconf 87' lang='lat'><strong>247.</strong></span> <span class='ocrx_word' id='word_1_127' title='bbox 562 2655 920 2714; x_wconf 85' lang='lat' dir='ltr'>meminisse</span> <span class='ocrx_word' id='word_1_128' title='bbox 975 2651 1260 2726; x_wconf 83' lang='lat' dir='ltr'>decebat,</span> <span class='ocrx_word' id='word_1_129' title='bbox 1322 2670 1535 2726; x_wconf 79' lang='lat' dir='ltr'>caneS‚</span> <span class='ocrx_word' id='word_1_130' title='bbox 1587 2652 1922 2712; x_wconf 89' lang='lat' dir='ltr'>obscenum</span> 
     </span>
     <span class='ocr_line' id='line_1_21' title="bbox 132 2752 1921 2833; baseline 0.001 -22"><span class='ocrx_word' id='word_1_131' title='bbox 132 2752 390 2826; x_wconf 86' lang='lat' dir='ltr'>animal,</span> <span class='ocrx_word' id='word_1_132' title='bbox 473 2753 785 2832; x_wconf 85' lang='lat' dir='ltr'>religionis</span> <span class='ocrx_word' id='word_1_133' title='bbox 863 2772 1049 2814; x_wconf 87' lang='lat' dir='ltr'>causa</span> <span class='ocrx_word' id='word_1_134' title='bbox 1113 2754 1264 2812; x_wconf 88' lang='lat' dir='ltr'>locis</span> <span class='ocrx_word' id='word_1_135' title='bbox 1334 2754 1520 2813; x_wconf 90' lang='lat' dir='ltr'>sacris</span> <span class='ocrx_word' id='word_1_136' title='bbox 1585 2752 1921 2833; x_wconf 85' lang='lat' dir='ltr'>prohiberi,</span> 
     </span>
     <span class='ocr_line' id='line_1_22' title="bbox 130 2849 1923 2934; baseline 0.003 -25"><span class='ocrx_word' id='word_1_137' title='bbox 130 2849 418 2933; x_wconf 90' lang='lat' dir='ltr'>idemque</span> <span class='ocrx_word' id='word_1_138' title='bbox 482 2856 551 2913; x_wconf 89' lang='lat' dir='ltr'>in</span> <span class='ocrx_word' id='word_1_139' title='bbox 603 2853 900 2934; x_wconf 84' lang='lat' dir='ltr'>Acropoli</span> <span class='ocrx_word' id='word_1_140' title='bbox 964 2854 1171 2915; x_wconf 87' lang='lat' dir='ltr'>Attica</span> <span class='ocrx_word' id='word_1_141' title='bbox 1237 2854 1604 2913; x_wconf 83' lang='lat' dir='ltr'>nominatim</span> <span class='ocrx_word' id='word_1_142' title='bbox 1676 2863 1923 2914; x_wconf 91' lang='lat' dir='ltr'>cautum</span> 
     </span>
     <span class='ocr_line' id='line_1_23' title="bbox 62 2951 1921 3036; baseline 0.002 -26"><span class='ocrx_word' id='word_1_143' title='bbox 62 2972 73 2982; x_wconf 92' lang='lat'><strong>·</strong></span> <span class='ocrx_word' id='word_1_144' title='bbox 134 2970 271 3011; x_wconf 90' lang='lat' dir='ltr'>esse</span> <span class='ocrx_word' id='word_1_145' title='bbox 312 2953 614 3015; x_wconf 84' lang='lat' dir='ltr'>Plutarch.</span> <span class='ocrx_word' id='word_1_146' title='bbox 659 2952 879 3036; x_wconf 89' lang='lat' dir='ltr'>Comp.</span> <span class='ocrx_word' id='word_1_147' title='bbox 922 2956 1105 3016; x_wconf 91' lang='lat' dir='ltr'>Dem.</span> <span class='ocrx_word' id='word_1_148' title='bbox 1162 2964 1224 3013; x_wconf 91' lang='lat' dir='ltr'>et</span> <span class='ocrx_word' id='word_1_149' title='bbox 1265 2953 1491 3013; x_wconf 89' lang='lat' dir='ltr'>Anton.</span> <span class='ocrx_word' id='word_1_150' title='bbox 1537 2974 1584 3013; x_wconf 90' lang='lat' dir='ltr'>c.</span> <span class='ocrx_word' id='word_1_151' title='bbox 1629 2953 1731 3014; x_wconf 87' lang='lat' dir='ltr'>IV.</span> <span class='ocrx_word' id='word_1_152' title='bbox 1783 2951 1921 3014; x_wconf 87' lang='lat'><strong>165.</strong></span> 
     </span>
     <span class='ocr_line' id='line_1_24' title="bbox 47 3050 1919 3134; baseline 0.001 -22"><span class='ocrx_word' id='word_1_153' title='bbox 47 3125 54 3132; x_wconf 19' lang='grc' dir='ltr'><strong><em>ι</em></strong></span> <span class='ocrx_word' id='word_1_154' title='bbox 135 3050 206 3112; x_wconf 91' lang='grc' dir='ltr'>Τ.</span> <span class='ocrx_word' id='word_1_155' title='bbox 247 3051 351 3113; x_wconf 92' lang='lat' dir='ltr'>IV.</span> <span class='ocrx_word' id='word_1_156' title='bbox 411 3054 511 3116; x_wconf 91' lang='lat' dir='ltr'>De</span> <span class='ocrx_word' id='word_1_157' title='bbox 554 3056 809 3117; x_wconf 85' lang='lat' dir='ltr'>Saturni</span> <span class='ocrx_word' id='word_1_158' title='bbox 852 3055 1006 3117; x_wconf 89' lang='lat' dir='ltr'>aede</span> <span class='ocrx_word' id='word_1_159' title='bbox 1049 3056 1252 3116; x_wconf 88' lang='lat' dir='ltr'>simile</span> <span class='ocrx_word' id='word_1_160' title='bbox 1296 3053 1591 3134; x_wconf 90' lang='lat' dir='ltr'>quiddam</span> <span class='ocrx_word' id='word_1_161' title='bbox 1634 3054 1823 3114; x_wconf 87' lang='lat' dir='ltr'>refert</span> <span class='ocrx_word' id='word_1_162' title='bbox 1865 3052 1919 3114; x_wconf 88' lang='lat' dir='ltr'>J.</span> 
     </span>
     <span class='ocr_line' id='line_1_25' title="bbox 134 3150 1921 3236; baseline 0.006 -26"><span class='ocrx_word' id='word_1_163' title='bbox 134 3150 352 3228; x_wconf 89' lang='lat' dir='ltr'>Lydus</span> <span class='ocrx_word' id='word_1_164' title='bbox 405 3156 473 3215; x_wconf 91' lang='lat' dir='ltr'>in</span> <span class='ocrx_word' id='word_1_165' title='bbox 525 3156 771 3236; x_wconf 83' lang='lat' dir='ltr'>Fragm.</span> <span class='ocrx_word' id='word_1_166' title='bbox 829 3156 907 3217; x_wconf 92' lang='lat' dir='ltr'>de</span> <span class='ocrx_word' id='word_1_167' title='bbox 960 3156 1154 3216; x_wconf 90' lang='lat' dir='ltr'>Mens.</span> <span class='ocrx_word' id='word_1_168' title='bbox 1210 3175 1271 3236; x_wconf 89' lang='lat' dir='ltr'>p.</span> <span class='ocrx_word' id='word_1_169' title='bbox 1317 3156 1459 3214; x_wconf 90' lang='grc'><strong>277.</strong></span> <span class='ocrx_word' id='word_1_170' title='bbox 1518 3154 1612 3215; x_wconf 91' lang='lat' dir='ltr'>ed.</span> <span class='ocrx_word' id='word_1_171' title='bbox 1656 3155 1808 3217; x_wconf 78' lang='lat' dir='ltr'>Has,</span> <span class='ocrx_word' id='word_1_172' title='bbox 1854 3159 1921 3220; x_wconf 80' lang='grc' dir='ltr'>ἐν</span> 
     </span>
     <span class='ocr_line' id='line_1_26' title="bbox 136 3253 1920 3342; baseline 0.002 -28"><span class='ocrx_word' id='word_1_173' title='bbox 136 3259 228 3334; x_wconf 82' lang='grc' dir='ltr'>τῷ</span> <span class='ocrx_word' id='word_1_174' title='bbox 280 3255 409 3317; x_wconf 73' lang='grc' dir='ltr'>κατ’</span> <span class='ocrx_word' id='word_1_175' title='bbox 454 3257 650 3321; x_wconf 81' lang='grc' dir='ltr'><strong><em>αὐτὸν</em></strong></span> <span class='ocrx_word' id='word_1_176' title='bbox 692 3259 873 3342; x_wconf 80' lang='grc' dir='ltr'><strong><em>ἱερῷ,</em></strong></span> <span class='ocrx_word' id='word_1_177' title='bbox 933 3258 1016 3329; x_wconf 76' lang='grc' dir='ltr'>ὥς</span> <span class='ocrx_word' id='word_1_178' title='bbox 1060 3278 1214 3341; x_wconf 86' lang='grc' dir='ltr'>φησι</span> <span class='ocrx_word' id='word_1_179' title='bbox 1259 3253 1588 3339; x_wconf 80' lang='grc' dir='ltr'><em>Φύλαρχος</em></span> <span class='ocrx_word' id='word_1_180' title='bbox 1631 3257 1736 3320; x_wconf 80' lang='grc' dir='ltr'>καὶ</span> <span class='ocrx_word' id='word_1_181' title='bbox 1782 3257 1920 3318; x_wconf 77' lang='grc' dir='ltr'>Μέ-</span> 
     </span>
     <span class='ocr_line' id='line_1_27' title="bbox 142 3353 1920 3443; baseline -0.006 -18"><span class='ocrx_word' id='word_1_182' title='bbox 142 3353 415 3436; x_wconf 70' lang='grc' dir='ltr'><em>νανδρος</em></span> <span class='ocrx_word' id='word_1_183' title='bbox 470 3358 610 3421; x_wconf 79' lang='grc' dir='ltr'><strong><em>οὔτε</em></strong></span> <span class='ocrx_word' id='word_1_184' title='bbox 669 3360 828 3443; x_wconf 81' lang='grc' dir='ltr'>γυνὴ</span> <span class='ocrx_word' id='word_1_185' title='bbox 886 3361 1026 3423; x_wconf 79' lang='grc' dir='ltr'><strong><em>οὔτε</em></strong></span> <span class='ocrx_word' id='word_1_186' title='bbox 1074 3357 1272 3437; x_wconf 77' lang='grc' dir='ltr'>[κύων</span> <span class='ocrx_word' id='word_1_187' title='bbox 1317 3359 1486 3437; x_wconf 82' lang='grc' dir='ltr'><strong><em>οὔτε]</em></strong></span> <span class='ocrx_word' id='word_1_188' title='bbox 1529 3364 1686 3439; x_wconf 83' lang='grc' dir='ltr'><em>μυῖα</em></span> <span class='ocrx_word' id='word_1_189' title='bbox 1730 3354 1920 3436; x_wconf 78' lang='grc' dir='ltr'>εἲςῄει.</span> 
     </span>
    </p>
   </div>
  </div>
 </body>
</html>
