2150 3814
699 189 1254 237 SAMOTHRACIA.
1716 138 1879 242 1243

117 345 233 405 que
293 323 575 385 omnibus
617 329 939 381 commune
983 327 1076 379 est
1117 315 1206 378 dii
1249 322 1455 398 magni
1497 331 1568 381 ut
1590 324 1886 388 dicantur

118 436 180 485 et
220 435 503 505 potentes
549 431 611 481 et
644 427 1121 481 conservatores.
1204 418 1340 479 Ait
1379 418 1698 482 Cassius
1742 424 1885 485 He-

117 527 322 584 mina
363 525 827 584 Pen-atesex
872 518 1883 600 Samothraceappellatos

116 625 302 692 θεοὺς
355 619 693 707 μεγάλους,
734 620 926 690 θεοὺς
968 620 1308 692 δυνατοὺς,
1352 621 1540 690 θεοὺς
1573 623 1882 705 χρηστούς

116 725 286 782 Serv.
329 723 376 781 Ι.
421 722 564 780 378.
617 721 720 779 In·
761 717 988 779 Circo
1033 729 1189 779 tres
1234 739 1409 780 arae
1452 723 1686 782 trinis
1732 723 1885 784 diis

113 830 388 902 parent
421 822 715 899 magnis
749 819 1251 901 potentibus3
1296 820 1604 882 eosdem
1632 823 1885 884 Samo—

117 924 422 982 thraces
481 930 756 1002 putant
800 920 1050 981 Tertull.
1096 920 1174 979 de
1219 921 1524 1000 Spectacc.
1568 941 1631 1002 p.
1674 924 1774 982 93.
1821 921 1887 983 C.

114 1023 356 1082 Varro
402 1041 626 1081 unum
667 1040 837 1080 esse
872 1019 1070 1079 dicit
1104 1020 1430 1079 Penates
1467 1028 1541 1078 et
1575 1039 1885 1098 magnos

117 1123 344 1196 deos3.
391 1140 560 1180 nam
621 1122 820 1179 etin
877 1118 1042 1178 basi
1097 1118 1689 1178 inscribebatur
1740 1120 1888 1180 Ma-

114 1224 279 1299 gnis
321 1221 469 1280 diis
509 1218 817 1279 ServrllIz
853 1218 947 1277 12.
970 1217 1143 1278 Haec
1168 1219 1352 1295 igitur
1377 1237 1563 1298 quum
1590 1221 1886 1284 invaluis-

112 1329 207 1379 set
250 1321 485 1400 opinio,
529 1318 646 1378 deo
686 1337 943 1395 magnos
979 1318 1444 1378 Samothracum
1485 1329 1546 1378 et
1579 1321 1888 1380 Romano-

111 1438 246 1479 rum
305 1419 556 1479 eosdem
612 1438 776 1491 esse,
829 1420 1147 1498 utriusque
1201 1428 1404 1478 autem
1451 1421 1685 1496 generis
1730 1423 1888 1480 noti—

110 1522 199 1580 tia
262 1521 557 1599 temporis
626 1518 1025 1578 diuturnitate
1081 1520 1458 1593 evanuisset,
1511 1520 1738 1579 factum
1797 1531 1890 1580 est

112 1631 182 1680 ut
222 1630 408 1700 prout
451 1620 587 1699 quis
629 1618 725 1678 his
766 1627 873 1677 aut
914 1618 1037 1678 illis
1081 1619 1477 1691 familiarior,
1522 1639 1597 1678 ex
1640 1639 1763 1679 uno
1809 1621 1887 1680 de

113 1722 307 1780 altero
375 1722 781 1798 conjecturam
849 1719 1091 1777 faceret.
1201 1719 1298 1776 Ita
1365 1728 1672 1792 auctores,
1734 1739 1886 1800 quos

114 1821 366 1881 Servius
410 1820 797 1898 subsequitur
822 1816 981 1876 vm.
1006 1817 1147 1876 619.
1192 1836 1502 1896 magnos
1548 1818 1727 1878 deos
1771 1818 1808 1879 J
1823 1839 1887 1879 o-

112 1938 310 1992 vem,
389 1919 853 1992 Minerva-m,
924 1917 1420 1992 Mercurium,
1489 1937 1676 1999 quos
1743 1918 1886 1979 Ae-

111 2038 298 2080 neas
348 2018 439 2078 de
497 2019 1037 2079 Samothracia
1090 2019 1425 2078 sustulit
1479 2029 1541 2079 et
1593 2020 1699 2078 111,
1745 2011 1887 2080 264.

112 2121 425 2179 numina
466 2137 734 2195 magna
775 2118 916 2178 hoc
960 2128 1074 2176 est
1116 2116 1416 2191 Jovem,
1458 2118 1885 2180 Minervam

114 2230 188 2278 et
241 2219 706 2278 Mercurium
763 2216 1171 2277 secundum
1233 2217 1779 2280 Samothracas
1805 2223 1880 2299 [Ρ]

114 2329 323 2399 aperte
376 2318 742 2378 Mercurium
799 2338 832 2376 e
891 2317 1354 2376 Samothracum
1412 2319 1683 2378 ascivere
1746 2318 1884 2376 reli-

114 2418 424 2497 gionibuS‚
479 2427 541 2475 et
595 2427 806 2477 contra
861 2415 949 2475 dii
1004 2417 1244 2475 romani
1288 2414 1650 2476 Cabirorum
1696 2418 1885 2476 sacris

113 2519 335 2578 intrusi
393 2525 565 2589 sunt,
611 2516 718 2576 ubi
761 2517 995 2575 nullum
1041 2523 1136 2575 est
1178 2525 1285 2575 aut
1325 2514 1502 2577 Jovis
1546 2527 1653 2576 aut
1695 2515 1887 2577 Juno-

115 2620 210 2678 nis
265 2626 375 2676 aut
415 2616 732 2679 Minervae
749 2617 824 2698 [¹¹]
881 2617 1239 2694 vestigium,
1298 2635 1643 2696 quanquam
1687 2616 1884 2676 Varro

234 2759 307 2816 [1³]
360 2759 477 2802 Idem
521 2760 626 2802 Aen.
667 2760 751 2803 ΙΙΙ.
796 2759 863 2804 12.
906 2759 987 2801 dii
1026 2759 1206 2815 magni
1247 2762 1369 2800 sunt
1414 2757 1667 2814 Jupiter,
1712 2758 1883 2812 June,

120 2817 403 2870 Minerva,
452 2818 794 2871 Mercurius,
841 2819 934 2874 qui
984 2818 1185 2860 Romae
1226 2816 1591 2867 colebantur3
1637 2817 1885 2860 Penates

122 2889 252 2918 vero
282 2877 426 2933 apud
454 2876 1019 2920 Laurolaviniensea.
1050 2877 1123 2919 ubi
1154 2876 1246 2918 Jac.
1279 2875 1333 2917 de
1358 2874 1515 2917 Rhoer.
1545 2873 1645 2916 Fer.
1677 2874 1884 2918 Daventr.

123 2933 205 2974 111.
238 2935 304 2975 12.
346 2949 496 2978 nomen
524 2935 704 2978 Junonis
733 2934 901 2988 eximit,
946 2935 1048 2992 quia
1077 2941 1122 2977 et
1150 2935 1295 2991 priore
1320 2933 1414 2976 loco
1444 2933 1722 2990 praeteritum
1760 2939 1806 2977 et
1841 2934 1885 2976 in

123 3005 206 3033 uno
235 2992 328 3033 cod.
357 2994 555 3037 omissum
585 3000 664 3036 est.
724 2994 813 3036 Sed
851 3001 1032 3051 apparet
1069 2992 1266 3037 Servium
1307 2991 1481 3034 deorum
1519 3005 1766 3047 magnorum
1805 3006 1884 3034 no-

123 3063 217 3092 men
259 3050 380 3093 modo
419 3052 473 3094 de
510 3053 745 3096 Penatibus
779 3053 1055 3111 interpretari
1069 3085 1081 3106 ‚
1125 3051 1246 3094 modo
1290 3056 1340 3093 ut
1383 3051 1536 3108 cuique
1576 3050 1750 3106 Virgilii
1788 3051 1883 3094 loco

122 3114 266 3164 aptum
295 3108 526 3154 videretur.
584 3113 722 3155 Poeta
751 3118 893 3155 autem
920 3112 1125 3155 Junonem
1152 3111 1265 3152 inter
1284 3110 1457 3153 Aeneae
1486 3109 1615 3152 duces
1644 3116 1689 3151 et
1718 3114 1882 3152 tutores

123 3167 285 3208 referre
313 3181 395 3209 nou
424 3174 604 3224 poterat.

242 3224 316 3280 [⁴1]
360 3226 558 3270 Palladia
586 3229 658 3285 qui
688 3229 770 3271 huc
798 3229 943 3273 intulit
971 3228 1221 3278 Dardanus,
1265 3239 1406 3269 secum
1446 3240 1595 3268 rursus
1636 3226 1882 3282 exportavit

124 3282 250 3326 Dion.
281 3282 315 3325 1.
345 3282 415 3327 68.
454 3299 591 3343 neque
627 3287 714 3331 ulla
755 3294 821 3331 est
859 3288 904 3331 in
944 3287 1079 3330 sacris
1117 3285 1425 3328 Samothraciis
1466 3289 1541 3328 aut
1580 3278 1766 3328 Palladii
1806 3290 1880 3325 aut

125 3340 346 3383 Minervae
377 3342 642 3397 significatio.
