2150 3814
745 224 1194 270 oarnch.
1732 211 1895 273 1007

129 355 497 437 Psophidius
551 353 853 416 consimili
894 351 1201 434 Apollinis
1246 352 1599 412 testimonio
1644 363 1893 415 ornatus

130 466 252 531 est3
308 457 639 517 sciscitanti
691 455 856 514 enim
917 453 1176 531 Gygae,
1215 470 1364 512 num
1406 452 1625 532 aliquis
1656 461 1910 513 morta--

126 558 278 617 lium
330 575 398 616 se
453 564 613 614 esset
663 554 932 627 felicior,
985 552 1136 613 deus
1190 551 1351 621 hunc
1391 551 1701 613 Arcadum
1743 570 1898 633 pau-

125 658 460 736 perrimum
502 654 794 734 praetulit
809 655 900 734 [⁰].
983 653 1304 713 Postremo
1349 652 1644 730 Synesius
1664 702 1667 704 .
1687 651 1766 712 de
1796 653 1897 712 In-

123 773 319 815 somn.
374 774 437 834 p.
499 753 638 814 135.
683 751 748 814 C.
810 772 886 814 ex
930 757 1111 838 ἱεροῖς
1155 753 1379 839 λογίοις
1421 753 1538 814 hoc
1568 752 1755 814 ¹affert
1780 771 1896 813 ea·

122 853 262 912 dem
305 855 609 915 sententia

264 964 342 1019 01'2
374 970 576 1019 θυσιῶν
610 963 911 1035 σπλάγχνων
945 964 988 1016 τ’
1025 963 1239 1031 ὄθομαι,
1275 962 1387 1016 τάδ’
1429 960 1715 1033 ἀθύρματα
1730 962 1898 1018 πάντα

121 1066 286 1146 quod
328 1070 575 1147 saepius
617 1066 923 1126 inculcant
965 1065 1336 1143 philosophi,
1379 1064 1760 1143 Porphyrius
1781 1065 1898 1144 Ep.

120 1166 200 1226 ad
242 1166 511 1226 Marcell.
557 1166 655 1224 23.
700 1184 760 1244 p.
804 1163 906 1223 41.
942 1163 1185 1247 >Seneca
1227 1162 1305 1223 de
1348 1163 1556 1224 Benef.
1601 1164 1647 1223 Ι.
1690 1163 1750 1223 6.
1793 1164 1893 1225 21.

120 1274 181 1323 et
224 1266 347 1325 alii.

273 1578 1311 1656 -ΕΡΙΜΕΤΒΠΜ
1456 1581 1645 1658 XI.

558 1747 635 1815 aa
690 1745 968 1802 evm.
1041 1753 1088 1813 ξ.
1138 1750 1188 1800 3.
1241 1755 1369 1800 not.
1418 1747 1453 1801 f.

287 1903 666 1993 Sententiam
738 1909 1014 1962 nostram
1082 1898 1187 1961 de'
1218 1899 1511 1980 Cotyttiis
1563 1911 1626 1963 et
1681 1900 1901 1988 Ba'ptis⁴

119 2004 262 2065 ante
318 2004 547 2064 multos
600 2021 795 2063 annos
847 2004 913 2063 in
967 2002 1133 2062 Diss.
1189 2003 1264 2062 ΙΙ.
1310 2001 1388 2063 de
1430 2003 1633 2064 Morte
1676 2003 1898 2067 Bacchi

120 2188 243 2239 mihi,
292 2187 396 2243 quin
434 2186 660 2242 utriusque
700 2185 772 2228 dei
814 2191 984 2228 statuae
1025 2184 1264 2241 antiquitus
1307 2184 1414 2227 nihil
1451 2185 1570 2228 aliud
1611 2201 1741 2243 quam.
1775 2188 1891 2245 cippi

118 2246 380 2302 sepulcrales
408 2245 569 2286 fuerint
605 2243 885 2286 monumentis
923 2243 1128 2298 majorum
1164 2242 1354 2299 impositi
1393 2244 1578 2286 artificio
1618 2245 1717 2288 rudi
1754 2246 1894 2289 nullo-

119 2319 204 2361 que
231 2304 345 2346 inter
373 2317 419 2345 se
447 2302 690 2345 discrimine
717 2301 802 2344 nisi
830 2301 969 2358 quod,
1009 2302 1083 2358 qui
1113 2301 1301 2344 virorum
1325 2302 1640 2358 imponerentur
1670 2304 1891 2362 sepulcris,

118 2361 264 2420 phallo
294 2361 679 2417 distinguerentur,
709 2360 785 2418 qui
812 2360 1033 2403 mulierum
1046 2393 1058 2413 ,
1090 2361 1300 2402 femineae
1330 2360 1495 2403 formae
1525 2361 1739 2417 quandam
1768 2377 1893 2420 gere-

119 2425 214 2463 rent
252 2419 583 2463 similitudinem.
649 2418 702 2462 In
746 2418 1038 2476 Theophrast.
1086 2418 1218 2461 Char.
1255 2417 1375 2462 XVI.
1414 2419 1769 2476 Hermaphroditi
1808 2421 1895 2464 dici

71 2487 76 2493 '
119 2479 319 2522 videntur
355 2475 565 2534 majorum
591 2478 816 2532 utriusque
844 2490 973 2519 sexus
1002 2476 1171 2532 effigies
1200 2476 1469 2519 cubiculares
1498 2479 1578 2521 sub
1608 2479 1753 2536 specie
1782 2480 1894 2522 Her·
1981 2491 1983 2496 ’

117 2551 277 2582 marum
307 2536 549 2579 biformium
579 2531 880 2586 consecratae3
920 2549 1018 2577 nam
1046 2534 1117 2576 dei
1145 2535 1520 2592 Hermaphroditi‚
1560 2551 1684 2593 quem
1714 2537 1894 2581 Schnei-

115 2597 244 2640 derus
273 2595 330 2638 ad
367 2594 548 2638 Aristot.
586 2593 718 2638 Polit.
743 2608 802 2650 p.
833 2591 935 2650 5⁰9.-
975 2598 1020 2636 et
1055 2592 1332 2636 Heinrichius
1369 2593 1437 2637 De
1476 2595 1734 2653 Hermaphr.
1775 2612 1817 2654 p.
1848 2597 1891 2640 8.

118 2653 356 2712 significari
394 2658 573 2710 putant,
611 2658 679 2695 tot
706 2652 839 2697 fuisse
867 2652 912 2694 in
941 2667 1028 2694 una
1065 2652 1238 2707 privata
1277 2652 1400 2711 domo
1441 2653 1589 2709 signa,
1634 2659 1683 2697 ut
1720 2655 1775 2698 iis
1813 2669 1892 2696 ex-

115 2711 316 2756 ornandis
357 2709 435 2765 ὄλη
473 2708 620 2770 ἡμέρα
661 2725 689 2757 a
734 2711 1032 2768 superstitioso
1069 2710 1142 2752 illo
1181 2710 1368 2766 impendi
1406 2712 1615 2767 potuerit,
1656 2713 1734 2755 vix
1771 2713 1889 2756 credi

116 2775 276 2829 potest.
335 2769 387 2812 In
426 2768 620 2826 Alciphr.
649 2766 733 2812 111.
764 2768 837 2815 37.
875 2765 1134 2829 εἰρεσιώνην
1170 2770 1370 2818 πλέξασα
1411 2767 1509 2829 ᾔειν
1542 2771 1605 2819 εἰς
1628 2766 1700 2829 Ἑρ
1740 2786 1892 2830 aeppo-

115 2829 264 2885 δίτου,
304 2829 366 2885 τῷ
388 2826 706 2882 Ἀλωπεκῆθεν
733 2824 897 2883 ταύτην
934 2825 1252 2883 ἀναθήσουσα,
1292 2826 1394 2869 mihi
1430 2841 1580 2884 parum
1620 2842 1702 2885 exp
1721 2828 1898 2874 oratum·

115 2887 287 2931 videtur
310 2885 721 2943 Hermaphroditum
749 2885 822 2929 dei
854 2887 999 2942 potius
1037 2901 1163 2943 quam
1199 2885 1379 2928 hominis
1415 2900 1509 2928 esse
1546 2900 1711 2931 nomen.
1771 2886 1892 2940 Quid

116 2947 230 2989 enim
257 2959 413 2989 causae
442 2944 634 2988 habebat
661 2943 814 2988 muller
850 2942 982 2988 vidua
1019 2951 1081 2998 et,
1124 2949 1171 2987 ut
1207 2943 1303 3001 ipsa
1338 2944 1590 2999 profitetur,
1630 2959 1657 2987 a
1691 2945 1888 2989 secundis

116 3004 231 3047 votis
257 3007 351 3046 toto
381 3003 519 3047 animo
549 3002 802 3056 abhorrens,
831 3016 908 3046 cur
936 3003 1034 3047 divo
1065 3002 1427 3059 Hermaphrodito
1460 3002 1743 3061 supplicatum
1770 3003 1890 3048 iret?

117 3076 196 3105 cur
235 3062 433 3106 maritum
475 3076 597 3106 suum
647 3075 732 3104 non
780 3061 1039 3107 Phaedriam
1085 3061 1275 3105 nominat
1324 3060 1399 3103 sed
1445 3059 1524 3106 τὸν
1563 3060 1888 3119 Ἀλωπεκῆθεν,

116 3120 240 3177 quasi
267 3120 591 3178 Alopecensium
618 3120 824 3164 unicum?
935 3121 938 3125 “
1643 3119 1647 3123 ’

236 3191 303 3249 [⁶]
346 3193 494 3240 Valer.
527 3193 648 3237 Max.
679 3194 779 3238 VII.
812 3193 850 3236 1.
879 3193 921 3236 2.
963 3193 1020 3236 cf.
1049 3192 1228 3236 Facium
1258 3191 1314 3233 ad
1342 3190 1471 3233 Paus.
1502 3192 1625 3235 VIII.
1654 3191 1726 3236 24.
1768 3193 1885 3237 Hinc

118 3251 361 3294 Grauertus
390 3252 444 3294 de
474 3253 628 3310 Aesop.
658 3267 700 3311 p.
731 3251 801 3295 62.
831 3256 976 3295 natum
1006 3255 1132 3309 putat
1159 3249 1266 3293 illud
1296 3249 1409 3306 quod
1447 3249 1501 3292 de
1541 3250 1694 3295 Croesi
1731 3255 1776 3295 et
1806 3252 1885 3294 So-

119 3308 227 3351 lonis
266 3308 477 3367 colloquio
515 3315 716 3355 narratur
755 3315 832 3355 aut
861 3315 980 3355 certe
1018 3315 1243 3365 utrumque
1281 3308 1458 3365 perinde
1494 3310 1733 3354 fabulosum
1763 3324 1885 3363 esse;

117 3381 291 3422 quorum
320 3369 532 3423 posterius
560 3369 705 3414 verius
733 3369 857 3414 duco.
916 3368 987 3411 Ex
1017 3367 1092 3412 illa
1123 3367 1368 3412 narratione
1397 3366 1602 3412 confinxit
1631 3368 1787 3426 aliquis
1816 3369 1881 3411 in-
1962 3386 1965 3390 >
