2150 3814
243 202 404 264 1270
794 212 1030 256 LIBER
1076 213 1443 257 ‘rssn'rlus

235 366 417 408 causa
459 342 843 405 adulterandi
885 347 950 404 in
994 345 1204 405 oculos
1245 346 1515 404 incurrit.
1592 344 1836 407 Etenim
1881 365 2004 406 me-

233 450 484 508 minisse
528 453 770 523 oportet
814 463 933 524 quo
978 445 1114 504 loco
1159 443 1464 504 Eusebius
1507 429 1718 523 quove
1752 446 2006 504 consilio

235 545 828 606 Sanchuniathonem
871 563 1051 605 suum
1094 543 1360 604 inducat.
1444 545 1681 625 Nempe
1724 547 1789 605 in
1833 563 2008 626 prae-

230 645 550 726 paratione
595 643 1132 703 demonstrationis
1161 644 1567 721 Evangelicae
1611 655 1673 705 et
1715 644 1796 705 ad
1840 663 2010 703 coar-

230 743 532 823 guendam
587 745 949 822 religionum
1005 744 1320 822 gentilium
1366 746 1721 805 vanitatem.
1810 743 2006 817 Quam

233 843 315 903 ad
367 864 499 904 rem
553 845 706 904 nihil
761 845 980 904 fortius
1036 844 1250 902 afferre
1306 853 1552 924 poterat
1606 863 1790 924 quam
1843 845 2007 902 illius

232 944 423 1004 Poeni
467 945 920 1017 testimonium,
978 945 1148 1021 cujus
1205 962 1447 1003 summa
1485 945 1636 1003 haec
1679 951 1803 1016 est,
1861 938 2008 1001 deos

235 1046 339 1124 qui
382 1043 606 1124 ubique
650 1052 951 1103 terrarum
997 1045 1310 1117 colantur,
1377 1045 1667 1103 mortales
1724 1063 1798 1102 ex
1844 1061 2011 1102 mor-

234 1144 458 1204 talibus
526 1153 703 1207 natos
776 1162 980 1203 errore
1048 1152 1111 1202 et
1182 1146 1618 1224 superstitione
1689 1145 2008 1202 hominum

233 1244 527 1302 coelestes
571 1244 876 1322 accepisse
918 1244 1197 1303 honores.
1283 1242 1354 1302 Id
1399 1245 1452 1302 si
1496 1262 1680 1304 verus
1719 1253 1780 1302 et
1814 1243 2009 1302 Semi-

231 1345 465 1402 ramius
491 1341 990 1400 Sanchuniathon
1035 1361 1110 1400 ex
1158 1344 1597 1420 antiquissimis
1641 1344 1836 1420 gentis
1864 1361 2011 1401 suae

231 1443 626 1515 monimentis
691 1441 1138 1520 promulgavit,
1197 1459 1378 1499 nemo
1434 1443 1717 1500 resistere
1770 1451 2012 1521 poterat

233 1545 382 1624 quin
426 1542 681 1601 deorum
737 1541 968 1601 cultum
1012 1559 1127 1620 pro
1172 1558 1335 1600 vano
1383 1550 1445 1600 et
1487 1542 1665 1600 irrito
1708 1542 2011 1619 rejiceret3

231 1643 299 1702 id
356 1642 520 1723 quod
574 1641 878 1701 Eusebius
933 1642 1028 1701 his
1085 1641 1258 1700 libris
1316 1640 1549 1701 efficere
1605 1618 1857 1701 conatus
1901 1649 2010 1700 est.

230 1743 449 1804 Nonne
502 1743 652 1802 haec
707 1744 856 1802 satis
915 1750 1079 1801 certa
1134 1741 1488 1802 collusionis
1530 1741 1760 1802 indicia
1800 1740 2013 1802 viden-
2081 1776 2084 1778 -

235 1843 376 1904 tur?
458 1842 582 1902 Sed
648 1861 773 1901 non
819 1823 1030 1901 ‘minus
1087 1850 1299 1922 aperte
1357 1861 1576 1901 causae
1629 1841 2014 1901 Eusebianae

232 1945 651 2024 patrocinatur
703 1941 878 1999 Philo
935 1943 1086 2021 ipse.
1184 1942 1343 2002 Nam
1402 1960 1590 2021 quum
1637 1940 1714 2000 de
1759 1941 2014 2000 deorum

234 2042 583 2114 amoribus,
652 2042 835 2114 rixiS,
902 2040 1222 2100 adulteriis
1289 2061 1399 2100 eae
1468 2051 1671 2100 essent
1726 2041 2011 2118 vulgatae

233 2143 508 2215 fabulae,
563 2159 720 2220 quae
762 2141 916 2219 ipsis
961 2159 1171 2199 eorum
1230 2140 1565 2200 cultoribus
1608 2139 1908 2221 pudorem
1952 2150 2015 2199 et

233 2242 512 2302 taedium
569 2240 881 2313 afferrent,
926 2239 1296 2301 adversariis
1339 2251 1543 2300 autem
1587 2241 2013 2300 inexhaustam

234 2342 600 2424 praeberent
651 2340 1037 2400 conviciandi
1093 2343 1446 2415 materiam,
1515 2351 1795 2402 veterum
1852 2359 2012 2399 erro-

234 2461 372 2502 rum
436 2441 785 2500 defensores
842 2440 922 2498 ad
978 2442 1330 2519 allegoricas
1388 2442 1786 2518 confugerunt
1827 2442 2008 2498 inter-

237 2542 629 2622 pretationes.
737 2539 912 2598 Haec
977 2542 1162 2617 igitur
1234 2551 1503 2599 extrema
1563 2541 2013 2620 superstitionis

236 2640 694 2723 propugnacula
748 2638 1130 2719 Apologetae
1184 2641 1496 2700 christiani
1541 2639 1823 2700 omnibus
1867 2640 2012 2699 viri-

238 2743 351 2802 bus
394 2751 576 2822 atque
620 2739 842 2821 opibus
886 2741 1226 2801 convellere
1268 2741 1566 2803 laborant.
1625 2740 1919 2821 Tatianus
1965 2760 2011 2797 c.

244 2962 333 3001 tus
363 2970 513 3009 esse,
554 2954 698 2997 haec
724 2955 864 2998 enim
895 2955 1054 2997 fraus
1083 2954 1286 2996 statim
1330 2954 1590 2996 omnibus
1631 2954 2007 3000 innotuisset.

244 3019 403 3059 verum
430 3019 572 3057 tamen
602 3014 756 3056 scimus
785 3014 943 3056 nullutn
972 3016 1064 3057 fere
1093 3012 1346 3068 scriptorum
1377 3012 1650 3054 classicorum
1681 3027 1798 3065 esse,
1829 3013 1897 3055 cui
1927 3026 2010 3054 non

247 3076 358 3117 liber
399 3073 554 3128 aliquis
593 3072 836 3129 suppositus
881 3073 962 3125 sit,
1003 3074 1178 3126 eamque
1219 3071 1412 3113 fraudem
1451 3071 1618 3113 minime
1659 3071 1851 3113 omnibus
1889 3070 2009 3112 inno—

247 3133 378 3176 tuisse
406 3131 481 3174 sed
509 3145 639 3187 saepe
667 3131 873 3174 fefellisse
903 3130 1167 3173 doctissimos
1198 3143 1332 3186 usque
1363 3129 1417 3171 ad
1452 3129 1561 3171 hanc
1602 3133 1801 3174 aetatem.
1859 3128 2009 3171 Philo-

246 3191 313 3234 nis
342 3204 445 3233 vero
475 3190 634 3231 furtum
665 3195 784 3232 tanto
814 3189 985 3233 facilius
1012 3188 1192 3239 latebat,
1226 3193 1384 3244 quanto
1414 3187 1604 3242 ignotior
1639 3194 1734 3230 erat
1763 3202 1899 3230 sermo
1929 3200 2008 3242 pu-

252 3250 394 3301 nicus,
439 3262 561 3303 quem
593 3248 666 3304 qui
694 3263 777 3290 non
808 3248 1044 3300 callebant,
1074 3260 1209 3301 neque
1240 3246 1539 3302 antiquitatum
1568 3246 1813 3303 punicarum
1843 3245 2010 3302 penitus

253 3307 381 3364 periti
410 3312 555 3358 erant,
599 3307 808 3364 suspicari
839 3307 1007 3363 quidem
1033 3305 1224 3348 fraudem
1254 3305 1329 3346 sed
1357 3304 1648 3348 demonstrare
1688 3319 1768 3347 non
1798 3306 2007 3362 poterant.

253 3367 313 3410 Et
342 3365 438 3423 quis
469 3365 574 3416 scit,
619 3380 671 3407 an
703 3366 818 3408 nulla
846 3364 1048 3421 ejusmodi
1080 3363 1264 3421 suspicio
1295 3363 1460 3406 fuerit?
