2184 3840
769 250 1222 294 ORPHICA.
1759 238 1880 298 865

113 385 226 442 hoc
283 400 519 462 quoque
563 383 626 438 in
672 379 807 437 loco
851 377 1003 437 nihil
1049 378 1256 438 obstat
1298 381 1626 458 quominus
1668 380 1883 440 Phorci

111 501 335 542 nomen
386 480 776 558 generaliter,
832 487 902 536 ut
956 477 1144 536 modo
1190 479 1486 550 diximuS‚
1532 482 1883 561 accipiatur,

110 585 196 642 sic
250 591 319 639 ut
373 564 638 639 Senecae
695 578 859 636 Med.
904 577 1046 640 341.
1137 575 1496 654 Cyaneae
1540 576 1885 641 claustra

107 679 476 761 profundi
510 674 635 759 [1’1’];
702 677 956 738 Aristid.
1025 679 1234 738 Isthm.
1299 680 1364 738 in
1419 676 1597 758 Nept.
1666 700 1726 760 p.
1783 661 1884 740 21.

59 827 72 850 .
111 781 208 844 ἐπὶ
259 786 395 849 ταῖς
449 782 749 861 εἷςβολαῒς
802 787 915 841 τοῦ
971 778 1264 850 Εὐξείνου
1309 777 1542 841 πόντὸυ
1587 782 1885 862 mimate

107 882 336 944 κυανὲα
390 880 494 942 καὶ
535 877 723 942 πύλαι
777 877 1110 957 θαλάττης.
1199 877 1424 936 Verum
1470 875 1666 938 etiam
1699 879 1887 938 aliam

107 982 276 1041 viam
313 978 682 1039 emendandi
715 977 950 1056 ingredi
988 978 1162 1048 licet,
1211 996 1335 1036 non
1380 978 1550 1036 illam
1587 979 1886 1057 praecipi-

107 1093 261 1154 tem,
317 1099 499 1160 quam
555 1078 905 1156 Lennepius
958 1078 1098 1135 iniit
1154 1075 1236 1135 ad
1294 1076 1529 1135 Phalar.
1580 1077 1741 1156 Epp.
1778 1075 1887 1135 IX.

108 1180 295 1260 51.[‘¹]
341 1178 451 1239 sed
493 1185 566 1235 ut
595 1195 711 1256 pro
739 1177 974 1260 ‘'Opxov
1010 1176 1418 1236 substituatur
1447 1178 1691 1258 Ἄρκου,
1739 1194 1888 1255 quo-

107 1277 293 1338 modo
349 1276 642 1337 Arctoa
695 1285 927 1356 porta
984 1276 1207 1336 dicitur
1262 1295 1377 1356 pro
1422 1276 1603 1355 plaga
1646 1285 1888 1354 septen-

107 1378 356 1437 trionali
409 1377 562 1438 Stat.
618 1375 806 1435 Theb.
871 1374 994 1435 VII.
1050 1374 1149 1435 35.
1238 1373 1526 1436 Ceterum
1581 1375 1891 1448 Phanocli,

109 1495 295 1558 quum
350 1478 460 1536 illa
513 1476 835 1548 scriberet,
898 1475 1294 1536 obversatum
1352 1475 1599 1555 quidem
1643 1474 1892 1535 videtur

109 1578 343 1658 Orphei
401 1579 520 1636 iter
563 1574 915 1636 colchicum
959 1585 1020 1634 et
1063 1575 1453 1635 Planetarum
1497 1576 1892 1648 transvectio,

112 1677 191 1736 de
249 1696 369 1757 qua
425 1678 560 1756 ipse
601 1685 811 1736 narrat
852 1677 919 1734 in
961 1674 1186 1752 Argon.
1233 1694 1289 1736 v.
1332 1676 1476 1734 707.
1523 1676 1724 1756 αὐτὰρ
1771 1675 1891 1758 ἐγώ

112 1785 379 1859 μολπῇσι
413 1774 795 1859 παρήπαφον
819 1775 1142 1856 ἡμετέρῃσι
1172 1775 1395 1855 πέτρας
1430 1770 1764 1854 ἠλιβάτους
1788 1773 1893 1852 [¹],

111 1876 221 1937 sed
271 1886 480 1935 tamen
535 1876 626 1933 ita
680 1883 750 1932 ut
805 1873 1053 1954 Orpheo
1113 1874 1398 1934 universe
1439 1873 1568 1933 vim
1614 1882 1676 1931 et
1717 1879 1896 1952 pote-

110 1986 332 2038 statem
387 1973 802 2036 sedandarum
857 1973 1152 2034 fluctuum
1208 1971 1442 2032 tribuat
1485 1973 1593 2052 [⁸],
1664 1973 1895 2052 alioqui

114 2076 305 2139 thelos
372 2077 717 2156 scripsisset
782 2093 907 2134 non
965 2077 1185 2136 ἔπειθε.
1289 2071 1358 2131 Si
1415 2072 1600 2149 igitur
1655 2073 1894 2131 nullum

114 2178 334 2236 certius
377 2176 663 2235 afferetur
706 2193 996 2251 argumon
1071 2192 1162 2245 m,
1219 2171 1446 2230 Orcum
1492 2181 1553 2229 et
1594 2170 1896 2231 Phorcum

117 2275 381 2335 eundem
439 2293 570 2335 esse
626 2292 752 2332 non
796 2283 1002 2332 'conce
1048 2289 1254 2343 emuS,
1319 2271 1480 2328 inter
1537 2287 1688 2349 quos
1745 2269 1895 2329 deos

117 2376 388 2435 maxima
431 2384 526 2434 est
568 2384 767 2446 ortus,
822 2372 1181 2451 potestatis,
1236 2371 1472 2447 generis
1517 2367 1896 2430 dissimilitu-

238 2543 336 2600 [1³1²]
382 2543 434 2587 In
463 2544 673 2586 Varronis
702 2542 876 2586 Atacini
904 2541 1079 2596 Fragm.
1107 2540 1184 2582 IV.
1215 2553 1257 2596 p.
1290 2538 1415 2581 1406.
1457 2539 1515 2582 Τ.
1548 2538 1599 2579 V.
1630 2538 1753 2582 Poet.
1787 2539 1894 2581 Min.

120 2604 366 2645 Arctaeo
419 2601 689 2660 plaustro
741 2601 957 2644 Boreas
1011 2598 1330 2642 bacchatur
1385 2597 1451 2640 ab
1503 2597 1736 2650 Haemo,
1793 2597 1895 2641 licet

122 2661 250 2704 etiam
297 2661 509 2704 Arctoo
543 2660 810 2720 *claustro
851 2658 1106 2702 substinere.

236 2734 312 2791 [q]
356 2733 403 2776 Is
431 2747 511 2791 pro
543 2729 727 2793 Φόρκου
756 2728 900 2783 πύλας
930 2730 1157 2775 substituit
1185 2724 1439 2786 Πλαγκτάς.

237 2807 306 2864 [r]
351 2807 677 2864 Si'expressam
705 2806 832 2862 hujus
860 2805 968 2848 facti
996 2803 1237 2848 memoriam
1266 2812 1507 2858 proponere
1541 2799 1747 2842 voluisset
1776 2799 1891 2841 Pha-

124 2866 291 2920 nocles,
335 2879 418 2908 non
450 2862 675 2915 ἀναύδους
702 2864 969 2922 scripsisset,
1010 2862 1125 2920 quod
1154 2860 1273 2903 saxis
1301 2860 1346 2902 in
1373 2859 1644 2910 universum,
1686 2870 1770 2899 non
1809 2857 1894 2899 illis

122 2923 509 2968 tumultuosissimis
544 2923 731 2981 scopulis
775 2923 997 2976 convenit,
1031 2921 1108 2963 sed
1139 2918 1371 2973 ἀναιδέας,
1404 2916 1518 2972 quod
1547 2916 1775 2971 unicuique
1804 2915 1893 2971 pri-

123 2997 244 3053 ιιιιιιιιι
263 2983 462 3026 occurrit.
519 2982 755 3039 Dionysius
784 2981 956 3037 Perieg.
984 2995 1026 3024 v.
1053 2975 1150 3022 143.
1182 2979 1373 3026 κυανέας
1402 2975 1479 3019 ὅθι
1507 2977 1656 3034 μῦθος
1684 2973 1895 3023 ἀναιδέας

123 3043 190 3085 εἰν
219 3043 646 3157 αΐέ]πῗ1ῗαῧφὴεο
675 3099 832 3142 venti
860 3097 1168 3140 frenantur
1198 3098 1253 3136 et
1282 3092 1460 3134 undae
1492 3089 1716 3132 Claudian.
1748 3089 1891 3132 Praef.

128 3156 178 3200 1..
206 3158 266 3200 Π.
306 3158 437 3215 Rapt.
470 3157 538 3200 17.
576 3157 775 3214 idemque
808 3155 1053 3200 clarissimis
1081 3153 1227 3195 verbis
1265 3151 1372 3193 dicit
1409 3150 1639 3206 Antipater
1679 3162 1705 3190 a
1744 3147 1894 3190 Ruhn—

131 3215 254 3259 kenio
285 3216 532 3260 advocatus.
565 3216 822 3259 Welckerus
849 3219 1023 3258 contra:
1068 3211 1267 3255 Weder
1297 3215 1459 3266 passt
1489 3207 1589 3250 auf
1615 3207 1712 3249 das
1741 3205 1894 3250 Meer

129 3270 291 3374 3123?
293 3272 548 3375 2:122&
553 3273 806 3388 {fhissg'zf
815 3306 828 3327 ’
847 3271 1119 3375 ι’ὲὲἑᾞέἒιξ
1146 3267 1618 3386 {5„{¹1¹÷33¹„3t‘}{s?
1632 3266 1761 3366 Ὗίἒῗ
1785 3264 1893 3368 {¹125

131 3387 244 3445 γνὸν
273 3386 395 3446 ὕδωρ
427 3389 609 3447 Stygem
638 3390 888 3446 significat?

206 3465 264 3515 ll.
1520 3455 1562 3515 6
