2210 3886
851 218 1339 268 ORPHICA.'
1840 208 1963 270 793

188 380 333 421 nam
402 360 533 420 fieri
599 363 841 437 potest
874 364 953 414 ut
1010 353 1238 412 lemma
1295 350 1469 412 ‘istud
1540 351 1966 412 tantummodo

188 464 457 542 priorem
526 457 810 518 carminis
877 462 1118 535 partem
1160 453 1635 533 ·complectatur.‘
1727 453 1801 511 In
1857 452 1970 511 Or-

189 561 417 641 phieis,
475 576 630 638 quae
686 563 1016 636 supersunt
1027 582 1050 626 ·,·
1101 553 1179 613 de
1234 554 1705 632 conflagratione
1757 552 1973 613 mundi

188 659 637 737 nihil-legitur,
693 655 804 716 sed
847 655 1139 716 Proculus
1184 655 1359 714 affert
1398 653 1708 735 quandam
1750 663 1974 736 poetae

188 760 464 820 fabulam
521 758 820 819 confinem
890 756 1010 816 illi,
1039 758 1382 816 sententiae
1436 755 1816 816 et'‚.fortasse
1873 775 1975 816 eo-

191 859 354 919 dem-
404 858 763 919 deductam:
820 863 1097 927 ’Τιτᾶνες
1161 856 1331 940 παρὰ
1384 856 1456 918 τὸ
1497 854 1818 920 Υτετοίσθοει
1872 858 1978 920 καὶ

191 964 651 1041 ἐξαπλωθῆναι,
693 959 739 1040 ἢ
779 961 913 1032 ὅτι,ι
941 957 1024 1027 ὥς
1067 957 1222 1041 λέγει
1267 952 1457 1026 οὗτος
1492 957 1615 1019 ἀπὸ
1650 966 1759 1039 τῆς
1793 956 1976 1039 δόξης

189 1070 304 1125 τοῦ
356 1063 632 1144 Ὀρφέως
675 1058 908 1139 λαβὼν
933 1064 1153 1130 τοῦτο,
1211 1054 1402 1120 πάλιν
1443 1065 1793 1141 τιμωρῆσαι
1834 1061 1977 1141 μέλ-

194 1171 281 1224 λει
324 1159 631 1244 ὃΚρόνος
673 1160 820 1242 τοὺς
864 1157 1201 1229 θεοὺςτκαῒ)
1239 1160 1456 1239 λαβεῖν
1497 1156 1620 1237 τὴν
1653 1159 1976 1241 βασιλείαν

193 1264 423 1336 αὐτοῦ,
460 1263 676 1347 »ἤγουν
731 1257 919 1324 πάλιν
961 1263 1362 1343 ἐπικρατῆσαι
1402 1260 1604 1341 μέλλει
1645 1258 1716 1322 τὸ
1764 1259 1981 1331 σκότος

191 1367 383 1427 ἐκεῖνο
443 1363 516 1425 τὸ
576 1358 993 1445 ἀρχαιότατον
1013 1354 1087 1440 [¹¹]
1144 1360 1298 1430 τοὺς·
1335 1359 1678 1435 ζωδιακοὺς
1721 1359 1982 1432 κύκλους

191 1463 339 1535 τοὺς
385 1466 638 1545 ἔχοντας
680 1462 841 1533 τοὺς
870 1462 1160 1544 ἀστέρας·
1209 1478 1557 1541 quanquam
1603 1481 1682 1521 ne
1725 1462 1824 1522 hic
1851 1464 1984 1542 qui-

193 1563 334 1624 dem
379 1565 550 1625 loeus
581 1562 983 1624 dubitatione
1026 1570 1210 1621 earet.
1292 1561 1455 1622 Nam
1499 1561 1579 1622 de
1622 1562 1874 1623 Saturni
1918 1565 1984 1622 in

193 1672 445 1745 regnum
490 1665 879 1724 restitutione
922 1660 1257 1739 Hesiodus,
1301 1663 1407 1741 qui
1449 1662 1567 1721 hoe
1611 1662 1688 1722 ab
1736 1662 1985 1744 Orpheo

195 1767 500 1846 accepisse
543 1763 797 1836 dieitur,
839 1763 1017 1822 nihil-
1038 1771 1262 1822 narrat.
1320 1762 1583 1841 Itaque,
1628 1764 1750 1823 nisi
1791 1784 1909 1844 pro
1954 1766 1986 1829 ὃ

192 1864 434 1949 Κρόνος
476 1864 850 1925 substituere
894 1863 1220 1942 quis‘velit
1260 1861 1569 1946 Οὐρανός,
1614 1862 1780 1944 quod
1817 1847 2020 1946 equi-‘

195 1966 335 2027 dem
393 1984 519 2026 non
563 1964 892 2036 suaserim,
949 1963 1107 2022 nihil
1161 1962 1331 2023 aliud
1374 1964 1768 2044 relinquitur,
1824 1965 1991 2046 quod

194 2069 439 2147 utrique
495 2074 720 2148 poetae
775 2082 1101 2126 commune
1159 2073 1221 2124 et
1276 2064 1355 2125 ab
1414 2084 1539 2125 uno
1600 2064 1681 2125 ad
1725 2066 1990 2127 alterum

198 2169 566 2229 translatum
626 2165 750 2226 dici
804 2166 1036 2246 possit,
1106 2174 1352 2245 praeter
1407 2166 1737 2239 talionem,
1781 2186 1990 2246 ÷quam

200 2269 434 2330 diversi
468 2267 581 2327 dii
623 2267 806 2346 passi-2·
836 2274 980 2325 sunt
1020 2265 1341 2347 eandem„
1372 2265 1711 2340 Saturnus,
1754 2276 1824 2326 ut
1866 2267 1993 2327 He-

199 2367 427 2428 siodus·
457 2367 676 2439 refert,
722 2385 779 2426 a.
803 2364 968 2427 Jove
1006 2364 1552 2445 pulsus-Jupiter,
1595 2350 1993 2448 utOrphe‘us

200 2469 431 2540 dixisse
473 2466 836 2549 videturywaf
870 2466 1155 2526 Saturno,
1199 2464 1481 2539 Videtur,
1524 2467 1805 2546 inquam,
1850 2480 1995 2529 nam

202 2570 283 2630 ad
347 2567 692 2649 liquidum'
721 2566 1194 2647 confessumque
1262 2566 1517 2648 perduci
1554 2586 1709 2628 non
1770 2579 1994 2650 potest.

203 2668 518 2749 Quodszeo
550 2667 957 2747 diligentius,
993 2667 1458 2729 admonendum
1502 2667 1694 2742 duco,
1738 2689 1818 2729 ne
1861 2673 2005 2749 quis>

203 2790 383 2852 quae·
418 2771 533 2830 hoe
588 2769 727 2829 loco
785 2768 1080 2829 Proculus
1139 2777 1200 2827 et
1254 2770 1429 2848 prius
1489 2770 1695 2830 allatis
1755 2770 1996 2830 Plutar-

205 2873 371 2932 chus.
395 2882 459 2930 et
503 2867 893 2931 Censorinus,
920 2868 998 2932 ab
1036 2868 1286 2950 Orpheo
1312 2870 1501 2930 dicta-
1527 2870 1820 2945 referunt,
1850 2879 1997 2937 tan—

206 2977 409 3053 quam³
458 2970 735 3051 ejusdem
808 2979 1028 3052 poetae
1099 2969 1346 3031 decreta
1400 2972 1468 3030 in
1525 2989 1715 3031 unum
1774 2990 1996 3053 eorpus

208 3071 545 3134 confundat
629 3083 691 3132 et
771 3090 959 3152 porro
1030 3071 1338 3149 Sibyllae,
1411 3069 1861 3133 Chaldaeorum
1938 3084 1999 3132 et

210 3245 303 3273 nam
336 3245 387 3272 ea
417 3235 588 3282 aetate,
631 3245 716 3287 qua
758 3229 1018 3285 Theogonia
1049 3236 1093 3271 et
1124 3231 1271 3286 Opera
1303 3229 1477 3272 condita
1507 3235 1632 3281 sunt,
1665 3230 1870 3273 neminem
1903 3231 1997 3287 pla—

211 3296 402 3332 netarum
434 3302 654 3332 numerum
684 3295 729 3332 et
760 3303 928 3332 cursum
959 3289 1191 3345 indagasse
1225 3294 1384 3331 certum
1415 3295 1496 3331 est.

330 3345 397 3403 [Β]
430 3348 736 3392 Aeternam
767 3348 926 3390 illam
956 3354 1012 3390 et
1041 3347 1404 3391 novissimam
1437 3354 1656 3391 noctem
1690 3347 1888 3391 mundo
1921 3348 1996 3389 in-

216 3411 460 3448 stantem
492 3407 600 3450 Plin.
635 3407 708 3450 Vl.
743 3406 884 3464 Epist.
918 3406 1035 3451 XXI.
