<?xml version="1.0" encoding="UTF-8"?>
<!DOCTYPE html PUBLIC "-//W3C//DTD XHTML 1.0 Transitional//EN"
    "http://www.w3.org/TR/xhtml1/DTD/xhtml1-transitional.dtd">
<html xmlns="http://www.w3.org/1999/xhtml" xml:lang="en" lang="en">
 <head>
  <title>
</title>
<meta http-equiv="Content-Type" content="text/html;charset=utf-8" />
  <meta name='ocr-system' content='tesseract 3.04.00' />
  <meta name='ocr-capabilities' content='ocr_page ocr_carea ocr_par ocr_line ocrx_word'/>
</head>
<body>
  <div class='ocr_page' id='page_1' title='image "./aglaophamussived02lobeuoft_0057.png"; bbox 0 0 2184 3840; ppageno 0'>
   <div class='ocr_carea' id='block_1_1' title="bbox 824 179 1928 239">
    <p class='ocr_par' dir='ltr' id='par_1_1' title="bbox 824 179 1928 239">
     <span class='ocr_line' id='line_1_1' title="bbox 824 179 1928 239; baseline 0.013 -13"><span class='ocrx_word' id='word_1_1' title='bbox 824 185 1309 229; x_wconf 47' lang='lat' dir='ltr'><strong>carruca.¹</strong></span> <span class='ocrx_word' id='word_1_2' title='bbox 1805 179 1928 239; x_wconf 83' lang='lat'><strong>833</strong></span> 
     </span>
    </p>
   </div>
   <div class='ocr_carea' id='block_1_2' title="bbox 71 312 1928 2681">
    <p class='ocr_par' dir='ltr' id='par_1_2' title="bbox 158 312 1928 474">
     <span class='ocr_line' id='line_1_2' title="bbox 158 312 1928 388; baseline 0.005 -16"><span class='ocrx_word' id='word_1_3' title='bbox 158 313 683 385; x_wconf 69' lang='lat' dir='ltr'><strong>antecedentibus,</strong></span> <span class='ocrx_word' id='word_1_4' title='bbox 730 323 797 370; x_wconf 88' lang='lat' dir='ltr'><strong>ut</strong></span> <span class='ocrx_word' id='word_1_5' title='bbox 840 312 1074 384; x_wconf 86' lang='lat' dir='ltr'><strong>eidem,</strong></span> <span class='ocrx_word' id='word_1_6' title='bbox 1132 316 1224 372; x_wconf 88' lang='lat' dir='ltr'><strong>cui</strong></span> <span class='ocrx_word' id='word_1_7' title='bbox 1273 324 1502 388; x_wconf 86' lang='lat' dir='ltr'><strong>cetera,</strong></span> <span class='ocrx_word' id='word_1_8' title='bbox 1562 317 1928 381; x_wconf 85' lang='lat' dir='ltr'><strong>vindicanda</strong></span> 
     </span>
     <span class='ocr_line' id='line_1_3' title="bbox 161 403 1332 474; baseline 0 -1"><span class='ocrx_word' id='word_1_9' title='bbox 161 413 461 474; x_wconf 86' lang='lat' dir='ltr'><strong>videatur.</strong></span> <span class='ocrx_word' id='word_1_10' title='bbox 1303 403 1332 423; x_wconf 58' lang='lat'><strong>⁹</strong></span> 
     </span>
    </p>

    <p class='ocr_par' dir='ltr' id='par_1_3' title="bbox 71 509 1928 1089">
     <span class='ocr_line' id='line_1_4' title="bbox 274 509 1928 589; baseline 0.005 -20"><span class='ocrx_word' id='word_1_11' title='bbox 274 513 640 573; x_wconf 54' lang='lat' dir='ltr'><strong>XPostremo</strong></span> <span class='ocrx_word' id='word_1_12' title='bbox 699 509 780 571; x_wconf 85' lang='lat' dir='ltr'><strong>ad</strong></span> <span class='ocrx_word' id='word_1_13' title='bbox 833 511 949 569; x_wconf 88' lang='lat' dir='ltr'><strong>hoc</strong></span> <span class='ocrx_word' id='word_1_14' title='bbox 978 522 1186 589; x_wconf 70' lang='lat' dir='ltr'><strong>,caput</strong></span> <span class='ocrx_word' id='word_1_15' title='bbox 1226 513 1485 575; x_wconf 82' lang='lat' dir='ltr'><strong>referam</strong></span> <span class='ocrx_word' id='word_1_16' title='bbox 1531 534 1773 576; x_wconf 90' lang='lat' dir='ltr'><strong>versum</strong></span> <span class='ocrx_word' id='word_1_17' title='bbox 1818 517 1928 577; x_wconf 92' lang='lat' dir='ltr'><strong>Or-</strong></span> 
     </span>
     <span class='ocr_line' id='line_1_5' title="bbox 154 608 1927 690; baseline 0.007 -22"><span class='ocrx_word' id='word_1_18' title='bbox 154 610 402 689; x_wconf 88' lang='lat' dir='ltr'><strong>phicum</strong></span> <span class='ocrx_word' id='word_1_19' title='bbox 447 610 524 670; x_wconf 86' lang='lat' dir='ltr'><strong>ab</strong></span> <span class='ocrx_word' id='word_1_20' title='bbox 569 610 840 686; x_wconf 79' lang='lat' dir='ltr'><strong>Etymol.</strong></span> <span class='ocrx_word' id='word_1_21' title='bbox 887 608 1045 673; x_wconf 80' lang='lat' dir='ltr'><strong>Gud.</strong></span> <span class='ocrx_word' id='word_1_22' title='bbox 1080 610 1322 690; x_wconf 78' lang='lat' dir='ltr'><strong>p.395.</strong></span> <span class='ocrx_word' id='word_1_23' title='bbox 1368 624 1712 676; x_wconf 81' lang='lat' dir='ltr'><strong>servatum:</strong></span> <span class='ocrx_word' id='word_1_24' title='bbox 1754 618 1927 681; x_wconf 82' lang='grc' dir='ltr'><strong>Μίν-Ι</strong></span> 
     </span>
     <span class='ocr_line' id='line_1_6' title="bbox 156 709 1927 791; baseline 0.004 -19"><span class='ocrx_word' id='word_1_25' title='bbox 156 713 278 787; x_wconf 83' lang='grc' dir='ltr'><strong>θη,</strong></span> <span class='ocrx_word' id='word_1_26' title='bbox 333 710 411 789; x_wconf 76' lang='grc' dir='ltr'><strong>ἥν</strong></span> <span class='ocrx_word' id='word_1_27' title='bbox 467 736 630 780; x_wconf 82' lang='grc' dir='ltr'><em>τινες</em></span> <span class='ocrx_word' id='word_1_28' title='bbox 690 709 1010 791; x_wconf 78' lang='grc' dir='ltr'><em>ἡδύοσμον</em></span> <span class='ocrx_word' id='word_1_29' title='bbox 1065 719 1397 776; x_wconf 59' lang='grc' dir='ltr'><em>καλοῦσιν’(</em></span> <span class='ocrx_word' id='word_1_30' title='bbox 1430 717 1571 777; x_wconf 73' lang='grc' dir='ltr'><em>,ἔστι</em></span> <span class='ocrx_word' id='word_1_31' title='bbox 1626 714 1695 778; x_wconf 82' lang='grc' dir='ltr'><strong>δὲ</strong></span> <span class='ocrx_word' id='word_1_32' title='bbox 1737 716 1927 779; x_wconf 79' lang='grc' dir='ltr'><em>καλοί-</em></span> 
     </span>
     <span class='ocr_line' id='line_1_7' title="bbox 71 809 1925 897; baseline 0.005 -27"><span class='ocrx_word' id='word_1_33' title='bbox 71 838 75 840; x_wconf 45' lang='lat'>‘</span> <span class='ocrx_word' id='word_1_34' title='bbox 149 813 381 889; x_wconf 74' lang='grc' dir='ltr'><em>μινθος</em></span> <span class='ocrx_word' id='word_1_35' title='bbox 440 813 674 896; x_wconf 75' lang='grc' dir='ltr'><em>ἄγριον.</em></span> <span class='ocrx_word' id='word_1_36' title='bbox 721 809 1077 892; x_wconf 79' lang='grc' dir='ltr'><em>ἡδύοσμον,</em></span> <span class='ocrx_word' id='word_1_37' title='bbox 1135 812 1281 893; x_wconf 81' lang='grc' dir='ltr'><em>ὅπερ</em></span> <span class='ocrx_word' id='word_1_38' title='bbox 1310 816 1676 895; x_wconf 53' lang='grc' dir='ltr'><em>«λυπουμένη</em></span> <span class='ocrx_word' id='word_1_39' title='bbox 1719 817 1756 895; x_wconf 83' lang='grc' dir='ltr'>ἡ</span> <span class='ocrx_word' id='word_1_40' title='bbox 1800 823 1925 897; x_wconf 83' lang='grc' dir='ltr'><strong>Δη-</strong></span> 
     </span>
     <span class='ocr_line' id='line_1_8' title="bbox 147 907 1927 999; baseline 0.005 -29"><span class='ocrx_word' id='word_1_41' title='bbox 147 907 349 991; x_wconf 80' lang='grc' dir='ltr'><em>μήτηρ</em></span> <span class='ocrx_word' id='word_1_42' title='bbox 414 911 638 973; x_wconf 74' lang='grc' dir='ltr'><em>ἰδοῦσα</em></span> <span class='ocrx_word' id='word_1_43' title='bbox 682 910 926 991; x_wconf 79' lang='grc' dir='ltr'><em>ἐμίσησε</em></span> <span class='ocrx_word' id='word_1_44' title='bbox 969 910 1074 971; x_wconf 79' lang='grc' dir='ltr'><em>καὶ</em></span> <span class='ocrx_word' id='word_1_45' title='bbox 1117 913 1400 992; x_wconf 80' lang='grc' dir='ltr'><em>ἄκαρπον</em></span> <span class='ocrx_word' id='word_1_46' title='bbox 1443 913 1745 992; x_wconf 79' lang='grc' dir='ltr'><em>ἐποίησεν·</em></span> <span class='ocrx_word' id='word_1_47' title='bbox 1783 919 1927 999; x_wconf 53' lang='grc' dir='ltr'><strong>Ὂρτ</strong></span> 
     </span>
     <span class='ocr_line' id='line_1_9' title="bbox 156 1006 1763 1089; baseline 0.002 -20"><span class='ocrx_word' id='word_1_48' title='bbox 156 1006 309 1089; x_wconf 83' lang='grc' dir='ltr'><em>φεύς</em></span> <span class='ocrx_word' id='word_1_49' title='bbox 1604 1034 1608 1037; x_wconf 70' lang='grc'><strong><em>’</em></strong></span> <span class='ocrx_word' id='word_1_50' title='bbox 1760 1019 1763 1020; x_wconf 58' lang='grc'>’</span> 
     </span>
    </p>

    <p class='ocr_par' dir='ltr' id='par_1_4' title="bbox 145 1103 1925 2681">
     <span class='ocr_line' id='line_1_10' title="bbox 295 1103 1852 1181; baseline 0.005 -25"><span class='ocrx_word' id='word_1_51' title='bbox 295 1104 370 1156; x_wconf 85' lang='grc' dir='ltr'><strong>Τὸ</strong></span> <span class='ocrx_word' id='word_1_52' title='bbox 409 1106 527 1174; x_wconf 80' lang='grc' dir='ltr'><em>πρὶν</em></span> <span class='ocrx_word' id='word_1_53' title='bbox 564 1105 648 1157; x_wconf 73' lang='grc' dir='ltr'><strong>ἐὸν</strong></span> <span class='ocrx_word' id='word_1_54' title='bbox 682 1105 812 1174; x_wconf 78' lang='grc' dir='ltr'><em>μέγα</em></span> <span class='ocrx_word' id='word_1_55' title='bbox 850 1103 1060 1173; x_wconf 78' lang='grc' dir='ltr'><em>δένδρον</em></span> <span class='ocrx_word' id='word_1_56' title='bbox 1097 1105 1176 1156; x_wconf 78' lang='grc' dir='ltr'><strong>ἐπὶ</strong></span> <span class='ocrx_word' id='word_1_57' title='bbox 1206 1109 1364 1172; x_wconf 73' lang='grc' dir='ltr'><em>χθονὶ</em></span> <span class='ocrx_word' id='word_1_58' title='bbox 1401 1110 1484 1159; x_wconf 85' lang='grc' dir='ltr'><em>καὶ</em></span> <span class='ocrx_word' id='word_1_59' title='bbox 1522 1103 1852 1181; x_wconf 78' lang='grc' dir='ltr'><em>φερέκαρπον.</em></span> 
     </span>
     <span class='ocr_line' id='line_1_11' title="bbox 146 1204 1924 1273; baseline 0.004 -8"><span class='ocrx_word' id='word_1_60' title='bbox 146 1204 273 1265; x_wconf 89' lang='lat' dir='ltr'><strong>Alii</strong></span> <span class='ocrx_word' id='word_1_61' title='bbox 331 1204 617 1265; x_wconf 82' lang='lat' dir='ltr'><strong>disertius</strong></span> <span class='ocrx_word' id='word_1_62' title='bbox 675 1204 926 1265; x_wconf 89' lang='lat' dir='ltr'><strong>tradunt</strong></span> <span class='ocrx_word' id='word_1_63' title='bbox 951 1205 1295 1265; x_wconf 80' lang='lat' dir='ltr'><strong>··Mentha1n</strong></span> <span class='ocrx_word' id='word_1_64' title='bbox 1344 1206 1487 1267; x_wconf 91' lang='lat' dir='ltr'><strong>Orci</strong></span> <span class='ocrx_word' id='word_1_65' title='bbox 1530 1214 1924 1273; x_wconf 82' lang='lat' dir='ltr'><strong>concubinam</strong></span> 
     </span>
     <span class='ocr_line' id='line_1_12' title="bbox 145 1302 1923 1389; baseline 0.002 -25"><span class='ocrx_word' id='word_1_66' title='bbox 145 1305 334 1364; x_wconf 88' lang='lat' dir='ltr'><strong>fuisse</strong></span> <span class='ocrx_word' id='word_1_67' title='bbox 403 1302 641 1364; x_wconf 89' lang='lat' dir='ltr'><strong>Cereris</strong></span> <span class='ocrx_word' id='word_1_68' title='bbox 703 1306 805 1366; x_wconf 89' lang='lat' dir='ltr'><strong>vel</strong></span> <span class='ocrx_word' id='word_1_69' title='bbox 869 1306 1270 1389; x_wconf 81' lang='lat' dir='ltr'><strong>Proserpinae</strong></span> <span class='ocrx_word' id='word_1_70' title='bbox 1326 1307 1471 1368; x_wconf 88' lang='lat' dir='ltr'><strong>odio</strong></span> <span class='ocrx_word' id='word_1_71' title='bbox 1526 1309 1593 1367; x_wconf 93' lang='lat' dir='ltr'><strong>in</strong></span> <span class='ocrx_word' id='word_1_72' title='bbox 1645 1308 1923 1368; x_wconf 85' lang='lat' dir='ltr'><strong>fruticem</strong></span> 
     </span>
     <span class='ocr_line' id='line_1_13' title="bbox 147 1394 1923 1491; baseline 0.004 -25"><span class='ocrx_word' id='word_1_73' title='bbox 147 1423 409 1466; x_wconf 88' lang='lat' dir='ltr'><strong>versam.</strong></span> <span class='ocrx_word' id='word_1_74' title='bbox 479 1405 704 1465; x_wconf 89' lang='lat' dir='ltr'><strong>Strabo</strong></span> <span class='ocrx_word' id='word_1_75' title='bbox 771 1406 839 1465; x_wconf 90' lang='lat' dir='ltr'><strong>L.</strong></span> <span class='ocrx_word' id='word_1_76' title='bbox 902 1406 1064 1464; x_wconf 89' lang='lat' dir='ltr'><strong>VIII.</strong></span> <span class='ocrx_word' id='word_1_77' title='bbox 1122 1394 1264 1465; x_wconf 85' lang='lat'><strong>344.</strong></span> <span class='ocrx_word' id='word_1_78' title='bbox 1333 1410 1477 1491; x_wconf 80' lang='grc' dir='ltr'><em>ὄρος</em></span> <span class='ocrx_word' id='word_1_79' title='bbox 1533 1415 1646 1471; x_wconf 85' lang='grc' dir='ltr'><em>τοῦ</em></span> <span class='ocrx_word' id='word_1_80' title='bbox 1704 1407 1923 1472; x_wconf 83' lang='grc' dir='ltr'><em>Πύλου</em></span> 
     </span>
     <span class='ocr_line' id='line_1_14' title="bbox 146 1505 1923 1588; baseline 0.002 -21"><span class='ocrx_word' id='word_1_81' title='bbox 146 1506 404 1585; x_wconf 85' lang='grc' dir='ltr'><em>πλησίον</em></span> <span class='ocrx_word' id='word_1_82' title='bbox 460 1505 790 1588; x_wconf 78' lang='grc' dir='ltr'><em>ἐπώνυμον</em></span> <span class='ocrx_word' id='word_1_83' title='bbox 835 1507 1133 1585; x_wconf 57' lang='lat' dir='ltr'><strong>,Mdv-9²79,</strong></span> <span class='ocrx_word' id='word_1_84' title='bbox 1177 1508 1256 1586; x_wconf 78' lang='grc' dir='ltr'><strong>ἣν</strong></span> <span class='ocrx_word' id='word_1_85' title='bbox 1298 1505 1651 1587; x_wconf 74' lang='grc' dir='ltr'><em>μυθεύουσι</em></span> <span class='ocrx_word' id='word_1_86' title='bbox 1691 1517 1923 1571; x_wconf 89' lang='grc' dir='ltr'><em>παλλα-</em></span> 
     </span>
     <span class='ocr_line' id='line_1_15' title="bbox 147 1605 1923 1692; baseline 0.001 -22"><span class='ocrx_word' id='word_1_87' title='bbox 147 1606 260 1685; x_wconf 78' lang='grc' dir='ltr'><strong>κὴν</strong></span> <span class='ocrx_word' id='word_1_88' title='bbox 315 1614 428 1668; x_wconf 87' lang='grc' dir='ltr'><em>τοῦ</em></span> <span class='ocrx_word' id='word_1_89' title='bbox 465 1607 680 1668; x_wconf 74' lang='grc' dir='ltr'><em>Ἅιδου</em></span> <span class='ocrx_word' id='word_1_90' title='bbox 734 1607 1072 1692; x_wconf 79' lang='grc' dir='ltr'><em>γενομένην</em></span> <span class='ocrx_word' id='word_1_91' title='bbox 1126 1606 1246 1669; x_wconf 78' lang='grc' dir='ltr'><strong>ὑπὸ</strong></span> <span class='ocrx_word' id='word_1_92' title='bbox 1287 1614 1396 1685; x_wconf 81' lang='grc' dir='ltr'><strong>τῆς</strong></span> <span class='ocrx_word' id='word_1_93' title='bbox 1439 1605 1642 1689; x_wconf 85' lang='grc' dir='ltr'><em>Κόρης</em></span> <span class='ocrx_word' id='word_1_94' title='bbox 1685 1613 1768 1678; x_wconf 79' lang='grc' dir='ltr'><strong>εἰς</strong></span> <span class='ocrx_word' id='word_1_95' title='bbox 1809 1610 1923 1688; x_wconf 82' lang='grc' dir='ltr'><strong>τὴν</strong></span> 
     </span>
     <span class='ocr_line' id='line_1_16' title="bbox 147 1706 1924 1789; baseline 0.001 -20"><span class='ocrx_word' id='word_1_96' title='bbox 147 1706 417 1786; x_wconf 84' lang='grc' dir='ltr'><em>κηπαίαν</em></span> <span class='ocrx_word' id='word_1_97' title='bbox 490 1706 732 1786; x_wconf 72' lang='grc' dir='ltr'><em>μίνθην</em></span> <span class='ocrx_word' id='word_1_98' title='bbox 797 1709 1202 1788; x_wconf 76' lang='grc' dir='ltr'><em>μεταβαλεῖν,</em></span> <span class='ocrx_word' id='word_1_99' title='bbox 1258 1706 1336 1783; x_wconf 77' lang='grc' dir='ltr'><strong>ἥν</strong></span> <span class='ocrx_word' id='word_1_100' title='bbox 1388 1730 1548 1775; x_wconf 81' lang='grc' dir='ltr'><em>τινες</em></span> <span class='ocrx_word' id='word_1_101' title='bbox 1605 1706 1924 1789; x_wconf 85' lang='grc' dir='ltr'><em>ἡδύοσμον</em></span> 
     </span>
     <span class='ocr_line' id='line_1_17' title="bbox 146 1803 1922 1885; baseline -0.007 -17"><span class='ocrx_word' id='word_1_102' title='bbox 146 1814 418 1869; x_wconf 82' lang='grc' dir='ltr'><em>καλοῦσι.</em></span> <span class='ocrx_word' id='word_1_103' title='bbox 479 1805 680 1864; x_wconf 90' lang='lat' dir='ltr'><strong>Schol.</strong></span> <span class='ocrx_word' id='word_1_104' title='bbox 722 1804 978 1869; x_wconf 76' lang='lat' dir='ltr'><strong>Nicand.</strong></span> <span class='ocrx_word' id='word_1_105' title='bbox 1004 1804 1193 1864; x_wconf 84' lang='lat' dir='ltr'><strong>Alex.</strong></span> <span class='ocrx_word' id='word_1_106' title='bbox 1238 1823 1298 1864; x_wconf 85' lang='lat' dir='ltr'><strong>v.</strong></span> <span class='ocrx_word' id='word_1_107' title='bbox 1343 1803 1486 1863; x_wconf 80' lang='lat'><strong>374.</strong></span> <span class='ocrx_word' id='word_1_108' title='bbox 1537 1805 1769 1885; x_wconf 77' lang='grc' dir='ltr'><em>Μίνθη</em></span> <span class='ocrx_word' id='word_1_109' title='bbox 1797 1808 1922 1870; x_wconf 68' lang='grc' dir='ltr'><strong>Ἅι-</strong></span> 
     </span>
     <span class='ocr_line' id='line_1_18' title="bbox 147 1901 1923 1986; baseline -0.001 -16"><span class='ocrx_word' id='word_1_110' title='bbox 147 1907 265 1970; x_wconf 88' lang='grc' dir='ltr'><em>δου</em></span> <span class='ocrx_word' id='word_1_111' title='bbox 309 1905 584 1985; x_wconf 86' lang='grc' dir='ltr'><em>παλλακὴ</em></span> <span class='ocrx_word' id='word_1_112' title='bbox 627 1906 707 1984; x_wconf 80' lang='grc' dir='ltr'><strong>ἢν</strong></span> <span class='ocrx_word' id='word_1_113' title='bbox 740 1904 1067 1968; x_wconf 75' lang='grc' dir='ltr'><em>διέσπασεν</em></span> <span class='ocrx_word' id='word_1_114' title='bbox 1100 1905 1138 1984; x_wconf 85' lang='grc' dir='ltr'>ἡ</span> <span class='ocrx_word' id='word_1_115' title='bbox 1176 1901 1568 1985; x_wconf 78' lang='grc' dir='ltr'><em>Περσεφόνη,</em></span> <span class='ocrx_word' id='word_1_116' title='bbox 1612 1907 1703 1986; x_wconf 70' lang='grc' dir='ltr'><strong>ἐφ’</strong></span> <span class='ocrx_word' id='word_1_117' title='bbox 1739 1901 1777 1986; x_wconf 81' lang='grc' dir='ltr'><strong><em>ᾗ</em></strong></span> <span class='ocrx_word' id='word_1_118' title='bbox 1810 1907 1923 1986; x_wconf 85' lang='grc' dir='ltr'><strong>τὴν</strong></span> 
     </span>
     <span class='ocr_line' id='line_1_19' title="bbox 147 2003 1921 2089; baseline -0.002 -19"><span class='ocrx_word' id='word_1_119' title='bbox 147 2004 488 2088; x_wconf 79' lang='grc' dir='ltr'><em>ὁμώνυμον</em></span> <span class='ocrx_word' id='word_1_120' title='bbox 523 2003 688 2069; x_wconf 88' lang='grc' dir='ltr'><em>πόαν</em></span> <span class='ocrx_word' id='word_1_121' title='bbox 713 2005 1028 2089; x_wconf 71' lang='grc' dir='ltr'><em>ἀνέδωκεν</em></span> <span class='ocrx_word' id='word_1_122' title='bbox 1056 2004 1087 2067; x_wconf 85' lang='grc' dir='ltr'><em>ὃ</em></span> <span class='ocrx_word' id='word_1_123' title='bbox 1107 2003 1334 2082; x_wconf 49' lang='grc' dir='ltr'><em>(Ἀιδης</em></span> <span class='ocrx_word' id='word_1_124' title='bbox 1360 2004 1451 2084; x_wconf 58' lang='grc'><strong>[8],</strong></span> <span class='ocrx_word' id='word_1_125' title='bbox 1489 2003 1750 2067; x_wconf 87' lang='lat' dir='ltr'><strong>Ovidius</strong></span> <span class='ocrx_word' id='word_1_126' title='bbox 1777 2005 1921 2066; x_wconf 89' lang='lat' dir='ltr'><strong>Met.</strong></span> 
     </span>
     <span class='ocr_line' id='line_1_20' title="bbox 148 2104 1923 2166; baseline -0.001 0"><span class='ocrx_word' id='word_1_127' title='bbox 148 2106 225 2166; x_wconf 85' lang='lat' dir='ltr'><strong>X.</strong></span> <span class='ocrx_word' id='word_1_128' title='bbox 253 2107 396 2166; x_wconf 83' lang='lat'><strong>730.</strong></span> <span class='ocrx_word' id='word_1_129' title='bbox 439 2106 848 2165; x_wconf 89' lang='lat' dir='ltr'><strong>Femineos</strong></span> <span class='ocrx_word' id='word_1_130' title='bbox 894 2113 1110 2163; x_wconf 85' lang='lat' dir='ltr'><strong>artus</strong></span> <span class='ocrx_word' id='word_1_131' title='bbox 1151 2106 1227 2163; x_wconf 93' lang='lat' dir='ltr'><strong>in</strong></span> <span class='ocrx_word' id='word_1_132' title='bbox 1271 2104 1573 2162; x_wconf 89' lang='lat' dir='ltr'><strong>olentes</strong></span> <span class='ocrx_word' id='word_1_133' title='bbox 1616 2113 1923 2165; x_wconf 88' lang='lat' dir='ltr'><strong>vertere</strong></span> 
     </span>
     <span class='ocr_line' id='line_1_21' title="bbox 150 2199 1925 2284; baseline -0.001 -20"><span class='ocrx_word' id='word_1_134' title='bbox 150 2206 507 2265; x_wconf 62' lang='lat' dir='ltr'><strong>menthae</strong></span> <span class='ocrx_word' id='word_1_135' title='bbox 547 2199 1084 2284; x_wconf 80' lang='lat' dir='ltr'><strong>Persephonae</strong></span> <span class='ocrx_word' id='word_1_136' title='bbox 1129 2203 1374 2262; x_wconf 91' lang='lat' dir='ltr'><strong>licuit.</strong></span> <span class='ocrx_word' id='word_1_137' title='bbox 1453 2203 1634 2262; x_wconf 90' lang='lat' dir='ltr'><strong>Paria</strong></span> <span class='ocrx_word' id='word_1_138' title='bbox 1676 2203 1925 2263; x_wconf 86' lang='lat' dir='ltr'><strong>tradunt</strong></span> 
     </span>
     <span class='ocr_line' id='line_1_22' title="bbox 149 2300 1924 2380; baseline -0.001 -16"><span class='ocrx_word' id='word_1_139' title='bbox 149 2305 368 2364; x_wconf 84' lang='lat' dir='ltr'><strong>Pollux</strong></span> <span class='ocrx_word' id='word_1_140' title='bbox 421 2303 521 2362; x_wconf 87' lang='lat' dir='ltr'><strong>VI.</strong></span> <span class='ocrx_word' id='word_1_141' title='bbox 584 2303 684 2362; x_wconf 82' lang='lat'><strong>68.</strong></span> <span class='ocrx_word' id='word_1_142' title='bbox 743 2313 804 2362; x_wconf 92' lang='lat' dir='ltr'><strong>et</strong></span> <span class='ocrx_word' id='word_1_143' title='bbox 860 2302 1115 2362; x_wconf 90' lang='lat' dir='ltr'><strong>Photius</strong></span> <span class='ocrx_word' id='word_1_144' title='bbox 1158 2321 1204 2361; x_wconf 76' lang='lat' dir='ltr'><strong>s,</strong></span> <span class='ocrx_word' id='word_1_145' title='bbox 1249 2322 1308 2363; x_wconf 88' lang='lat' dir='ltr'><strong>v.</strong></span> <span class='ocrx_word' id='word_1_146' title='bbox 1354 2300 1672 2380; x_wconf 82' lang='lat' dir='ltr'><strong>Oppianus</strong></span> <span class='ocrx_word' id='word_1_147' title='bbox 1715 2315 1924 2363; x_wconf 85' lang='lat' dir='ltr'><strong>narrat</strong></span> 
     </span>
     <span class='ocr_line' id='line_1_23' title="bbox 146 2397 1919 2483; baseline -0.001 -21"><span class='ocrx_word' id='word_1_148' title='bbox 146 2402 290 2463; x_wconf 86' lang='lat' dir='ltr'><strong>Hal.</strong></span> <span class='ocrx_word' id='word_1_149' title='bbox 358 2402 462 2460; x_wconf 88' lang='lat' dir='ltr'><strong>III.</strong></span> <span class='ocrx_word' id='word_1_150' title='bbox 518 2400 663 2460; x_wconf 87' lang='lat'><strong>486.</strong></span> <span class='ocrx_word' id='word_1_151' title='bbox 731 2401 1048 2460; x_wconf 88' lang='lat' dir='ltr'><strong>Mentham</strong></span> <span class='ocrx_word' id='word_1_152' title='bbox 1107 2400 1445 2479; x_wconf 85' lang='lat' dir='ltr'><strong>nympham</strong></span> <span class='ocrx_word' id='word_1_153' title='bbox 1504 2397 1824 2478; x_wconf 90' lang='lat' dir='ltr'><strong>Cocytiam</strong></span> <span class='ocrx_word' id='word_1_154' title='bbox 1847 2400 1919 2483; x_wconf 88' lang='lat'>[¹¹]</span> 
     </span>
     <span class='ocr_line' id='line_1_24' title="bbox 147 2499 1923 2581; baseline 0.001 -20"><span class='ocrx_word' id='word_1_155' title='bbox 147 2502 425 2561; x_wconf 87' lang='lat' dir='ltr'><strong>Plutonis</strong></span> <span class='ocrx_word' id='word_1_156' title='bbox 467 2499 786 2580; x_wconf 81' lang='lat' dir='ltr'><strong>pellicem,</strong></span> <span class='ocrx_word' id='word_1_157' title='bbox 829 2519 1016 2581; x_wconf 90' lang='lat' dir='ltr'><strong>quum</strong></span> <span class='ocrx_word' id='word_1_158' title='bbox 1058 2518 1288 2561; x_wconf 91' lang='lat' dir='ltr'><strong>novam</strong></span> <span class='ocrx_word' id='word_1_159' title='bbox 1332 2518 1625 2580; x_wconf 87' lang='lat' dir='ltr'><strong>sponsam</strong></span> <span class='ocrx_word' id='word_1_160' title='bbox 1667 2501 1923 2562; x_wconf 89' lang='lat' dir='ltr'><strong>lacesse-</strong></span> 
     </span>
     <span class='ocr_line' id='line_1_25' title="bbox 146 2597 1401 2681; baseline -0.002 -20"><span class='ocrx_word' id='word_1_161' title='bbox 146 2609 276 2674; x_wconf 91' lang='lat' dir='ltr'><strong>ret,</strong></span> <span class='ocrx_word' id='word_1_162' title='bbox 322 2619 361 2660; x_wconf 86' lang='lat' dir='ltr'><strong>a</strong></span> <span class='ocrx_word' id='word_1_163' title='bbox 404 2597 623 2661; x_wconf 87' lang='lat' dir='ltr'><strong>Cerere</strong></span> <span class='ocrx_word' id='word_1_164' title='bbox 665 2601 822 2660; x_wconf 89' lang='lat' dir='ltr'><strong>irata</strong></span> <span class='ocrx_word' id='word_1_165' title='bbox 867 2619 1225 2681; x_wconf 87' lang='lat' dir='ltr'><strong>oppressam</strong></span> <span class='ocrx_word' id='word_1_166' title='bbox 1270 2618 1401 2659; x_wconf 87' lang='lat' dir='ltr'><strong>esse</strong></span> 
     </span>
    </p>
   </div>
   <div class='ocr_carea' id='block_1_3' title="bbox 149 2741 1923 3381">
    <p class='ocr_par' dir='ltr' id='par_1_5' title="bbox 149 2741 1923 3019">
     <span class='ocr_line' id='line_1_26' title="bbox 266 2741 1923 2800; baseline -0.002 -12"><span class='ocrx_word' id='word_1_167' title='bbox 266 2742 331 2800; x_wconf 74' lang='grc' dir='ltr'><strong>[ε]</strong></span> <span class='ocrx_word' id='word_1_168' title='bbox 378 2742 568 2785; x_wconf 87' lang='lat' dir='ltr'><strong>Similem</strong></span> <span class='ocrx_word' id='word_1_169' title='bbox 607 2742 798 2785; x_wconf 89' lang='lat' dir='ltr'><strong>fabulam</strong></span> <span class='ocrx_word' id='word_1_170' title='bbox 840 2749 991 2785; x_wconf 87' lang='lat' dir='ltr'><strong>narrat</strong></span> <span class='ocrx_word' id='word_1_171' title='bbox 1030 2742 1209 2786; x_wconf 78' lang='lat' dir='ltr'><strong>Servius</strong></span> <span class='ocrx_word' id='word_1_172' title='bbox 1249 2742 1305 2786; x_wconf 85' lang='lat' dir='ltr'><strong>ad</strong></span> <span class='ocrx_word' id='word_1_173' title='bbox 1339 2742 1435 2785; x_wconf 85' lang='lat' dir='ltr'><strong>Ecl.</strong></span> <span class='ocrx_word' id='word_1_174' title='bbox 1479 2741 1578 2784; x_wconf 89' lang='lat' dir='ltr'><strong>VII.</strong></span> <span class='ocrx_word' id='word_1_175' title='bbox 1617 2742 1687 2785; x_wconf 88' lang='lat'><strong>61.</strong></span> <span class='ocrx_word' id='word_1_176' title='bbox 1731 2743 1923 2785; x_wconf 90' lang='lat' dir='ltr'><strong>Leuce</strong></span> 
     </span>
     <span class='ocr_line' id='line_1_27' title="bbox 149 2800 1922 2857; baseline -0.001 -13"><span class='ocrx_word' id='word_1_177' title='bbox 149 2801 371 2844; x_wconf 84' lang='lat' dir='ltr'><strong>Oceani</strong></span> <span class='ocrx_word' id='word_1_178' title='bbox 424 2800 559 2843; x_wconf 79' lang='lat' dir='ltr'><strong>filia</strong></span> <span class='ocrx_word' id='word_1_179' title='bbox 600 2825 653 2833; x_wconf 96' lang='lat'>—</span> <span class='ocrx_word' id='word_1_180' title='bbox 699 2801 840 2845; x_wconf 88' lang='lat' dir='ltr'><strong>hanc</strong></span> <span class='ocrx_word' id='word_1_181' title='bbox 889 2802 1061 2844; x_wconf 84' lang='lat' dir='ltr'><strong>Pluto</strong></span> <span class='ocrx_word' id='word_1_182' title='bbox 1110 2801 1178 2844; x_wconf 89' lang='lat' dir='ltr'><strong>ad</strong></span> <span class='ocrx_word' id='word_1_183' title='bbox 1232 2801 1452 2843; x_wconf 84' lang='lat' dir='ltr'><strong>inferos</strong></span> <span class='ocrx_word' id='word_1_184' title='bbox 1504 2801 1730 2856; x_wconf 85' lang='lat' dir='ltr'><strong>rapuit,</strong></span> <span class='ocrx_word' id='word_1_185' title='bbox 1779 2813 1922 2857; x_wconf 80' lang='lat' dir='ltr'><strong>quae</strong></span> 
     </span>
     <span class='ocr_line' id='line_1_28' title="bbox 150 2859 1921 2917; baseline -0.001 -15"><span class='ocrx_word' id='word_1_186' title='bbox 150 2864 439 2917; x_wconf 78' lang='lat' dir='ltr'><strong>postquam</strong></span> <span class='ocrx_word' id='word_1_187' title='bbox 480 2864 698 2902; x_wconf 83' lang='lat' dir='ltr'><strong>mortua</strong></span> <span class='ocrx_word' id='word_1_188' title='bbox 727 2866 839 2913; x_wconf 85' lang='lat' dir='ltr'><strong>est,</strong></span> <span class='ocrx_word' id='word_1_189' title='bbox 891 2859 1064 2902; x_wconf 86' lang='lat' dir='ltr'><strong>Pluto</strong></span> <span class='ocrx_word' id='word_1_190' title='bbox 1105 2861 1162 2903; x_wconf 88' lang='lat' dir='ltr'><strong>in</strong></span> <span class='ocrx_word' id='word_1_191' title='bbox 1190 2859 1424 2914; x_wconf 79' lang='lat' dir='ltr'><strong>Elysiis</strong></span> <span class='ocrx_word' id='word_1_192' title='bbox 1454 2859 1667 2915; x_wconf 84' lang='lat' dir='ltr'><strong>campis</strong></span> <span class='ocrx_word' id='word_1_193' title='bbox 1697 2859 1921 2901; x_wconf 87' lang='lat' dir='ltr'><strong>Leucen</strong></span> 
     </span>
     <span class='ocr_line' id='line_1_29' title="bbox 150 2918 1920 2975; baseline 0 -15"><span class='ocrx_word' id='word_1_194' title='bbox 150 2918 310 2961; x_wconf 79' lang='lat' dir='ltr'><strong>nasci</strong></span> <span class='ocrx_word' id='word_1_195' title='bbox 340 2918 598 2961; x_wconf 84' lang='lat' dir='ltr'><strong>arborem</strong></span> <span class='ocrx_word' id='word_1_196' title='bbox 623 2918 832 2973; x_wconf 75' lang='lat' dir='ltr'><strong>jussit,</strong></span> <span class='ocrx_word' id='word_1_197' title='bbox 862 2933 927 2961; x_wconf 88' lang='lat' dir='ltr'><strong>ex</strong></span> <span class='ocrx_word' id='word_1_198' title='bbox 958 2932 1064 2975; x_wconf 86' lang='lat' dir='ltr'><strong>qua</strong></span> <span class='ocrx_word' id='word_1_199' title='bbox 1094 2918 1372 2961; x_wconf 82' lang='lat' dir='ltr'><strong>Hercules</strong></span> <span class='ocrx_word' id='word_1_200' title='bbox 1402 2931 1460 2959; x_wconf 75' lang='lat' dir='ltr'><strong>se</strong></span> <span class='ocrx_word' id='word_1_201' title='bbox 1489 2918 1720 2960; x_wconf 87' lang='lat' dir='ltr'><strong>rediens</strong></span> <span class='ocrx_word' id='word_1_202' title='bbox 1749 2918 1816 2964; x_wconf 87' lang='lat' dir='ltr'><strong>ab</strong></span> <span class='ocrx_word' id='word_1_203' title='bbox 1846 2918 1920 2960; x_wconf 85' lang='lat' dir='ltr'><strong>in-</strong></span> 
     </span>
     <span class='ocr_line' id='line_1_30' title="bbox 150 2976 648 3019; baseline 0 -1"><span class='ocrx_word' id='word_1_204' title='bbox 150 2976 302 3019; x_wconf 77' lang='lat' dir='ltr'><strong>feris</strong></span> <span class='ocrx_word' id='word_1_205' title='bbox 332 2976 648 3019; x_wconf 79' lang='lat' dir='ltr'><strong>coronavit.</strong></span> 
     </span>
    </p>

    <p class='ocr_par' dir='ltr' id='par_1_6' title="bbox 151 3030 1922 3381">
     <span class='ocr_line' id='line_1_31' title="bbox 268 3030 1920 3093; baseline -0.001 -17"><span class='ocrx_word' id='word_1_206' title='bbox 268 3030 335 3092; x_wconf 72' lang='lat' dir='ltr'><strong>[b]</strong></span> <span class='ocrx_word' id='word_1_207' title='bbox 365 3033 606 3078; x_wconf 77' lang='grc' dir='ltr'><em>Κωκυτίδα</em></span> <span class='ocrx_word' id='word_1_208' title='bbox 636 3030 867 3093; x_wconf 84' lang='grc' dir='ltr'><em>Νύμφην,</em></span> <span class='ocrx_word' id='word_1_209' title='bbox 897 3047 1039 3078; x_wconf 82' lang='lat' dir='ltr'><strong>rarum</strong></span> <span class='ocrx_word' id='word_1_210' title='bbox 1069 3048 1204 3091; x_wconf 82' lang='lat' dir='ltr'><strong>genus</strong></span> <span class='ocrx_word' id='word_1_211' title='bbox 1234 3034 1277 3076; x_wconf 92' lang='lat' dir='ltr'><strong>in</strong></span> <span class='ocrx_word' id='word_1_212' title='bbox 1307 3032 1374 3075; x_wconf 76' lang='lat' dir='ltr'><strong>his</strong></span> <span class='ocrx_word' id='word_1_213' title='bbox 1402 3032 1521 3076; x_wconf 80' lang='lat' dir='ltr'><strong>locis.</strong></span> <span class='ocrx_word' id='word_1_214' title='bbox 1563 3033 1631 3075; x_wconf 89' lang='lat' dir='ltr'><strong>Ab</strong></span> <span class='ocrx_word' id='word_1_215' title='bbox 1663 3032 1821 3076; x_wconf 84' lang='lat' dir='ltr'><strong>Ovidio</strong></span> <span class='ocrx_word' id='word_1_216' title='bbox 1851 3038 1920 3075; x_wconf 85' lang='lat' dir='ltr'><strong>ta-</strong></span> 
     </span>
     <span class='ocr_line' id='line_1_32' title="bbox 151 3090 1920 3150; baseline -0.001 -15"><span class='ocrx_word' id='word_1_217' title='bbox 151 3105 246 3135; x_wconf 81' lang='lat' dir='ltr'><strong>men</strong></span> <span class='ocrx_word' id='word_1_218' title='bbox 297 3092 405 3136; x_wconf 77' lang='lat' dir='ltr'><strong>Met.</strong></span> <span class='ocrx_word' id='word_1_219' title='bbox 457 3093 512 3138; x_wconf 90' lang='lat' dir='ltr'><strong>V.</strong></span> <span class='ocrx_word' id='word_1_220' title='bbox 563 3090 661 3135; x_wconf 83' lang='lat'><strong>451.</strong></span> <span class='ocrx_word' id='word_1_221' title='bbox 712 3093 890 3150; x_wconf 89' lang='lat' dir='ltr'><strong>Orphne</strong></span> <span class='ocrx_word' id='word_1_222' title='bbox 939 3092 1172 3149; x_wconf 77' lang='lat' dir='ltr'><strong>Ascalaphi</strong></span> <span class='ocrx_word' id='word_1_223' title='bbox 1211 3097 1370 3143; x_wconf 81' lang='lat' dir='ltr'><strong>mater,</strong></span> <span class='ocrx_word' id='word_1_224' title='bbox 1409 3091 1565 3135; x_wconf 87' lang='lat' dir='ltr'><strong>inter</strong></span> <span class='ocrx_word' id='word_1_225' title='bbox 1603 3091 1920 3135; x_wconf 81' lang='lat' dir='ltr'><strong>Avernales</strong></span> 
     </span>
     <span class='ocr_line' id='line_1_33' title="bbox 151 3146 1921 3209; baseline 0 -17"><span class='ocrx_word' id='word_1_226' title='bbox 151 3146 295 3193; x_wconf 71' lang='lat' dir='ltr'><strong>haud</strong></span> <span class='ocrx_word' id='word_1_227' title='bbox 322 3150 691 3207; x_wconf 77' lang='lat' dir='ltr'><strong>ignotissima</strong></span> <span class='ocrx_word' id='word_1_228' title='bbox 720 3151 992 3209; x_wconf 75' lang='lat' dir='ltr'><strong>nymphas</strong></span> <span class='ocrx_word' id='word_1_229' title='bbox 1019 3150 1309 3208; x_wconf 84' lang='lat' dir='ltr'><strong>praedicatur,</strong></span> <span class='ocrx_word' id='word_1_230' title='bbox 1341 3163 1424 3206; x_wconf 88' lang='lat' dir='ltr'><strong>quo</strong></span> <span class='ocrx_word' id='word_1_231' title='bbox 1453 3150 1498 3194; x_wconf 87' lang='lat' dir='ltr'><strong>in</strong></span> <span class='ocrx_word' id='word_1_232' title='bbox 1527 3163 1699 3192; x_wconf 86' lang='lat' dir='ltr'><strong>numero</strong></span> <span class='ocrx_word' id='word_1_233' title='bbox 1730 3150 1921 3193; x_wconf 90' lang='lat' dir='ltr'><strong>Mormo-</strong></span> 
     </span>
     <span class='ocr_line' id='line_1_34' title="bbox 153 3204 1922 3268; baseline -0.001 -17"><span class='ocrx_word' id='word_1_234' title='bbox 153 3204 250 3262; x_wconf 73' lang='lat' dir='ltr'><strong>lyoe</strong></span> <span class='ocrx_word' id='word_1_235' title='bbox 277 3222 447 3265; x_wconf 84' lang='lat' dir='ltr'><strong>quoque</strong></span> <span class='ocrx_word' id='word_1_236' title='bbox 475 3209 583 3262; x_wconf 77' lang='lat' dir='ltr'><strong>Orci</strong></span> <span class='ocrx_word' id='word_1_237' title='bbox 612 3210 758 3254; x_wconf 77' lang='lat' dir='ltr'><strong>nutrix</strong></span> <span class='ocrx_word' id='word_1_238' title='bbox 785 3209 940 3254; x_wconf 83' lang='lat' dir='ltr'><strong>referri</strong></span> <span class='ocrx_word' id='word_1_239' title='bbox 970 3214 1114 3268; x_wconf 77' lang='lat' dir='ltr'><strong>potest</strong></span> <span class='ocrx_word' id='word_1_240' title='bbox 1144 3215 1188 3252; x_wconf 89' lang='lat' dir='ltr'><strong>et</strong></span> <span class='ocrx_word' id='word_1_241' title='bbox 1218 3209 1437 3264; x_wconf 80' lang='lat' dir='ltr'><strong>Gorgyra,</strong></span> <span class='ocrx_word' id='word_1_242' title='bbox 1469 3223 1579 3266; x_wconf 88' lang='lat' dir='ltr'><strong>quae</strong></span> <span class='ocrx_word' id='word_1_243' title='bbox 1607 3208 1756 3251; x_wconf 77' lang='lat' dir='ltr'><strong>eadem</strong></span> <span class='ocrx_word' id='word_1_244' title='bbox 1786 3209 1922 3251; x_wconf 79' lang='lat' dir='ltr'><strong>Asca-</strong></span> 
     </span>
     <span class='ocr_line' id='line_1_35' title="bbox 154 3263 1919 3381; baseline -0.001 -71"><span class='ocrx_word' id='word_1_245' title='bbox 154 3263 328 3381; x_wconf 53' lang='lat' dir='ltr'><strong>gpll&#39;hgm</strong></span> <span class='ocrx_word' id='word_1_246' title='bbox 410 3267 587 3370; x_wconf 52' lang='grc' dir='ltr'><strong>ἃςίἷῖο</strong></span> <span class='ocrx_word' id='word_1_247' title='bbox 614 3268 778 3321; x_wconf 76' lang='lat' dir='ltr'><strong>fertur,</strong></span> <span class='ocrx_word' id='word_1_248' title='bbox 821 3277 952 3326; x_wconf 83' lang='lat' dir='ltr'><strong>atque</strong></span> <span class='ocrx_word' id='word_1_249' title='bbox 981 3267 1170 3312; x_wconf 81' lang='lat' dir='ltr'><strong>Melinoe</strong></span> <span class='ocrx_word' id='word_1_250' title='bbox 1200 3266 1397 3310; x_wconf 79' lang='lat' dir='ltr'><strong>Plutonis</strong></span> <span class='ocrx_word' id='word_1_251' title='bbox 1440 3274 1484 3310; x_wconf 85' lang='lat' dir='ltr'><strong>et</strong></span> <span class='ocrx_word' id='word_1_252' title='bbox 1513 3266 1799 3324; x_wconf 76' lang='lat' dir='ltr'><strong>Proserpinae</strong></span> <span class='ocrx_word' id='word_1_253' title='bbox 1828 3265 1919 3308; x_wconf 87' lang='lat' dir='ltr'><strong>filia</strong></span> 
     </span>
    </p>
   </div>
   <div class='ocr_carea' id='block_1_4' title="bbox 1546 3398 1587 3456">
    <p class='ocr_par' dir='ltr' id='par_1_7' title="bbox 1546 3398 1587 3456">
     <span class='ocr_line' id='line_1_36' title="bbox 1546 3398 1587 3456; baseline 0 0"><span class='ocrx_word' id='word_1_254' title='bbox 1546 3398 1587 3456; x_wconf 90' lang='lat'>4</span> 
     </span>
    </p>
   </div>
  </div>
 </body>
</html>
