2150 3814
169 155 333 218 1154
772 168 1010 213 numu
1059 169 1422 214 TERTmS.

165 301 379 362 matris
447 300 638 359 initiis
706 298 995 377 copulant
1053 308 1122 357 ut
1179 299 1441 378 Dionys.
1496 298 1576 359 de
1627 298 1947 361 Demosth.

167 399 362 461 XXII.
414 398 596 459 1022.
647 400 705 461 οἱ
757 397 838 460 τὰ
881 404 1170 480 Μητριῖα
1227 400 1334 462 καὶ
1384 399 1464 463 τὰ
1506 401 1948 483 Κορυβανπκά

167 499 522 581 τελούμενοι
565 535 650 545 --
692 505 824 560 τῶν
880 496 1207 579 δαιμόνων
1247 499 1553 583 πνεύματι
1595 497 1953 582 κινούμενοι

168 602 281 671 τὰς
349 599 579 667 πολλὰς
632 597 738 660 καὶ
792 597 1074 667 ποικίλας,
1130 598 1523 680 λαμβάνουσι
1583 599 1956 685 φαντασίας·

173 698 524 776 Hesychius
591 696 887 779 Κορύβας
955 698 1148 780 ἱερεὺς
1199 705 1308 778 τῆς
1355 699 1538 770 Ῥέας.
1592 701 1859 761 Martial.
1911 700 1958 761 l.
2057 698 2063 704 ’

178 784 272 858 17.
335 796 634 858 madidi
705 807 884 857 sunt
941 797 1146 857 lecta
1200 796 1443 874 Lyaei
1490 806 1576 858 et
1629 798 1960 878 Cybeles

171 899 388 979 picto
446 907 607 958 stat
662 894 1105 975 Corybante
1147 897 1427 961 tholus,
1510 898 1799 978 Denique
1843 897 1962 960 Co·

173 996 506 1076 rybantum
544 1014 773 1058 nomen
801 996 884 1058 ad
907 998 1279 1057 temulentos
1307 999 1740 1059 comissatores
1764 1009 1966 1059 trans-

178 1098 302 1158 fert
369 1097 746 1179 Posidippus
800 1099 1025 1159 Athen.
1081 1097 1185 1160 IX.
1246 1097 1388 1159 377.
1443 1099 1511 1159 Β.
1564 1098 1968 1183 κορύβαντες,

178 1199 389 1274 αὐλοὶ,
434 1199 845 1279 παννυχίδες,
893 1197 1277 1283 ἀναστροφή.
1367 1196 1645 1270 Quorum
1691 1202 1970 1260 omnium

177 1299 332 1357 nihil
394 1301 683 1360 convenit
735 1301 802 1358 in
861 1299 1065 1359 Salios
1111 1298 1462 1372 CretenseS‚
1507 1299 1730 1379 quibus
1770 1318 1973 1380 neque

178 1397 447 1455 fanatica
492 1400 768 1477 corporis
804 1399 1083 1477 jactatio,
1126 1418 1324 1478 neque
1367 1399 1622 1459 furiales
1648 1401 1972 1460 instinctus

178 1515 377 1576 neque
431 1496 771 1557 furentium
828 1518 942 1579 per
986 1517 1157 1559 sacra
1200 1498 1541 1579 piacularia
1583 1498 1822 1560 sedatio
1868 1499 1976 1558 ad-

180 1596 467 1657 scribitur
519 1617 719 1679 neque
777 1599 1029 1659 omnino
1089 1618 1228 1659 cum
1287 1596 1744 1675 Corybantibus
1799 1598 1976 1680 quid-

180 1716 367 1777 quam
426 1716 750 1759 commune
806 1711 900 1761 est
953 1711 1201 1782 praeter
1256 1717 1446 1778 genus
1501 1699 1772 1760 saltandi
1815 1699 1978 1762 divi-

181 1799 321 1857 nius
381 1807 444 1858 et
499 1802 858 1861 concitatius
900 1802 1087 1882 pulsu
1129 1799 1394 1881 pedum,
1444 1808 1622 1858 motu
1666 1818 1981 1861 armorum

184 1901 359 1958 varie
417 1898 792 1960 distinctum.
890 1901 1085 1981 quue
1140 1902 1290 1960 satis
1348 1901 1692 1976 argumenti
1745 1910 1840 1959 est
1881 1919 1982 1978 ge-

186 2016 332 2058 nere
375 2017 586 2078 pares‚
631 2002 838 2080 specie
883 2000 1215 2062 dissimiles
1259 2000 1479 2073 fuisse3
1540 2019 1740 2080 neque
1781 1999 1850 2059 id
1893 2000 1981 2060 fe-

186 2099 342 2158 fellit
385 2107 627 2160 veteres
672 2102 1018 2178 magistros
1065 2099 1265 2159 Schol.
1309 2099 1485 2158 Rom.
1530 2099 1611 2158 ad
1657 2100 1846 2179 Soph.
1883 2099 1983 2178 Aj.

187 2199 331 2258 694.
389 2207 520 2264 τῶν
575 2198 892 2282 ὀρχήσεων
944 2201 982 2281 ἡ
1039 2199 1158 2283 μὲν
1212 2199 1672 2284 Βερεκυντιακὴ
1727 2200 1986 2286 λέγεται)

185 2300 225 2380 ἦ
284 2299 354 2363 δὲ
397 2301 669 2383 Κρητικὴ
723 2302 762 2382 ἢ
806 2302 914 2367 καὶ
954 2301 1234 2382 πυρρίχη.
1321 2299 1553 2364 Νύσιαι
1597 2298 1713 2364 οὗν
1757 2301 1825 2364 αἱ
1865 2305 1988 2363 Βε-

192 2401 623 2483 ρεκυντιακαὶ,
667 2410 776 2482 τῆς
816 2403 940 2488 γὰρ
985 2401 1227 2471 Νυσίας
1269 2403 1307 2480 ἡ
1353 2403 1758 2484 Βερέκυντος,
1802 2408 1987 2464 Κνω-

193 2500 298 2563 σία
342 2500 410 2562 δὲ
454 2501 492 2580 ἡ
536 2500 827 2583 Κρητική.
873 2503 1078 2560 minus
1121 2510 1286 2561 recte
1323 2499 1807 2561 Scholiastarum
1831 2500 1988 2560 alter

195 2604 262 2665 ἐν
322 2609 397 2681 τῇ
442 2609 726 2685 Κνωσσῷ
772 2605 838 2665 αἱ
881 2602 1353 2685 Κορυβαντικαὶ
1395 2599 1819 2685 ἐπεκράτησαν
1863 2601 1986 2665 ἀπὸ

191 2708 325 2764 τῶν
367 2700 805 2785 Κορυβάντων
846 2709 961 2766 τοῦ
1006 2701 1185 2772 Διός·
1233 2721 1378 2761 nam
1414 2698 1829 2780 Corybantica
1871 2700 1990 2761 sal·-

196 2803 352 2862 tatio
410 2802 627 2862 eadem
686 2812 779 2863 est
833 2802 1128 2863 Bacchica
1170 2803 1586 2884 Phrygiaque,
1630 2811 1702 2863 ut
1742 2802 1990 2862 Plutar-

197 2902 294 2960 chi
349 2902 519 2962 locus
578 2903 758 2963 docet
812 2904 1023 2984 paullo
1083 2914 1226 2963 ante
1270 2904 1492 2964 allatus
1537 2913 1600 2962 et
1643 2904 1748 2982 qui
1791 2903 1990 2981 sequi-

198 3011 299 3060 tur
356 3022 416 3082 p.
463 3001 562 3063 31.
605 3004 684 3067 τὰ
731 3005 1015 3086 Βακχικὰ
1076 3006 1181 3068 καὶ
1235 3004 1679 3088 Κορυβαντικοὶ
1741 3000 1991 3085 σκιρτή-

200 3127 403 3184 ματα,
447 3105 560 3167 τὸν
616 3106 870 3188 ῥυθμὸν
911 3104 1400 3190 μεταβάλλοντες
1443 3108 1509 3167 ἐκ
1549 3102 1844 3187 τροχαίου
1885 3101 1992 3164 καὶ

200 3202 272 3264 τὸ
317 3204 499 3284 μέλος
543 3207 608 3267 ἐκ
653 3207 965 3293 Φρυγίου,
1009 3203 1378 3289 πραΰνουσι.
1424 3204 1675 3264 Lucian.
1719 3203 1798 3263 de
1837 3201 1988 3262 Salt.

206 3322 252 3360 e.
297 3302 399 3362 79.
457 3322 516 3382 p.
567 3304 704 3365 167.
761 3307 800 3386 ἡ
845 3308 1119 3387 Βακχικὴ
1176 3310 1422 3391 ὄρχησις
1466 3309 1533 3368 ἐν
1571 3305 1771 3386 Ἰωνία
1807 3302 1987 3385 μάλι-
