2150 3814
283 238 409 299 914
813 253 1049 298 cumn
1091 253 1520 298 SECUNDUS.

282 402 422 443 rum
479 402 649 461 rege,
707 384 839 462 quis
898 382 1152 441 deorum
1210 383 1565 456 haberetur,
1627 383 1723 444 his
1779 385 2055 446 versibus

281 484 606 542 sollicitam
652 484 1006 559 religionem
1051 483 1208 559 regis
1252 484 1567 566 instruxit:
1846 474 1855 483 ’

488 623 607 687 Εῗμὶ
644 619 769 679 θεὸς
805 614 997 679 fonds-(52.
1033 625 1225 686 μαθεῖν
1262 617 1370 671 οἶόν
1406 619 1458 671 κ’
1501 621 1594 690 ἐγὼ
1632 620 1771 675 εἷ’πω.
1842 628 1844 630 ’

491 702 722 773 οὐράνιος
755 700 947 768 κόσμος
983 703 1211 774 κεφαλὴ,
1258 703 1451 773 γαστὴρ
1491 707 1546 757 δὲ
1582 707 1853 772 θάλασσα,

490 796 611 856 γαΐα
649 788 710 839 δέ
737 807 825 853 μοι
863 785 1014 847 πόδες
1049 790 1160 853 εἶσὶ,
1201 787 1266 839 τὰ
1302 788 1354 838 (5²
1398 787 1546 840 oifat’
1589 792 1640 842 ἓν
1678 793 1847 862 αἰθέρι
1884 799 2057 857 κεῖται,

489 871 634 939 ὄμμα
671 873 726 924 δὲ
762 873 1007 940 τηλαυγὲς
1043 871 1279 942 λαμπρὸν
1316 871 1450 941 φάος
1486 873 1685 940 ἠελίοιο.

281 1001 549 1061 Macrob.
597 1000 721 1059 Sat.
765 1002 812 1059 1.
858 1003 957 1062 20.
1007 1000 1147 1060 323.
1209 999 1419 1080 Neque
1464 1002 1771 1079 inelegans
1815 1002 2061 1062 videtur

281 1103 430 1161 haec
486 1100 858 1174 similitudo,
915 1101 1035 1158 nisi
1082 1101 1215 1178 quis
1258 1099 1475 1180 putide
1520 1102 1877 1180 exiliterque
1923 1123 2059 1161 exe-

282 1211 531 1281 quatur,
603 1200 768 1279 quod
837 1200 981 1258 fecit
1037 1199 1394 1259 Plutarchus
1466 1199 1544 1258 de
1601 1201 1741 1259 Fac.
1799 1203 1952 1260 Luu,
2010 1223 2058 1262 c.

278 1302 411 1361 XV.
471 1322 530 1381 p.
577 1301 674 1359 50.
734 1300 802 1358 T.
846 1298 1012 1360 XIII.
1069 1282 1274 1358 stellas
1318 1300 1383 1356 in
1426 1300 1542 1358 hoc
1585 1305 1873 1361 universo
1921 1321 2059 1361 ocu-

277 1403 475 1459 lorum
554 1402 752 1460 vicem
822 1399 1096 1457 obtinere
1165 1397 1503 1471 affirmans,
1572 1401 1764 1459 solem
1837 1401 2055 1473 cordis,

224 1540 230 1543 <
274 1501 483 1558 lunam
528 1500 786 1578 hepatis,
832 1507 1058 1556 terram
1105 1508 1167 1555 et
1208 1517 1376 1556 mare
1411 1502 1642 1558 ventris
1676 1501 2054 1579 vesicaeque.

272 1601 605 1659 Decentius
666 1600 1135 1675 concinniusque
1192 1596 1439 1655 Solinus
1502 1619 1548 1656 c.
1604 1598 1828 1657 XXVI.
1874 1600 2055 1676 Phy-

275 1702 425 1759 sici
478 1701 700 1777 ajunt
758 1697 1117 1756 mundum
1174 1697 1462 1756 animal
1518 1716 1689 1756 esse
1733 1718 2054 1778 eumque

276 1819 366 1857 ex
434 1800 681 1859 variis
749 1798 1309 1855 elementorum
1370 1797 1832 1876 corporibus
1892 1818 2052 1857 con-

275 1896 676 1975 globatum
751 1897 1046 1957 moveri
1120 1896 1444 1974 spiritu,
1546 1899 1709 1975 regi
1779 1909 2051 1971 mente,
2141 1905 2146 1911 '

275 2016 465 2075 quae
518 2005 849 2075 utraque
896 1995 1198 2054 diffusa
1242 2014 1374 2072 per
1418 1997 1755 2055 membra
1800 2001 2051 2058 omnia

273 2105 636 2154 aeternae
683 2096 911 2153 molis
966 2077 1309 2170 vigorem
1370 2107 1789 2155 exerceant.
1876 2098 2051 2157 Haec

270 2205 476 2254 autem
526 2196 736 2274 opinio
782 2203 907 2253 tam
951 2194 1144 2252 facilis
1191 2195 1551 2270 excogitaui,
1603 2206 1848 2275 tamque
1891 2199 2048 2259 mul-

270 2296 348 2353 tis
410 2297 748 2353 communis
805 2291 1013 2374 fuitff]
1060 2303 1129 2351 ut
1169 2294 1403 2352 nullum
1451 2296 1582 2372 ejus
1627 2305 1938 2356 auctorem
1981 2300 2046 2357 in

266 2394 438 2452 libris
483 2394 778 2452 traditum
822 2395 1238 2463 inveniamuS,
1301 2413 1523 2471 neque,
1570 2396 1620 2452 si
1667 2397 1800 2474 quis
1845 2397 2044 2456 trade-

263 2502 448 2564 retur,
491 2493 675 2551 fidem
719 2493 1092 2571 impetraret.
1138 2489 1485 2550 chalcidius
1511 2493 1756 2571 quidem
1774 2478 1847 2553 'in
1885 2495 2041 2555 Tim.

242 2590 454 2672 XCII.
512 2593 652 2651 312.
707 2610 897 2669 usque
955 2591 1031 2649 ab
1078 2590 1354 2648 Homero
1399 2594 1652 2670 repetitt
1709 2592 2039 2654 Mundus

267 2693 395 2771 qui
442 2691 732 2750 animal
775 2700 999 2749 est—
1045 2689 1368 2749 dextras
1412 2702 1672 2769 partes
1717 2693 2041 2754 habebit

265 2791 622 2871 profecto
682 2809 838 2863 eas»,
895 2792 967 2847 in
1025 2789 1297 2868 quihus
1356 2801 1472 2848 est
1527 2791 1844 2873 initium
1891 2812 2037 2852 mo-

266 2901 388 2948 tus
432 2928 516 2935 —-
559 2900 1131 2971 proptereaque
1175 2878 1580 2949 Homerum
1637 2901 1822 2969 puto
1878 2894 2033 2973 lap-

264 3008 424 3048 sum
472 2990 691 3048 alitis
738 2997 1233 3065 augurantem
1280 2989 1579 3048 dixisse
1604 2990 1895 3050 Dexter
1940 2994 2031 3050 ad

265 3106 483 3147 eoum
529 3090 875 3148 volitans
911 3088 1309 3167 ‘solemque
1355 3088 1712 3167 diemque
1757 3090 2028 3169 (ILXII.

263 3187 449 3266 264).
496 3206 687 3266 eoque
733 3191 915 3247 etiam
960 3187 1226 3246 Achilles
1273 3188 1406 3247 Tat.
1451 3190 1600 3263 Isag.
1636 3207 1695 3266 p.
1739 3189 1872 3247 161.
1919 3190 2028 3248 Pe-

379 3382 452 3440 [d]
496 3401 534 3428 v.
568 3386 821 3429 Tzschucke
853 3387 905 3429 ad
938 3386 1039 3430 Mel.
1071 3386 1228 3430 Comm.
1261 3387 1316 3430 T.
1349 3386 1426 3429 ΙΙΙ.
1459 3387 1509 3429 P.
1542 3386 1623 3428 III.
1655 3401 1694 3442 p.
1727 3386 1767 3427 7.
