2150 3814
234 182 397 243 1296
791 193 1023 238 mmm
1082 189 1450 234 Tun'rius.

941 421 1114 483 CAP'.
1207 421 1305 480 VI.

528 566 639 623 De
702 565 1024 625 Oebalis
1093 574 1173 624 et
1231 563 1721 646 CercopibuS.

410 733 718 808 Quoniam
780 732 1146 796 Cabirorum
1208 744 1270 793 et
1324 732 1696 793 Cobalorum
1772 734 2024 791 nomina

239 853 364 896 non
430 834 633 895 solum
700 835 924 896 iisdem
991 836 1119 895 fere
1188 835 1506 893 elementis
1577 841 1858 892 constant
1913 829 2023 889 sed

240 938 427 995 etiam
480 937 794 996 nonnullis
854 936 1022 996 idem
1088 936 1425 1013 significare
1493 933 1817 1003 videntur,
1889 949 2024 989 eam

242 1055 482 1116 quoque
524 1055 655 1095 rem
699 1037 764 1094 in
807 1034 1317 1116 disceptationem
1361 1033 1723 1094 vocabimus
1785 1030 1895 1090 sed
1936 1033 2027 1090 ita

243 1144 313 1195 ut
383 1133 685 1216 Cercopes
752 1135 1348 1216 comprehendamus
1419 1131 1792 1193 Cobalorum
1853 1132 2027 1210 quasi

239 1253 700 1315 praecursores,
759 1233 838 1293 de
893 1234 1112 1315 quibus
1161 1235 1296 1311 jam
1354 1234 1534 1292 multi
1589 1233 2027 1303 disseruerunt,

237 1335 510 1414 primum
569 1332 839 1391 editores
895 1332 1306 1409 Adagiorum,
1377 1342 1509 1391 tum
1563 1332 1903 1391 Bochartus
1963 1333 2029 1390 in

243 1434 462 1511 Geogr.
505 1432 551 1491 1.
597 1432 698 1491 33.
745 1430 890 1495 655.
936 1432 1293 1491 Parrhasius
1338 1430 1419 1490 ad
1465 1428 1781 1490 Claudian.
1825 1432 1894 1491 L.
1924 1430 2028 1490 III.

239 1553 300 1596 v.
350 1532 490 1593 184.
535 1532 761 1612 aliique
803 1533 1212 1611 interpretum
1242 1530 1322 1590 ad
1354 1530 1538 1592 ovid.
1565 1531 1712 1590 Met.
1736 1530 1898 1592 XIV.
1925 1532 2026 1593 89.

245 1632 470 1694 deinde
512 1633 812 1695 Davisius
877 1631 958 1692 ad
1007 1631 1171 1691 Max.
1217 1631 1362 1708 Tyr.
1405 1631 1508 1690 IV.
1552 1632 1610 1690 8.
1669 1641 1731 1691 et
1773 1632 2032 1691 Larche-

244 1753 349 1793 rus
393 1732 475 1793 ad
516 1732 750 1792 Herod.
793 1731 865 1791 T.
910 1730 985 1790 V.
1040 1750 1101 1812 p.
1145 1732 1290 1791 426.
1342 1741 1658 1813 postremo
1713 1732 2031 1810 Millingen

244 1833 439 1892 Peint.
482 1852 544 1912 p.
591 1831 690 1891 56.
735 1833 908 1909 cujus
952 1833 1018 1889 in
1060 1833 1315 1912 picturis
1372 1851 1496 1892 una
1554 1842 1646 1890 est
1698 1848 1853 1911 quae
1907 1832 2031 1891 duo
2129 1823 2132 1826 ’

246 1941 666 2012 repraesentat
740 1929 1080 2011 Cercopes,
1162 1932 1448 1991 Herculis
1528 1949 1701 1992 arma
1776 1932 2032 1992 furatos,

247 2030 420 2091 Haec
462 2049 576 2090 nos
619 2032 851 2111 partim
895 2032 1182 2091 uberiora
1225 2032 1445 2103 facere,
1489 2033 1719 2111 partim
1765 2051 1841 2092 ex
1868 2033 2031 2092 inor-

250 2129 477 2190 dinatis
520 2131 587 2190 in
633 2128 914 2191 ordinem
956 2131 1232 2211 redigere
1276 2130 1636 2192 conabimur
1661 2133 1754 2211 [⁸].

1036 2394 1089 2473 ξ.
1184 2394 1235 2452 1.

436 2557 698 2619 Homeri
769 2560 883 2620 sub
959 2563 1210 2620 nomine
1278 2563 1426 2625 olim
1499 2559 2037 2622 circumferebatur

256 2676 483 2738 poema
542 2660 867 2742 Κέρκωπες
932 2663 1327 2742 inscriptum,
1395 2662 1560 2722 unde
1623 2662 2038 2742 Harpocratio

258 2759 410 2817 haec
453 2760 732 2820 enotavit
783 2764 1227 2845 ἐξαπατητῆρες
1280 2761 1444 2844 ἦσαν
1498 2764 1604 2826 καὶ
1656 2771 1923 2846 ψεῦσται
1979 2765 2038 2824 οἱ

259 2860 599 2941 Κέρκωπες,
643 2877 800 2938 quae
842 2861 977 2927 sola
1018 2863 1178 2921 inter
1223 2862 1702 2924 Homeridarum
1746 2863 2036 2944 reliquias

260 2960 472 3019 retulit
514 2958 791 3021 Wolfius.
875 2960 1000 3021 Sed
1057 2981 1131 3022 ex
1187 2963 1406 3024 eodem
1462 2962 1628 3023 haud
1687 2962 1875 3023 dubie
1932 2962 2036 3022 de-

384 3156 460 3214 [⁸]
510 3157 701 3203 Primum
729 3161 847 3204 edita
876 3165 944 3205 est
972 3161 1079 3204 haec
1117 3163 1363 3207 dissertatio
1403 3164 1455 3206 A.
1498 3163 1806 3208 MDCCCXX.
1850 3163 2037 3221 repetita

264 3215 308 3258 in
335 3213 636 3260 Friedemanni
664 3222 708 3262 et
737 3220 944 3263 Seebodii
974 3220 1157 3264 Miscell.
1191 3223 1301 3266 Crit.
1342 3222 1439 3266 Vol.
1476 3222 1537 3265 II.
1567 3223 1618 3266 P.
1642 3222 1727 3265 ΙΙΙ.
1751 3221 1850 3265 563.
1880 3221 2035 3266 Huell-

265 3273 408 3316 manni
438 3275 491 3316 V.
531 3275 600 3318 cl.
630 3279 926 3322 commentatio
955 3278 1010 3321 de
1029 3279 1295 3338 Cercopibus
1315 3284 1360 3325 et
1381 3280 1645 3340 Cyclopibus
1661 3279 2033 3325 MDCCCXXVI.
2129 3279 2143 3334 j‘

267 3331 368 3375 mihi
397 3346 476 3390 per
503 3334 795 3391 ephemerides
823 3338 1021 3381 innotuit.
2129 3342 2143 3386 j

2124 3595 2135 3646 7⁵
