2150 3814
703 232 1264 276 SAMoTHRAclA.
1738 225 1904 289 1247

111 364 406 423 turnitate
473 364 667 440 magis
734 363 1050 440 magisque
1117 361 1444 439 obscurata
1513 376 1622 425 est.
1723 365 1902 429 Unde

106 473 291 522 natae
332 474 477 523 sunt
516 462 888 542 multiplices
932 462 1256 522 doctorum
1302 466 1704 543 conjecturae,
1747 487 1904 548 quae

108 563 387 625 adversis
428 567 590 622 inter
631 581 698 621 se
741 562 1051 623 frontibus
1094 570 1475 625 concurrunt.
1553 567 1677 627 Sed
1720 570 1905 629 mini-

109 683 273 724 mam
319 665 601 724 veritatis
644 665 946 742 speciem,
993 675 1063 724 ut
1105 665 1393 745 equidem
1438 669 1675 743 sentio,
1717 667 1905 730 habet
1953 652 1955 654 ⁵

108 782 182 822 ea
238 776 424 843 quam
478 762 839 824 Welckerus
908 765 1234 845 amplexus
1291 778 1416 841 est,
1485 767 1635 829 deos
1687 770 1906 831 Samo-
1963 759 1969 765 ⁵

104 865 385 926 thracum
443 873 508 923 et
564 860 986 925 Romanorum
1053 867 1313 927 Penates
1371 868 1623 929 eosdem
1681 870 1901 947 fuisse3

103 983 247 1024 nam
294 975 536 1025 remoto
593 967 884 1039 Arcturo,
943 981 1126 1046 quem
1184 969 1284 1027 vir
1327 967 1544 1028 doctus
1587 985 1903 1051 nunquam

103 1065 396 1143 probabit
469 1065 547 1124 de
620 1063 1069 1125 samothraciis
1121 1069 1308 1126 sacris
1361 1067 1691 1147 loquutum
1748 1091 1902 1145 esse,

100 1184 283 1224 nemo
352 1175 496 1225 ante
556 1166 870 1242 Satyrum·
897 1154 983 1223 'et
1040 1160 1463 1226 Callistratum
1521 1168 1589 1227 id
1644 1170 1906 1231 tradidit

100 1275 162 1324 et
204 1267 529 1326 inventum·
564 1263 837 1327 videtur
893 1265 973 1325 ab
1016 1257 1128 1340 ἧς,
1189 1269 1296 1348 qui
1338 1268 1759 1331 Rom-anorum
1806 1291 1903 1332 sa·-

99 1380 342 1425 crorum
400 1368 702 1446 originem
759 1384 797 1426 a
854 1366 1074 1445 Troia,
1133 1367 1546 1446 Trojanorum
1601 1389 1640 1429 a
1685 1371 1902 1432 Samo-

98 1467 332 1526 thracia
373 1475 656 1547 repetere
700 1457 1143 1528 anniterentur.
1209 1469 1456 1528 Deinde
1478 1471 1758 1532 Penates
1803 1492 1906 1533 ro-

98 1570 270 1626 mani
327 1570 434 1647 qui
492 1569 620 1628 sint
673 1569 836 1627 inter
892 1556 1173 1628 auctores
1234 1584 1361 1629 non
1407 1574 1728 1647 convenit,
1791 1575 1903 1635 sed

98 1668 417 1728 levissima
459 1679 555 1728 est
598 1668 896 1729 Varronis
941 1672 1280 1743 sententia,
1344 1670 1601 1732 Coelum
1648 1683 1710 1733 et
1754 1675 1901 1734 Ter-

96 1787 231 1828 ram
264 1778 342 1828 ‹et
365 1770 614 1828 Romae
653 1779 716 1829 et
739 1770 1204 1829 Samothraciae
1249 1783 1635 1832 consecratos
1679 1774 1903 1850 fuisse;

97 1871 269 1947 cujus
323 1871 415 1928 rei
441 1877 542 1928 'ne
581 1871 843 1929 minima
887 1867 1137 1949 quidem
1182 1872 1248 1929 in
1292 1874 1608 1949 mysteriis
1652 1874 1776 1933 illis
1822 1878 1902 1934 si-

95 1962 386 2029 militudo
434 1968 760 2044 cernitur}
795 1974 940 2029 nani
999 1969 1105 2050 qni
1150 1970 1275 2031 duo
1324 1971 1583 2033 Cabiros
1627 1974 1901 2048 tradunt,

95 2088 298 2129 mares
334 2071 608 2143 faciunt,
670 2073 806 2132 sive
850 2072 1179 2130 Iasionem'
1209 2082 1270 2128 et
1313 2071 1679 2134 Dardanum
1696 2116 1720 2149 -‚
1765 2079 1901 2138 sive

96 2169 321 2231 Jovem
365 2178 431 2230 et
449 2170 762 2244 Liberum,
809 2173 944 2231 sive
974 2164 1291 2245 Castores3
1339 2180 1401 2229 et
1440 2173 1625 2252 hujus
1660 2179 1901 2236 numeri

96 2280 376 2330 auctores
433 2281 542 2330 aut
596 2274 843 2350 ignotae
901 2274 1121 2331 aetatis
1179 2280 1325 2331 sunt
1380 2283 1489 2332 aut
1532 2276 1698 2353 eius,
1745 2296 1902 2358 quae

95 2372 527 2436 auctoritatem
583 2374 906 2432 minimam
964 2372 1181 2446 habet,
1238 2372 1552 2450 Nigidius,
1612 2376 1899 2451 Ovidius,

97 2470 401 2552 Orpheus.
505 2473 718 2533 Plures
775 2483 984 2532 autem
1033 2481 1096 2531 et
1139 2473 1361 2553 quibus
1406 2475 1654 2535 credere
1697 2479 1902 2552 malis,

97 2645 216 2690 νομα
245 2631 481 2676 ἐποιεῦντο
514 2631 669 2676 οὐδενὶ
698 2630 847 2676 αὐτῶν
882 2657 938 2663 —
969 2633 1117 2677 ἕπειτε
1150 2632 1202 2677 δὲ
1225 2628 1400 2691 χρόνου
1430 2635 1605 2678 πολλοῦ
1635 2633 1893 2684 διεξελθόν-

97 2705 173 2739 τος
200 2686 426 2735 ἐπύθοντο
456 2689 512 2733 τὰ
543 2683 777 2749 οὐνόματα
821 2716 859 2722 -
889 2686 1059 2735 ’Ἐνθεν
1098 2691 1148 2735 δὲ
1180 2692 1587 2750 ἓγένετοβκαστος
1626 2696 1718 2736 τῶν
1754 2697 1893 2750 θεῶν,

99 2746 248 2795 ὁκοῖοί
273 2753 325 2797 τέ
352 2765 470 2800 τινες
496 2748 551 2792 τὰ
583 2750 728 2807 εἴδεα,
771 2749 855 2794 οὐκ
883 2750 1125 2805 ἠπιστέατο
1156 2755 1293 2808 μέχρι
1335 2753 1390 2794 οὑ
1430 2750 1604 2809 πρώην.
1653 2753 1770 2808 quod
1805 2760 1895 2797 tum

100 2808 257 2851 rationi
287 2808 731 2852 convenientissimum
762 2815 830 2851 est
857 2815 948 2853 tum
973 2810 1176 2853 'Platonis
1201 2809 1364 2865 judicio
1397 2810 1676 2853 confirmatur
1708 2811 1819 2854 Crit.
1852 2828 1893 2869 p.

102 2864 200 2910 109.
227 2866 285 2913 E„
322 2870 586 2926 μυθολογία
613 2866 705 2927 γὰρ
735 2866 1073 2924 ἀναζήτησίςτε
1104 2872 1195 2912 τῶν
1224 2870 1434 2911 παλαιῶν
1462 2868 1578 2927 μετὰ
1621 2873 1786 2927 σχολῆς
1816 2868 1891 2929 ἅμ’

101 2924 180 2967 ἐπὶ
208 2922 286 2975 τὰς
312 2923 466 2978 πόλεις
496 2928 744 2987 ἔρχεσθον,
786 2925 896 2972 ὅταν
926 2925 1082 2984 ἴδητόν
1111 2943 1229 2971 τισιν
1259 2923 1345 2982 ἤδη
1386 2931 1466 2971 τοῦ
1507 2933 1608 2983 βίου
1639 2928 1895 2988 τάναγκαῖα

102 2985 494 3043 κατεσκευασμένα
512 3021 524 3043 ,
576 2989 691 3045 πρὶν
731 2986 783 3031 δὲ
820 2983 890 3032 οὔ.
929 2982 1067 3046 τοὲύτῃ
1109 2985 1165 3037 δὴ
1208 2984 1262 3029 τὰ
1305 2989 1397 3029 τῶν
1435 2987 1648 3031 παλαιῶν
1689 2986 1895 3047 ὀνόματα

102 3036 211 3085 ἄνευ
240 3045 333 3087 τῶν
361 3045 509 3104 ἔργων
539 3045 854 3095 διασέσωσται,
896 3048 1011 3104 quod
1042 3047 1098 3089 ad
1129 3046 1445 3104 philosophiam
1475 3048 1685 3091 transfert
1713 3044 1896 3091 jambli-

101 3099 208 3142 chus
237 3101 292 3144 de
322 3101 463 3146 Math.
493 3105 643 3149 scient.
674 3121 716 3163 p.
747 3105 848 3149 218.
878 3106 923 3149 in
953 3106 1119 3149 Villois.
1152 3105 1341 3147 Anecdd.
1365 3106 1367 3109 ’
1403 3105 1519 3148 Hinc
1554 3105 1658 3163 quid
1689 3111 1897 3164 sequatur

101 3158 267 3215 Ephori
300 3162 446 3205 verbis
474 3165 700 3221 expediam
730 3164 908 3222 Fragm.
940 3181 983 3223 p.
1016 3164 1086 3208 64.
1130 3167 1236 3221 περὶ
1265 3164 1353 3221 μὲν
1380 3168 1472 3209 τῶν
1503 3164 1606 3209 καθ’
1650 3163 1770 3224 ἡμᾶς
1813 3181 1895 3224 γε-

100 3221 363 3276 γενημένων
402 3218 504 3271 τοὺς
545 3222 841 3283 ἀκριβέστατα
888 3226 1102 3283 λέγοντας
1142 3220 1434 3273 πιστοτάτους
1480 3221 1744 3284 ἡγούμεθα,
1789 3228 1895 3283 περὶ

102 3275 155 3320 δὲ
185 3279 278 3321 τῶν
305 3281 512 3324 παλαιῶν
547 3282 652 3332 τοὺς
689 3281 805 3327 οὕτω
848 3282 1092 3333 διεξιόντας
1129 3281 1515 3333 ἀπιθανωτάτους.
1587 3285 1733 3328 Hodie
1774 3298 1893 3339 vero,

101 3335 176 3391 qui
207 3349 277 3378 res
307 3336 619 3397 Deucalionias
640 3348 844 3386 accurate
874 3349 1076 3400 tanquam
1109 3358 1162 3385 ex
1193 3343 1468 3399 ephemeride
1488 3350 1716 3396 enarrant,
1748 3347 1894 3386 πιθα-

103 3391 292 3439 νώτατοι
325 3402 426 3439 sunt
457 3402 502 3440 et
531 3394 634 3457 παρ’
670 3395 790 3458 ὄχλῳ
820 3399 1153 3459 μουσικώτατοι
1186 3404 1347 3459 λέγειν.

1398 3476 1560 3535 30*
