2150 3814
692 236 696 238 ,
797 188 1250 237 onrnch.
1789 183 1913 244 903

132 342 342 382 corum
388 322 705 386 doctorum
751 317 1026 379 oraculis·
1063 318 1395 378 sententias
1440 319 1741 396 subjectas
1786 343 1918 384 esse

134 423 370 483 sobrias
439 431 500 480 et
549 415 944 498 probabiles,
1020 417 1272 496 ,qualem
1342 418 1513 480 illam
1575 417 1653 477 de
1707 422 1917 482 malva

128 521 449 581 redditam.
538 516 675 589 Quo
731 516 869 576 loco
926 534 1050 575 non
1094 517 1610 596 praetereundum
1657 528 1778 591 est,
1821 521 1915 579 in-

129 632 222 680 ter
262 619 480 679 herbas
523 636 562 678 a
591 616 958 694 Pythagora,
1001 625 1071 675 ut
1116 615 1356 693 dicitur,
1401 616 1735 682 celebratas
1778 619 1912 683 nul-

128 720 253 778 lam
307 718 436 777 fere
494 735 658 790 esse,
715 718 811 776 cui
868 734 993 777 non
1049 715 1284 796 aliquid
1336 717 1647 794 religionis
1691 717 1913 778 adhae-

124 820 287 877 serit.
374 817 627 890 Scillae,
672 834 857 895 quam
899 817 1278 894 Pythagoras
1321 818 1388 875 in
1430 817 1645 877 limine
1679 820 1911 896 januae

103 937 481 997 ‘suspensam
551 916 860 975 malorum
932 915 1520 976 medicamentorum
1588 920 1909 979 introitum

123 1017 354 1097 pellere
398 1015 586 1076 tradit
628 1014 781 1073 Plin.
825 1013 966 1074 XX.
1012 1014 1111 1074 39.
1155 1016 1444 1094 proprius
1489 1034 1635 1076 usus
1680 1019 1801 1077 fuit
1842 1023 1906 1080 in

117 1118 305 1176 sacris
356 1112 798 1196 piacularibuS,
855 1114 1106 1193 ejusque
1161 1132 1348 1191 genus
1403 1133 1631 1175 nomen
1687 1116 1905 1176 habuit

115 1216 198 1276 ab
251 1216 362 1274 illo
419 1215 653 1273 Gnosio
712 1214 992 1292 aruspice
1034 1213 1652 1293 Epimenidium3
1697 1216 1906 1281 scillae

119 1311 544 1379 Artemidorus
597 1313 704 1371 III.
765 1309 864 1372 50.
924 1312 1202 1390 adjungit
1256 1314 1693 1394 asphodelum,
1727 1325 1904 1380 σκιλ-

61 1398 65 1402 ’
120 1414 309 1483 mdes
366 1411 605 1495 φυτόν,
663 1410 781 1469 diis
837 1412 1049 1470 inferis
1109 1423 1525 1473 consecratum
1570 1434 1630 1476 v.
1673 1414 1903 1474 Anecd.

119 1512 311 1573 Bekk.
379 1532 440 1591 p.
495 1509 639 1571 451.
749 1508 997 1569 Malvae
1064 1509 1336 1570 radicem
1394 1512 1903 1590 Rhadamanthys

120 1613 225 1670 ille
280 1611 718 1688 Pythagoricus
761 1608 994 1688 hospiti
1039 1607 1379 1669 discessuro
1426 1611 1644 1687 tradit,
1706 1612 1902 1694 ταύτῃ

121 1709 406 1780 κελεύσας
460 1714 527 1773 ἐν
567 1716 696 1778 τοῖς
736 1707 1046 1793 μεγίστοις
1088 1707 1404 1778 κινδύνοις
1456 1710 1903 1793 προςεύχεσθαι

123 1812 371 1870 Lucian.
427 1808 566 1866 Ver.
620 1806 784 1867 Hist.
836 1807 913 1866 H.
971 1808 1072 1866 27.
1131 1809 1225 1866 cui
1285 1808 1552 1868 similem
1598 1809 1903 1870 brassicae

121 1910 618 1990 superstitionem
671 1906 863 1966 fuisse
919 1926 995 1965 ex
1036 1905 1448 1986 Hipponactis
1504 1919 1564 1968 et
1610 1910 1901 1970 Nicandri

123 2010 405 2072 versibus
450 2008 753 2086 colligitur
794 2006 1015 2068 Athen.
1058 2006 1168 2066 IX.
1226 2008 1368 2068 370.
1411 2009 1486 2068 A.
1555 2007 1638 2070 Ut
1691 2011 1903 2072 malva

120 2119 184 2169 et
224 2108 561 2188 asphodelo
605 2108 884 2188 sepulcra
929 2108 1184 2175 conseri,
1228 2109 1316 2166 sic
1351 2109 1590 2168 lactuca
1630 2112 1694 2168 in
1738 2129 1900 2169 mor-

124 2219 374 2268 tuorum
432 2209 635 2266 coenis
690 2206 911 2266 Athen.
964 2207 1040 2264 II.
1089 2205 1190 2265 69.
1246 2207 1325 2265 D.
1397 2217 1458 2265 et
1511 2210 1576 2266 in
1630 2210 1901 2288 exequiis

125 2307 430 2368 Adonidis
470 2308 703 2387 apponi
729 2305 967 2365 solebat
993 2305 1260 2381 Hesych.
1290 2325 1337 2364 S.
1358 2305 1706 2380 Ἀδώνιδος,
1744 2310 1900 2368 hanc

126 2418 332 2468 autem
375 2407 791 2484 Pythagoreos
836 2415 905 2463 ut
948 2405 1571 2484 antiaphrodisiacum
1602 2410 1899 2487 εὐνοῦχον

121 2509 469 2567 nominasse
490 2506 661 2583 Lyco
703 2502 979 2586 prodidit
1020 2505 1203 2581 hujus
1247 2514 1446 2564 sectae
1475 2506 1898 2587 philosophus

123 2627 181 2668 v.
248 2606 468 2666 Athen.
535 2606 575 2667 l.
647 2626 694 2664 c.
764 2604 836 2664 cf.
904 2603 1235 2664 Animadv.
1297 2604 1366 2664 T.
1424 2603 1583 2665 VIII.
1636 2607 1780 2667 408.
1839 2617 1900 2666 et

123 2705 453 2769 Needham.
510 2704 591 2764 ad
645 2705 963 2784 Geoponn.
1020 2703 1156 2763 XII.
1217 2703 1312 2762 13.
1356 2703 1499 2763 865.
1585 2706 1899 2787 Numquid

122 2815 439 2887 praeterea
480 2807 547 2863 in
590 2823 664 2864 ea
706 2804 995 2863 admirati
1038 2803 1286 2876 fuerint,
1329 2821 1452 2862 non
1491 2815 1745 2879 constat,
1789 2805 1899 2865 sed

126 2905 344 2965 herbas
407 2904 626 2965 ferales
693 2905 761 2963 in
829 2906 1186 2965 universum
1253 2903 1538 2963 habuisse
1595 2905 1897 2985 quandam

128 3023 382 3066 arcanae
449 3003 745 3065 efficaciae
812 3005 1164 3084 opinionem
1235 3012 1464 3063 certum
1525 3013 1645 3079 est3
1701 3024 1898 3085 neque

129 3105 415 3165 abhorret
455 3123 708 3179 nomen,
763 3123 883 3184 quo
928 3124 967 3164 a
1018 3105 1412 3181 Pythagoreis
1455 3114 1743 3165 vocatum
1788 3115 1898 3178 est,

132 3204 551 3280 symbolicum.
649 3204 1116 3284 Mandragoram
1172 3213 1363 3277 certe,
1423 3207 1592 3284 cujus
1637 3206 1898 3284 singula-

140 3304 225 3363 ris
285 3306 379 3364 vis
433 3308 498 3365 in
554 3305 797 3385 philtris
854 3324 923 3366 ac
975 3306 1282 3366 veneficiis
1328 3314 1389 3364 et
1429 3307 1595 3366 fama
1638 3326 1753 3385 par
1795 3305 1899 3366 Al-
