2150 3814
220 188 383 250 1240
762 172 1417 244 mesura-arius.

213 331 312 393 47.
369 329 655 410 gaudet
710 332 948 389 tectis
1005 340 1087 390 ut
1143 343 1322 391 sunt
1381 332 1616 418 ἀγαθοὶ
1668 331 1975 414 δαέρων-ες,

213 449 400 512 quos
455 430 717 489 Latini
775 429 1067 488 Genios
1123 440 1418 490 vocant.
1504 431 1622 491 His
1666 435 1981 508 autem‘et

210 531 431 591 talibus
501 530 796 609 expositis
862 539 992 589 tum
1051 530 1432 590 universum,v
1461 532 1577 592 hoc
1632 549 1818 609 genus
1863 547 1976 595 nu.-

207 633 443 691 minum
492 619 846 690 tutelarium
902 629 1145 705 agnosci
1188 637 1333 687 tum*
1363 631 1550 690 etiam
1593 650 1746 710 quae
1792 626 1981 689 Cure-

206 741 339 788 tum
406 736 466 786 et
522 737 860 788 ceterorum
930 727 1112 806 hujus
1177 734 1362 787 notae
1419 728 1787 799 daemonum
1842 747 1981 788 cum

204 827 462 888 Laribus
528 827 976 907 Penatibusque
1039 826 1452 888 Romanorum
1537 811 1813 905 coguatio
1845 876 1849 884 .
1881 828 1979 899 sit,

205 928 475 1008 apertius
517 927 776 1004 intelligi
818 943 1002 1007 posse
1046 925 1309 986 arbitror
1320 927 1424 1008 [Ἴ.
1456 926 1715 986 ‚Verum
1755 925 1822 985 id
1865 943 1979 984 nos

205 1026 287 1086 ad
350 1044 555 1086 rerum
620 1043 1018 1087 romanarum
1086 1028 1411 1107 scriptores
1479 1025 1769 1098 devocat,
1834 1023 1980 1082 deo-

203 1145 342 1186 rum
393 1126 712 1189 Penatium
770 1143 941 1186 sacra
994 1144 1186 1206 usque
1241 1145 1280 1186 a
1323 1125 1746 1186 Samothracia
1777 1152 1779 1155 f
1805 1142 1980 1205 repe-

206 1226 484 1285 tentlum.

969 1451 1022 1531 §·
1115 1453 1209 1512 ιο.

370 1621 711 1698 Dionysius
756 1617 904 1682 dicit
936 1622 1169 1683 Romae
1211 1621 1423 1683 multis
1455 1622 1521 1679 in
1553 1619 1804 1701 templis
1835 1636 1975 1679 con--

200 1721 353 1800 spici
422 1720 574 1781 duas
639 1722 850 1783 viriles
915 1723 1148 1801 species
1210 1723 1513 1799 juvenum
1540 1770 1542 1774 ,
1570 1721 1975 1791 hastatorum,

199 1920 332 1963 fuisse
363 1919 584 1973 Milichio‚
624 1920 868 1976 intelligere
897 1920 999 1964 mihi
1036 1921 1187 1964 videor
1225 1935 1250 1962 e
1287 1920 1482 1976 Xenoph.
1526 1919 1665 1962 Anab.
1706 1918 1804 1962 VII.
1846 1917 1887 1959 8.
1927 1914 1970 1959 4.

201 1975 419 2036 ἐμπόδιός
447 1993 516 2022 σοι
549 1979 648 2034 (τοῦ
676 1978 740 2038 μὴ
770 1979 1040 2035 πλουτῆσαι)
1072 1976 1095 2022 ὁ
1127 1977 1243 2028 Ζεὺς
1272 1975 1295 2023 ὅ
1326 1974 1563 2035 Μειλίχιός
1591 1978 1699 2030 ἐστι»,
1731 1990 1854 2033 quem
1884 1975 1971 2017 Or—

197 2034 334 2095 pbeus
365 2037 579 2080 contrario
608 2037 775 2080 nomine
805 2036 1004 2096 δαίμονα
1034 2033 1227 2096 φρικτόν
1257 2036 1462 2092 appellat.
1523 2033 1711 2091 Miretur
1742 2035 1856 2094 'haec
1898 2035 1972 2093 qui

196 2095 283 2136 nen
312 2094 550 2137 meminerit
574 2096 774 2137 fortunae
805 2095 1018 2138 secundae
1046 2101 1091 2136 et
1120 2094 1352 2147 adversae,
1382 2092 1540 2136 beandi
1569 2098 1614 2135 et
1642 2090 1864 2148 affligendi
1881 2106 1972 2147 po—

196 2155 400 2197 testatem
429 2167 562 2209 penes
591 2153 762 2196 eosdem
790 2167 886 2196 esse
915 2153 1018 2196 deos
1049 2153 1125 2209 qui
1159 2167 1186 2195 a
1215 2151 1399 2194 laetiore
1435 2144 1620 2194 muneris
1656 2143 1795 2208 parte.
1821 2143 1971 2209 μ’ὲιλί-

191 2226 315 2270 χιοι,
359 2210 614 2260 ἀλεξίκακοι
642 2218 687 2255 et
715 2211 930 2257 ἐπιδῶται
972 2211 1324 2266 cognominantur
1363 2225 1404 2252 v.
1444 2209 1666 2262 Plutarch.
1691 2202 1810 2251 'Non
1849 2214 1972 2267 θύειν.

195 2269 285 2316 viv.
317 2269 484 2313 XXIII.
516 2267 615 2313 124.
646 2270 706 2313 Τ.
737 2269 858 2313 XIV.
888 2272 944 2312 cf.
975 2268 1160 2311 Siebelis
1191 2268 1246 2311 ad
1275 2269 1404 2311 Paus.
1436 2267 1498 2310 Τ.
1522 2266 1561 2312 I.
1589 2282 1633 2325 p,
1662 2264 1771 2325 233.
1793 2259 1973 2309 Postre-‘

193 2332 261 2371 mo
291 2342 370 2385 pro
397 2325 800 2386 μεγαλανηγήτορα
829 2343 873 2371 v.
906 2329 945 2369 1.
988 2328 1214 2379 substitui,
1255 2325 1370 2383 quod
1401 2326 1544 2384 aptius
1581 2325 1835 2378 videbatur,
1875 2341 1968 2382 μυ-

191 2383 346 2444 χάτων
375 2386 583 2443 οἰκήτορα
612 2386 683 2429 vel
712 2383 932 2440 κικλήσκω
964 2387 1014 2430 σὲ
1041 2388 1203 2444 μυχῶν
1233 2382 1456 2444 οἰκήτορα.
1492 2390 1495 2394 ’
1528 2441 1529 2445 ¹
1636 2435 1638 2439 v
1679 2421 1684 2426 .
1806 2391 1808 2394 '
1864 2392 1866 2396 '

314 2451 386 2514 [³']
432 2457 637 2499 Forsitan
685 2458 814 2499 etiam
864 2457 1094 2500 similitudo
1144 2459 1308 2500 formae
1358 2458 1442 2500 huc
1493 2446 1660 2513 alffiuffl
1700 2443 1964 2512 conferebat.

192 2517 394 2572 Namque
422 2515 597 2557 deorum
627 2514 951 2558 domesticorum
981 2516 1125 2570 sigilla
1154 2517 1305 2557 brevia
1334 2519 1471 2557 erant.
1507 2513 1737 2568 Petronius
1765 2507 1819 2567 de
1851 2510 1964 2555 Mut.

191 2575 319 2631 Reip.
349 2589 391 2616 v.
421 2573 522 2616 227.
562 2572 666 2614 ille
704 2587 861 2616 manu
900 2574 1131 2629 trepida
1160 2580 1323 2615 natos
1358 2579 1537 2625 tenet,
1564 2570 1680 2614 ville
1704 2570 1963 2614 >Penates

194 2632 453 2676 occultat
493 2631 722 2687 gremio.
779 2632 935 2674 Horat.
976 2632 1038 2675 ΙΙ.
1086 2631 1170 2673 Od.
1215 2631 1282 2672 18.
1318 2631 1390 2676 26.
1439 2636 1706 2689 paternos
1743 2629 1798 2671 in
1840 2629 1964 2672 sinu

115 2744 117 2746 q
192 2693 382 2734 ferens
423 2689 568 2732 deos.
628 2690 886 2733 Plutarchus
914 2694 1064 2732 narrat
1098 2690 1151 2730 V.
1196 2689 1364 2732 Camill.
1406 2704 1443 2732 c.
1483 2689 1552 2732 21.
1596 2687 1799 2731 Vestales·
1836 2690 1962 2730 aufu-

194 2749 312 2805 gisse
341 2750 392 2793 ἐν
421 2753 514 2798 τοῖς
542 2743 726 2797 κόλποις
757 2745 984 2807 φερούσας
1011 2745 1066 2792 τὰ
1094 2750 1185 2791 τῶν
1224 2750 1348 2791 θεῶν
1387 2745 1502 2807 ἱερά.
1541 2746 1747 2803 ΙζιικτὶιοΙο,Γ
1769 2743 1824 2788 τὰ
1867 2761 1961 2789 πα-

190 2810 312 2867 τρῷα
341 2803 440 2867 ἱερά
476 2807 521 2849 in
549 2807 720 2850 clitellis
749 2807 975 2850 abscondit
1002 2806 1175 2864 Joseph.
1205 2807 1304 2848 Ant.
1327 2807 1363 2848 Ι.
1387 2807 1457 2850 19.
1488 2806 1667 2848 9-11,
1696 2806 1866 2847 Aeneas
1896 2807 1961 2847 ef—

190 2869 280 2909 fert
318 2865 372 2909 τὰ
412 2864 582 2925 πατρῷ’
635 2861 874 2924 ἀγάλματα
917 2867 1104 2914 πέπλοις
1141 2861 1370 2922 περισχών
1410 2865 1521 2921 Lyc.
1559 2860 1701 2906 1266.
1757 2863 1961 2919 Idemque

191 2929 288 2967 erat
317 2925 490 2967 deorum
518 2923 764 2967 tutelarium
793 2924 999 2979 modulus,
1031 2938 1137 2980 quos
1166 2923 1488 2980 peregrinantes
1517 2930 1657 2964 secum
1684 2926 1803 2964 terra
1832 2922 1965 2963 mari*²

191 2998 276 3040 que
321 2982 636 3026 circumducere
675 2982 885 3026 solebant,
954 2981 1158 3039 Apulejus
1200 2982 1325 3039 Apol.
1366 2997 1407 3038 p.
1447 2980 1546 3026 506.
1591 2994 1784 3023 morem
1826 2981 1957 3022 mihi

190 3042 376 3084 habeo
427 3055 647 3098 quoquo
698 3055 811 3084 eam
860 3041 1218 3085 simulacrum
1268 3041 1518 3095 alicujus
1561 3039 1656 3081 dei
1693 3038 1846 3081 inter
1885 3037 1954 3080 Ii—

189 3101 322 3143 bros
363 3100 650 3142 conditum
680 3105 931 3155 gestare.
990 3099 1113 3142 Sulla
1148 3099 1316 3141 solebat
1343 3098 1552 3155 Apollinis
1581 3093 1859 3155 ἆγαλμάτιον
1888 3096 1958 3140 ἀεὶ

192 3155 314 3202 κατὰ
332 3155 411 3206 τὰς
437 3154 588 3216 μάχας
614 3162 877 3218 περιφέρειν
905 3159 955 3202 ἐν
982 3159 1043 3214 τῷ
1073 3153 1224 3213 κόλπῳ
1254 3157 1369 3200 Plut.
1399 3156 1508 3198 Sull.
1547 3171 1584 3198 c.
1622 3155 1693 3199 30.
1733 3155 1955 3211 Asclepia-

191 3218 267 3260 des
295 3216 574 3273 philosophus
600 3215 709 3261 deae
739 3217 936 3261 coelestis
965 3221 1214 3271 argenteum
1253 3216 1384 3273 breve
1418 3215 1664 3270 figmentum
1704 3228 1956 3270 quocunque

190 3276 284 3318 ibat
313 3289 454 3318 secum
484 3275 640 3317 efferre
667 3275 837 3319 solebat
864 3275 1068 3322 Ammiau.
1115 3274 1253 3316 Marc.
1295 3272 1438 3318 XXII.
1486 3271 1551 3315 13„
1611 3272 1729 3316 Idem
1768 3273 1822 3327 de
1842 3271 1952 3323 ,Ne-

193 3347 296 3377 rone
325 3338 473 3377 narrat
501 3333 731 3377 Suetonius
760 3349 795 3376 c.
827 3333 895 3377 56.
938 3339 983 3376 et
1012 3332 1064 3376 de
1092 3332 1315 3376 Hadriano
1359 3347 1394 3374 c.
1437 3331 1475 3372 7.
1538 3331 1598 3374 Et
1637 3327 1801 3389 parem*
1821 3329 1951 3373 fuisse
