<?xml version="1.0" encoding="UTF-8"?>
<!DOCTYPE html PUBLIC "-//W3C//DTD XHTML 1.0 Transitional//EN"
    "http://www.w3.org/TR/xhtml1/DTD/xhtml1-transitional.dtd">
<html xmlns="http://www.w3.org/1999/xhtml" xml:lang="en" lang="en">
 <head>
  <title>
</title>
<meta http-equiv="Content-Type" content="text/html;charset=utf-8" />
  <meta name='ocr-system' content='tesseract 3.04.00' />
  <meta name='ocr-capabilities' content='ocr_page ocr_carea ocr_par ocr_line ocrx_word'/>
</head>
<body>
  <div class='ocr_page' id='page_1' title='image "./aglaophamussived02lobeuoft_0366.png"; bbox 0 0 2150 3814; ppageno 0'>
   <div class='ocr_carea' id='block_1_1' title="bbox 210 189 1419 255">
    <p class='ocr_par' dir='ltr' id='par_1_1' title="bbox 210 189 1419 255">
     <span class='ocr_line' id='line_1_1' title="bbox 210 189 1419 255; baseline -0.006 -4"><span class='ocrx_word' id='word_1_1' title='bbox 210 189 374 251; x_wconf 81' lang='lat'>1142</span> <span class='ocrx_word' id='word_1_2' title='bbox 757 202 994 245; x_wconf 70' lang='lat' dir='ltr'><strong>numa</strong></span> <span class='ocrx_word' id='word_1_3' title='bbox 1052 200 1419 255; x_wconf 71' lang='lat' dir='ltr'><strong>Tssa&#39;rms.</strong></span> 
     </span>
    </p>
   </div>
   <div class='ocr_carea' id='block_1_2' title="bbox 195 330 1996 3300">
    <p class='ocr_par' dir='ltr' id='par_1_2' title="bbox 195 330 1996 3123">
     <span class='ocr_line' id='line_1_2' title="bbox 203 330 1980 409; baseline -0.001 -15"><span class='ocrx_word' id='word_1_4' title='bbox 203 346 304 395; x_wconf 85' lang='lat' dir='ltr'><strong>tur</strong></span> <span class='ocrx_word' id='word_1_5' title='bbox 346 342 635 393; x_wconf 90' lang='lat' dir='ltr'><strong>consueto</strong></span> <span class='ocrx_word' id='word_1_6' title='bbox 680 330 1054 407; x_wconf 85' lang='lat' dir='ltr'><strong>mythologis</strong></span> <span class='ocrx_word' id='word_1_7' title='bbox 1098 330 1354 389; x_wconf 83' lang='lat' dir='ltr'><strong>artificio</strong></span> <span class='ocrx_word' id='word_1_8' title='bbox 1401 350 1436 388; x_wconf 83' lang='lat' dir='ltr'><strong>e</strong></span> <span class='ocrx_word' id='word_1_9' title='bbox 1479 330 1606 389; x_wconf 88' lang='lat' dir='ltr'><strong>filio</strong></span> <span class='ocrx_word' id='word_1_10' title='bbox 1650 331 1715 389; x_wconf 90' lang='lat' dir='ltr'><strong>in</strong></span> <span class='ocrx_word' id='word_1_11' title='bbox 1745 340 1980 409; x_wconf 82' lang='lat' dir='ltr'><strong>patrem</strong></span> 
     </span>
     <span class='ocr_line' id='line_1_3' title="bbox 202 427 1984 507; baseline -0.003 -11"><span class='ocrx_word' id='word_1_12' title='bbox 202 450 550 496; x_wconf 86' lang='lat' dir='ltr'><strong>conversus,</strong></span> <span class='ocrx_word' id='word_1_13' title='bbox 639 428 761 489; x_wconf 89' lang='lat' dir='ltr'><strong>Sed</strong></span> <span class='ocrx_word' id='word_1_14' title='bbox 806 430 951 507; x_wconf 90' lang='lat' dir='ltr'><strong>quia</strong></span> <span class='ocrx_word' id='word_1_15' title='bbox 994 427 1463 507; x_wconf 82' lang='lat' dir='ltr'>locupletiorum</span> <span class='ocrx_word' id='word_1_16' title='bbox 1506 439 1827 490; x_wconf 79' lang='lat' dir='ltr'><strong>auctorum</strong></span> <span class='ocrx_word' id='word_1_17' title='bbox 1848 448 1984 491; x_wconf 85' lang='lat' dir='ltr'><strong>sen-</strong></span> 
     </span>
     <span class='ocr_line' id='line_1_4' title="bbox 200 527 1985 606; baseline -0.004 -11"><span class='ocrx_word' id='word_1_18' title='bbox 200 536 407 595; x_wconf 87' lang='lat' dir='ltr'><strong>tentiis</strong></span> <span class='ocrx_word' id='word_1_19' title='bbox 478 527 902 606; x_wconf 83' lang='lat' dir='ltr'><strong>Corybantum</strong></span> <span class='ocrx_word' id='word_1_20' title='bbox 978 545 1207 586; x_wconf 88' lang='lat' dir='ltr'><strong>nomen</strong></span> <span class='ocrx_word' id='word_1_21' title='bbox 1273 547 1312 588; x_wconf 94' lang='lat' dir='ltr'><strong>a</strong></span> <span class='ocrx_word' id='word_1_22' title='bbox 1379 527 1563 591; x_wconf 88' lang='lat' dir='ltr'><strong>Creta</strong></span> <span class='ocrx_word' id='word_1_23' title='bbox 1630 529 1985 603; x_wconf 79' lang='lat' dir='ltr'><strong>secluditur,</strong></span> 
     </span>
     <span class='ocr_line' id='line_1_5' title="bbox 198 626 1987 716; baseline -0.003 -22"><span class='ocrx_word' id='word_1_24' title='bbox 198 632 704 716; x_wconf 84' lang='lat' dir='ltr'><strong>praeoptavimus</strong></span> <span class='ocrx_word' id='word_1_25' title='bbox 757 629 929 687; x_wconf 91' lang='lat' dir='ltr'><strong>illam</strong></span> <span class='ocrx_word' id='word_1_26' title='bbox 983 626 1275 703; x_wconf 89' lang='lat' dir='ltr'><strong>Rhytiam</strong></span> <span class='ocrx_word' id='word_1_27' title='bbox 1327 631 1463 692; x_wconf 89' lang='lat' dir='ltr'><strong>sive</strong></span> <span class='ocrx_word' id='word_1_28' title='bbox 1505 631 1864 704; x_wconf 83' lang='lat' dir='ltr'><strong>Rhoetiam,</strong></span> <span class='ocrx_word' id='word_1_29' title='bbox 1907 629 1987 690; x_wconf 93' lang='lat' dir='ltr'><strong>de</strong></span> 
     </span>
     <span class='ocr_line' id='line_1_6' title="bbox 199 726 1986 815; baseline -0.003 -20"><span class='ocrx_word' id='word_1_30' title='bbox 199 754 320 815; x_wconf 88' lang='lat' dir='ltr'><strong>qua</strong></span> <span class='ocrx_word' id='word_1_31' title='bbox 376 729 631 792; x_wconf 85' lang='lat' dir='ltr'><strong>Servius</strong></span> <span class='ocrx_word' id='word_1_32' title='bbox 688 727 769 789; x_wconf 90' lang='lat' dir='ltr'><strong>ad</strong></span> <span class='ocrx_word' id='word_1_33' title='bbox 813 727 967 788; x_wconf 87' lang='lat' dir='ltr'><strong>Aen.</strong></span> <span class='ocrx_word' id='word_1_34' title='bbox 1012 727 1118 786; x_wconf 93' lang='lat' dir='ltr'><strong>III.</strong></span> <span class='ocrx_word' id='word_1_35' title='bbox 1169 726 1307 788; x_wconf 89' lang='grc'><strong>108.</strong></span> <span class='ocrx_word' id='word_1_36' title='bbox 1350 729 1775 792; x_wconf 87' lang='lat' dir='ltr'><strong>Rhoeteum</strong></span> <span class='ocrx_word' id='word_1_37' title='bbox 1818 750 1986 812; x_wconf 86' lang='lat' dir='ltr'><strong>pro-</strong></span> 
     </span>
     <span class='ocr_line' id='line_1_7' title="bbox 199 826 1987 901; baseline -0.003 -7"><span class='ocrx_word' id='word_1_38' title='bbox 199 832 677 894; x_wconf 87' lang='lat' dir='ltr'><strong>montorium</strong></span> <span class='ocrx_word' id='word_1_39' title='bbox 734 826 1101 901; x_wconf 80' lang='lat' dir='ltr'><strong>TroadiS,</strong></span> <span class='ocrx_word' id='word_1_40' title='bbox 1153 828 1347 888; x_wconf 88' lang='lat' dir='ltr'><strong>licet</strong></span> <span class='ocrx_word' id='word_1_41' title='bbox 1389 829 1532 888; x_wconf 91' lang='lat' dir='ltr'><strong>alii</strong></span> <span class='ocrx_word' id='word_1_42' title='bbox 1575 830 1846 890; x_wconf 88' lang='lat' dir='ltr'><strong>Retias</strong></span> <span class='ocrx_word' id='word_1_43' title='bbox 1889 831 1987 889; x_wconf 88' lang='lat' dir='ltr'><strong>le·-</strong></span> 
     </span>
     <span class='ocr_line' id='line_1_8' title="bbox 196 929 1990 1014; baseline -0.003 -20"><span class='ocrx_word' id='word_1_44' title='bbox 196 943 380 1014; x_wconf 88' lang='lat' dir='ltr'><strong>gant</strong></span> <span class='ocrx_word' id='word_1_45' title='bbox 436 941 762 1014; x_wconf 87' lang='lat' dir='ltr'><strong>propter</strong></span> <span class='ocrx_word' id='word_1_46' title='bbox 816 929 1113 989; x_wconf 89' lang='lat' dir='ltr'><strong>Retiam</strong></span> <span class='ocrx_word' id='word_1_47' title='bbox 1172 929 1490 989; x_wconf 89' lang='lat' dir='ltr'><strong>Ritonis</strong></span> <span class='ocrx_word' id='word_1_48' title='bbox 1532 929 1827 1002; x_wconf 88' lang='lat' dir='ltr'><strong>filiam,</strong></span> <span class='ocrx_word' id='word_1_49' title='bbox 1880 929 1990 988; x_wconf 93' lang='lat' dir='ltr'><strong>ubi</strong></span> 
     </span>
     <span class='ocr_line' id='line_1_9' title="bbox 199 1027 1991 1110; baseline -0.001 -15"><span class='ocrx_word' id='word_1_50' title='bbox 199 1035 477 1097; x_wconf 90' lang='lat' dir='ltr'><strong>Sithonis</strong></span> <span class='ocrx_word' id='word_1_51' title='bbox 537 1029 947 1092; x_wconf 89' lang='lat' dir='ltr'><strong>scribendum.</strong></span> <span class='ocrx_word' id='word_1_52' title='bbox 1034 1028 1234 1088; x_wconf 86' lang='lat' dir='ltr'><strong>Schol.</strong></span> <span class='ocrx_word' id='word_1_53' title='bbox 1278 1029 1427 1110; x_wconf 63' lang='lat' dir='ltr'><strong>Lyc,</strong></span> <span class='ocrx_word' id='word_1_54' title='bbox 1473 1027 1616 1090; x_wconf 85' lang='lat'><strong>583.</strong></span> <span class='ocrx_word' id='word_1_55' title='bbox 1689 1034 1991 1100; x_wconf 77' lang='grc' dir='ltr'><strong><em>Σιθῶνος</em></strong></span> 
     </span>
     <span class='ocr_line' id='line_1_10' title="bbox 202 1126 1989 1218; baseline -0.002 -23"><span class='ocrx_word' id='word_1_56' title='bbox 202 1133 344 1218; x_wconf 85' lang='lat' dir='ltr'><strong>(sic)</strong></span> <span class='ocrx_word' id='word_1_57' title='bbox 386 1135 426 1214; x_wconf 82' lang='grc' dir='ltr'>ἢ</span> <span class='ocrx_word' id='word_1_58' title='bbox 470 1133 783 1215; x_wconf 78' lang='grc' dir='ltr'><em>Πρωτέως</em></span> <span class='ocrx_word' id='word_1_59' title='bbox 826 1127 1117 1216; x_wconf 74' lang='grc' dir='ltr'><strong><em>θυγάτηρ</em></strong></span> <span class='ocrx_word' id='word_1_60' title='bbox 1155 1130 1433 1205; x_wconf 84' lang='grc' dir='ltr'><strong><em>Ῥοιτεία,</em></strong></span> <span class='ocrx_word' id='word_1_61' title='bbox 1479 1133 1587 1214; x_wconf 68' lang='grc' dir='ltr'><strong>ἀφ’</strong></span> <span class='ocrx_word' id='word_1_62' title='bbox 1626 1126 1698 1211; x_wconf 83' lang='grc' dir='ltr'><strong>ἧς</strong></span> <span class='ocrx_word' id='word_1_63' title='bbox 1722 1130 1794 1194; x_wconf 88' lang='grc' dir='ltr'><strong>τὸ</strong></span> <span class='ocrx_word' id='word_1_64' title='bbox 1832 1129 1989 1194; x_wconf 83' lang='grc' dir='ltr'><strong><em>Ῥοί-</em></strong></span> 
     </span>
     <span class='ocr_line' id='line_1_11' title="bbox 198 1229 1989 1312; baseline -0.007 -11"><span class='ocrx_word' id='word_1_65' title='bbox 198 1261 381 1300; x_wconf 84' lang='grc' dir='ltr'><strong><em>τειον.</em></strong></span> <span class='ocrx_word' id='word_1_66' title='bbox 455 1232 658 1293; x_wconf 89' lang='lat' dir='ltr'><strong>Schol.</strong></span> <span class='ocrx_word' id='word_1_67' title='bbox 729 1230 938 1312; x_wconf 83' lang='lat' dir='ltr'><strong>Apoll.</strong></span> <span class='ocrx_word' id='word_1_68' title='bbox 1007 1230 1053 1289; x_wconf 94' lang='grc' dir='ltr'><strong>Ι.</strong></span> <span class='ocrx_word' id='word_1_69' title='bbox 1122 1229 1265 1291; x_wconf 87' lang='grc'><strong>929.</strong></span> <span class='ocrx_word' id='word_1_70' title='bbox 1332 1240 1395 1289; x_wconf 88' lang='lat' dir='ltr'><strong>et</strong></span> <span class='ocrx_word' id='word_1_71' title='bbox 1450 1230 1667 1290; x_wconf 88' lang='lat' dir='ltr'><strong>Zonar.</strong></span> <span class='ocrx_word' id='word_1_72' title='bbox 1724 1231 1870 1290; x_wconf 85' lang='lat' dir='ltr'><strong>Lex.</strong></span> <span class='ocrx_word' id='word_1_73' title='bbox 1927 1249 1989 1310; x_wconf 94' lang='lat' dir='ltr'><strong>p.</strong></span> 
     </span>
     <span class='ocr_line' id='line_1_12' title="bbox 204 1328 1992 1417; baseline -0.002 -21"><span class='ocrx_word' id='word_1_74' title='bbox 204 1337 388 1396; x_wconf 84' lang='lat'><strong>1620.</strong></span> <span class='ocrx_word' id='word_1_75' title='bbox 479 1332 768 1395; x_wconf 81' lang='grc' dir='ltr'><strong><em>Ῥοίτειον</em></strong></span> <span class='ocrx_word' id='word_1_76' title='bbox 837 1328 1064 1408; x_wconf 73' lang='grc' dir='ltr'><em>ἐκλήθη</em></span> <span class='ocrx_word' id='word_1_77' title='bbox 1137 1330 1258 1392; x_wconf 75' lang='grc' dir='ltr'><strong>ἀπὸ</strong></span> <span class='ocrx_word' id='word_1_78' title='bbox 1318 1330 1608 1401; x_wconf 84' lang='grc' dir='ltr'><strong><em>Ῥοιτείας</em></strong></span> <span class='ocrx_word' id='word_1_79' title='bbox 1667 1330 1992 1417; x_wconf 74' lang='grc' dir='ltr'><strong><em>θυγατρὸς</em></strong></span> 
     </span>
     <span class='ocr_line' id='line_1_13' title="bbox 201 1428 1992 1518; baseline -0.006 -19"><span class='ocrx_word' id='word_1_80' title='bbox 201 1435 547 1518; x_wconf 78' lang='grc' dir='ltr'><em>Πρωτέως,</em></span> <span class='ocrx_word' id='word_1_81' title='bbox 609 1449 793 1512; x_wconf 91' lang='lat' dir='ltr'><strong>quem</strong></span> <span class='ocrx_word' id='word_1_82' title='bbox 847 1431 1055 1510; x_wconf 90' lang='lat' dir='ltr'><strong>ipsum</strong></span> <span class='ocrx_word' id='word_1_83' title='bbox 1114 1428 1482 1491; x_wconf 88' lang='lat' dir='ltr'><strong>Cabirorum</strong></span> <span class='ocrx_word' id='word_1_84' title='bbox 1539 1450 1728 1493; x_wconf 88' lang='lat' dir='ltr'><strong>avum</strong></span> <span class='ocrx_word' id='word_1_85' title='bbox 1794 1429 1992 1490; x_wconf 87' lang='lat' dir='ltr'><strong>edidit</strong></span> 
     </span>
     <span class='ocr_line' id='line_1_14' title="bbox 197 1516 1993 1611; baseline -0.002 -15"><span class='ocrx_word' id='word_1_86' title='bbox 197 1533 580 1611; x_wconf 87' lang='lat' dir='ltr'><strong>Pherecydes</strong></span> <span class='ocrx_word' id='word_1_87' title='bbox 637 1549 1026 1591; x_wconf 89' lang='lat' dir='ltr'><strong>communem</strong></span> <span class='ocrx_word' id='word_1_88' title='bbox 1093 1516 1685 1611; x_wconf 85' lang='lat' dir='ltr'><strong>mythographorum</strong></span> <span class='ocrx_word' id='word_1_89' title='bbox 1740 1548 1993 1593; x_wconf 81' lang='lat' dir='ltr'><strong>consue-</strong></span> 
     </span>
     <span class='ocr_line' id='line_1_15' title="bbox 197 1630 1995 1713; baseline -0.003 -17"><span class='ocrx_word' id='word_1_90' title='bbox 197 1635 477 1696; x_wconf 87' lang='lat' dir='ltr'><strong>tudinem</strong></span> <span class='ocrx_word' id='word_1_91' title='bbox 554 1641 879 1713; x_wconf 77' lang='lat' dir='ltr'><strong>sequutuS,</strong></span> <span class='ocrx_word' id='word_1_92' title='bbox 963 1630 1186 1711; x_wconf 90' lang='lat' dir='ltr'><strong>quibus</strong></span> <span class='ocrx_word' id='word_1_93' title='bbox 1267 1631 1821 1692; x_wconf 89' lang='lat' dir='ltr'><strong>familiarissimum</strong></span> <span class='ocrx_word' id='word_1_94' title='bbox 1901 1641 1995 1699; x_wconf 79' lang='lat' dir='ltr'><strong>est</strong></span> 
     </span>
     <span class='ocr_line' id='line_1_16' title="bbox 199 1732 1995 1812; baseline -0.003 -15"><span class='ocrx_word' id='word_1_95' title='bbox 199 1737 457 1797; x_wconf 86' lang='lat' dir='ltr'><strong>deorum</strong></span> <span class='ocrx_word' id='word_1_96' title='bbox 513 1735 888 1812; x_wconf 85' lang='lat' dir='ltr'><strong>ignotiorum</strong></span> <span class='ocrx_word' id='word_1_97' title='bbox 943 1732 1317 1811; x_wconf 78' lang='lat' dir='ltr'><strong>majoribUS,</strong></span> <span class='ocrx_word' id='word_1_98' title='bbox 1371 1733 1639 1812; x_wconf 84' lang='lat' dir='ltr'><strong>posteris</strong></span> <span class='ocrx_word' id='word_1_99' title='bbox 1697 1733 1995 1810; x_wconf 87' lang='lat' dir='ltr'><strong>cognatis—</strong></span> 
     </span>
     <span class='ocr_line' id='line_1_17' title="bbox 198 1834 1994 1918; baseline -0.003 -21"><span class='ocrx_word' id='word_1_100' title='bbox 198 1857 319 1918; x_wconf 89' lang='lat' dir='ltr'><strong>que</strong></span> <span class='ocrx_word' id='word_1_101' title='bbox 361 1837 617 1896; x_wconf 90' lang='lat' dir='ltr'><strong>nomina</strong></span> <span class='ocrx_word' id='word_1_102' title='bbox 659 1836 979 1912; x_wconf 90' lang='lat' dir='ltr'><strong>imponere</strong></span> <span class='ocrx_word' id='word_1_103' title='bbox 1034 1854 1071 1894; x_wconf 92' lang='lat' dir='ltr'><strong>a</strong></span> <span class='ocrx_word' id='word_1_104' title='bbox 1114 1835 1398 1914; x_wconf 88' lang='lat' dir='ltr'><strong>proxima</strong></span> <span class='ocrx_word' id='word_1_105' title='bbox 1440 1834 1669 1893; x_wconf 85' lang='lat' dir='ltr'><strong>vicinia</strong></span> <span class='ocrx_word' id='word_1_106' title='bbox 1711 1834 1994 1912; x_wconf 85' lang='lat' dir='ltr'><strong>repetita,</strong></span> 
     </span>
     <span class='ocr_line' id='line_1_18' title="bbox 200 1933 1992 2014; baseline -0.002 -18"><span class='ocrx_word' id='word_1_107' title='bbox 200 1947 270 1996; x_wconf 90' lang='lat' dir='ltr'><strong>ut</strong></span> <span class='ocrx_word' id='word_1_108' title='bbox 324 1937 440 1996; x_wconf 88' lang='lat' dir='ltr'><strong>hac</strong></span> <span class='ocrx_word' id='word_1_109' title='bbox 493 1937 636 2014; x_wconf 89' lang='lat' dir='ltr'><strong>ipsa</strong></span> <span class='ocrx_word' id='word_1_110' title='bbox 692 1936 755 1993; x_wconf 93' lang='lat' dir='ltr'><strong>in</strong></span> <span class='ocrx_word' id='word_1_111' title='bbox 819 1951 1004 1994; x_wconf 87' lang='lat' dir='ltr'><strong>causa</strong></span> <span class='ocrx_word' id='word_1_112' title='bbox 1044 1933 1354 1996; x_wconf 83' lang='lat' dir='ltr'><strong>vocabula</strong></span> <span class='ocrx_word' id='word_1_113' title='bbox 1399 1933 1653 2006; x_wconf 85' lang='lat' dir='ltr'><strong>Sithon,</strong></span> <span class='ocrx_word' id='word_1_114' title='bbox 1697 1934 1992 2005; x_wconf 89' lang='lat' dir='ltr'><strong>Rhoetea,</strong></span> 
     </span>
     <span class='ocr_line' id='line_1_19' title="bbox 199 2032 1994 2113; baseline -0.002 -17"><span class='ocrx_word' id='word_1_115' title='bbox 199 2037 466 2108; x_wconf 82' lang='lat' dir='ltr'><strong>Pallene,</strong></span> <span class='ocrx_word' id='word_1_116' title='bbox 513 2035 778 2106; x_wconf 88' lang='lat' dir='ltr'><strong>Torone,</strong></span> <span class='ocrx_word' id='word_1_117' title='bbox 819 2032 1076 2109; x_wconf 85' lang='lat' dir='ltr'><strong>Phyllis,</strong></span> <span class='ocrx_word' id='word_1_118' title='bbox 1122 2051 1160 2090; x_wconf 92' lang='lat' dir='ltr'><strong>a</strong></span> <span class='ocrx_word' id='word_1_119' title='bbox 1202 2032 1354 2092; x_wconf 92' lang='lat' dir='ltr'><strong>locis</strong></span> <span class='ocrx_word' id='word_1_120' title='bbox 1394 2034 1761 2113; x_wconf 90' lang='lat' dir='ltr'><strong>propinquis</strong></span> <span class='ocrx_word' id='word_1_121' title='bbox 1797 2043 1994 2092; x_wconf 87' lang='lat' dir='ltr'><strong>trans-</strong></span> 
     </span>
     <span class='ocr_line' id='line_1_20' title="bbox 198 2132 1994 2211; baseline -0.002 -15"><span class='ocrx_word' id='word_1_122' title='bbox 198 2138 327 2196; x_wconf 88' lang='lat' dir='ltr'><strong>lata</strong></span> <span class='ocrx_word' id='word_1_123' title='bbox 382 2145 524 2196; x_wconf 93' lang='lat' dir='ltr'><strong>sunt</strong></span> <span class='ocrx_word' id='word_1_124' title='bbox 579 2133 662 2194; x_wconf 89' lang='lat' dir='ltr'><strong>ad</strong></span> <span class='ocrx_word' id='word_1_125' title='bbox 720 2133 967 2194; x_wconf 89' lang='lat' dir='ltr'><strong>divinos</strong></span> <span class='ocrx_word' id='word_1_126' title='bbox 1027 2132 1487 2193; x_wconf 87' lang='lat' dir='ltr'><strong>Samothraciae</strong></span> <span class='ocrx_word' id='word_1_127' title='bbox 1543 2143 1605 2192; x_wconf 89' lang='lat' dir='ltr'><strong>et</strong></span> <span class='ocrx_word' id='word_1_128' title='bbox 1659 2132 1994 2211; x_wconf 89' lang='lat' dir='ltr'><strong>adjacentis</strong></span> 
     </span>
     <span class='ocr_line' id='line_1_21' title="bbox 200 2233 1996 2313; baseline -0.003 -16"><span class='ocrx_word' id='word_1_129' title='bbox 200 2256 347 2297; x_wconf 89' lang='lat' dir='ltr'><strong>orae</strong></span> <span class='ocrx_word' id='word_1_130' title='bbox 400 2237 652 2296; x_wconf 89' lang='lat' dir='ltr'><strong>incolas.</strong></span> <span class='ocrx_word' id='word_1_131' title='bbox 699 2233 1084 2313; x_wconf 87' lang='lat' dir='ltr'><strong>Corybantes</strong></span> <span class='ocrx_word' id='word_1_132' title='bbox 1127 2244 1338 2294; x_wconf 89' lang='lat' dir='ltr'><strong>autem</strong></span> <span class='ocrx_word' id='word_1_133' title='bbox 1376 2234 1865 2294; x_wconf 83' lang='lat' dir='ltr'><strong>Samothraciam</strong></span> <span class='ocrx_word' id='word_1_134' title='bbox 1910 2243 1996 2293; x_wconf 85' lang='lat' dir='ltr'><strong>tc-</strong></span> 
     </span>
     <span class='ocr_line' id='line_1_22' title="bbox 196 2333 1996 2418; baseline -0.002 -20"><span class='ocrx_word' id='word_1_135' title='bbox 196 2341 409 2398; x_wconf 89' lang='lat' dir='ltr'><strong>nuisse</strong></span> <span class='ocrx_word' id='word_1_136' title='bbox 451 2346 595 2418; x_wconf 90' lang='lat' dir='ltr'><strong>post</strong></span> <span class='ocrx_word' id='word_1_137' title='bbox 638 2335 1053 2413; x_wconf 87' lang='lat' dir='ltr'><strong>Pherecydem</strong></span> <span class='ocrx_word' id='word_1_138' title='bbox 1098 2335 1307 2416; x_wconf 86' lang='lat' dir='ltr'><strong>plures</strong></span> <span class='ocrx_word' id='word_1_139' title='bbox 1352 2337 1753 2415; x_wconf 85' lang='lat' dir='ltr'><strong>scripserunt;</strong></span> <span class='ocrx_word' id='word_1_140' title='bbox 1797 2333 1996 2411; x_wconf 89' lang='lat' dir='ltr'><strong>Lyco-</strong></span> 
     </span>
     <span class='ocr_line' id='line_1_23' title="bbox 197 2433 1993 2519; baseline 0 -21"><span class='ocrx_word' id='word_1_141' title='bbox 197 2439 356 2519; x_wconf 88' lang='lat' dir='ltr'><strong>phro</strong></span> <span class='ocrx_word' id='word_1_142' title='bbox 399 2456 460 2498; x_wconf 89' lang='lat' dir='ltr'><strong>v.</strong></span> <span class='ocrx_word' id='word_1_143' title='bbox 505 2438 604 2496; x_wconf 87' lang='lat'><strong>77.</strong></span> <span class='ocrx_word' id='word_1_144' title='bbox 652 2439 756 2517; x_wconf 90' lang='lat' dir='ltr'><strong>qui</strong></span> <span class='ocrx_word' id='word_1_145' title='bbox 802 2437 969 2496; x_wconf 89' lang='lat' dir='ltr'><strong>Saon</strong></span> <span class='ocrx_word' id='word_1_146' title='bbox 1013 2437 1149 2496; x_wconf 92' lang='lat' dir='ltr'><strong>sive</strong></span> <span class='ocrx_word' id='word_1_147' title='bbox 1194 2436 1451 2495; x_wconf 88' lang='lat' dir='ltr'><strong>Samum</strong></span> <span class='ocrx_word' id='word_1_148' title='bbox 1497 2438 1656 2498; x_wconf 82' lang='grc' dir='ltr'><strong><em>ἄστυ</em></strong></span> <span class='ocrx_word' id='word_1_149' title='bbox 1692 2433 1993 2517; x_wconf 64' lang='lat' dir='ltr'><strong>Kvpfi&#39;dv-</strong></span> 
     </span>
     <span class='ocr_line' id='line_1_24' title="bbox 207 2533 1993 2619; baseline 0 -20"><span class='ocrx_word' id='word_1_150' title='bbox 207 2564 329 2604; x_wconf 71' lang='grc' dir='ltr'><strong>των</strong></span> <span class='ocrx_word' id='word_1_151' title='bbox 374 2546 591 2610; x_wconf 91' lang='lat' dir='ltr'><strong>vocat,</strong></span> <span class='ocrx_word' id='word_1_152' title='bbox 655 2537 999 2614; x_wconf 89' lang='lat' dir='ltr'><strong>Dionysius</strong></span> <span class='ocrx_word' id='word_1_153' title='bbox 1045 2535 1273 2613; x_wconf 84' lang='lat' dir='ltr'><strong>Perieg.</strong></span> <span class='ocrx_word' id='word_1_154' title='bbox 1322 2533 1463 2595; x_wconf 86' lang='lat'><strong>524.</strong></span> <span class='ocrx_word' id='word_1_155' title='bbox 1510 2536 1615 2615; x_wconf 87' lang='lat' dir='ltr'><strong>qui</strong></span> <span class='ocrx_word' id='word_1_156' title='bbox 1658 2533 1993 2619; x_wconf 82' lang='grc' dir='ltr'><strong><em>Κορυβάν-</em></strong></span> 
     </span>
     <span class='ocr_line' id='line_1_25' title="bbox 199 2634 1996 2731; baseline -0.005 -27"><span class='ocrx_word' id='word_1_157' title='bbox 199 2666 337 2704; x_wconf 84' lang='grc' dir='ltr'><strong><em>τιον</em></strong></span> <span class='ocrx_word' id='word_1_158' title='bbox 407 2642 598 2731; x_wconf 60' lang='grc' dir='ltr'><strong><em>ἄστη,</em></strong></span> <span class='ocrx_word' id='word_1_159' title='bbox 653 2656 860 2697; x_wconf 85' lang='lat' dir='ltr'><strong>rerum</strong></span> <span class='ocrx_word' id='word_1_160' title='bbox 917 2634 1296 2696; x_wconf 86' lang='lat' dir='ltr'><strong>Creticarum</strong></span> <span class='ocrx_word' id='word_1_161' title='bbox 1357 2637 1686 2716; x_wconf 86' lang='lat' dir='ltr'><strong>scriptores</strong></span> <span class='ocrx_word' id='word_1_162' title='bbox 1705 2637 1780 2717; x_wconf 52' lang='grc' dir='ltr'><strong>[θ]</strong></span> <span class='ocrx_word' id='word_1_163' title='bbox 1840 2653 1996 2716; x_wconf 88' lang='lat' dir='ltr'><strong>quos</strong></span> 
     </span>
     <span class='ocr_line' id='line_1_26' title="bbox 195 2734 1992 2820; baseline -0.002 -18"><span class='ocrx_word' id='word_1_164' title='bbox 195 2739 429 2802; x_wconf 82' lang='lat' dir='ltr'><strong>Strabo</strong></span> <span class='ocrx_word' id='word_1_165' title='bbox 474 2737 764 2820; x_wconf 85' lang='lat' dir='ltr'><strong>producit</strong></span> <span class='ocrx_word' id='word_1_166' title='bbox 807 2737 885 2798; x_wconf 92' lang='lat' dir='ltr'><strong>X.</strong></span> <span class='ocrx_word' id='word_1_167' title='bbox 920 2737 1062 2798; x_wconf 82' lang='lat'><strong>204.</strong></span> <span class='ocrx_word' id='word_1_168' title='bbox 1110 2739 1197 2799; x_wconf 72' lang='grc' dir='ltr'><strong>ἔτι</strong></span> <span class='ocrx_word' id='word_1_169' title='bbox 1241 2737 1309 2799; x_wconf 72' lang='grc' dir='ltr'><strong>δὲ</strong></span> <span class='ocrx_word' id='word_1_170' title='bbox 1355 2734 1603 2817; x_wconf 78' lang='grc' dir='ltr'><strong><em>Κρόνου</em></strong></span> <span class='ocrx_word' id='word_1_171' title='bbox 1648 2734 1809 2806; x_wconf 77' lang='grc' dir='ltr'><strong><em>τινὲς</em></strong></span> <span class='ocrx_word' id='word_1_172' title='bbox 1848 2736 1992 2805; x_wconf 73' lang='grc' dir='ltr'><strong><em>τοὺς</em></strong></span> 
     </span>
     <span class='ocr_line' id='line_1_27' title="bbox 204 2834 1993 2926; baseline -0.004 -20"><span class='ocrx_word' id='word_1_173' title='bbox 204 2840 655 2926; x_wconf 78' lang='grc' dir='ltr'><strong><em>Κορύβαντας,</em></strong></span> <span class='ocrx_word' id='word_1_174' title='bbox 725 2840 900 2902; x_wconf 83' lang='grc' dir='ltr'><strong><em>ἄλλοι</em></strong></span> <span class='ocrx_word' id='word_1_175' title='bbox 968 2837 1035 2901; x_wconf 73' lang='grc' dir='ltr'><strong>δὲ</strong></span> <span class='ocrx_word' id='word_1_176' title='bbox 1104 2846 1217 2900; x_wconf 84' lang='grc' dir='ltr'><strong>τοῦ</strong></span> <span class='ocrx_word' id='word_1_177' title='bbox 1275 2838 1422 2908; x_wconf 84' lang='grc' dir='ltr'><strong><em>Διὸς</em></strong></span> <span class='ocrx_word' id='word_1_178' title='bbox 1487 2838 1592 2900; x_wconf 84' lang='grc' dir='ltr'><strong>καὶ</strong></span> <span class='ocrx_word' id='word_1_179' title='bbox 1646 2834 1993 2915; x_wconf 80' lang='grc' dir='ltr'><strong><em>Καλλιόπης</em></strong></span> 
     </span>
     <span class='ocr_line' id='line_1_28' title="bbox 204 2939 1993 3026; baseline -0.004 -20"><span class='ocrx_word' id='word_1_180' title='bbox 204 2965 362 3026; x_wconf 79' lang='grc' dir='ltr'><strong><em>φασι</em></strong></span> <span class='ocrx_word' id='word_1_181' title='bbox 417 2941 564 3011; x_wconf 74' lang='grc' dir='ltr'><strong><em>τοὺς</em></strong></span> <span class='ocrx_word' id='word_1_182' title='bbox 610 2940 838 3010; x_wconf 75' lang='grc' dir='ltr'><strong><em>αὐτοὺς</em></strong></span> <span class='ocrx_word' id='word_1_183' title='bbox 880 2946 1008 3010; x_wconf 81' lang='grc' dir='ltr'><strong><em>τοῖς</em></strong></span> <span class='ocrx_word' id='word_1_184' title='bbox 1052 2939 1382 3022; x_wconf 74' lang='grc' dir='ltr'><strong><em>Καβείροις</em></strong></span> <span class='ocrx_word' id='word_1_185' title='bbox 1427 2941 1651 3011; x_wconf 81' lang='grc' dir='ltr'><strong><em>ὄντας,</em></strong></span> <span class='ocrx_word' id='word_1_186' title='bbox 1697 2939 1993 3000; x_wconf 74' lang='grc' dir='ltr'><strong>ἀπελθεῖν</strong></span> 
     </span>
     <span class='ocr_line' id='line_1_29' title="bbox 202 3036 1994 3123; baseline -0.007 -15"><span class='ocrx_word' id='word_1_187' title='bbox 202 3043 274 3108; x_wconf 73' lang='grc' dir='ltr'><strong>δὲ</strong></span> <span class='ocrx_word' id='word_1_188' title='bbox 317 3041 576 3112; x_wconf 82' lang='grc' dir='ltr'><strong><em>τούτους</em></strong></span> <span class='ocrx_word' id='word_1_189' title='bbox 637 3047 721 3111; x_wconf 77' lang='grc' dir='ltr'><strong>εἰς</strong></span> <span class='ocrx_word' id='word_1_190' title='bbox 767 3038 1238 3123; x_wconf 77' lang='grc' dir='ltr'><strong><em>Σαμοθρᾴκην·</em></strong></span> <span class='ocrx_word' id='word_1_191' title='bbox 1297 3056 1418 3119; x_wconf 87' lang='lat' dir='ltr'><strong>quo</strong></span> <span class='ocrx_word' id='word_1_192' title='bbox 1463 3039 1600 3098; x_wconf 88' lang='lat' dir='ltr'><strong>loco</strong></span> <span class='ocrx_word' id='word_1_193' title='bbox 1646 3047 1708 3098; x_wconf 88' lang='lat' dir='ltr'><strong>et</strong></span> <span class='ocrx_word' id='word_1_194' title='bbox 1750 3036 1816 3097; x_wconf 89' lang='lat' dir='ltr'><strong>in</strong></span> <span class='ocrx_word' id='word_1_195' title='bbox 1860 3046 1994 3097; x_wconf 81' lang='lat' dir='ltr'><strong>tota</strong></span> 
     </span>
    </p>

    <p class='ocr_par' dir='ltr' id='par_1_3' title="bbox 323 3206 1993 3300">
     <span class='ocr_line' id='line_1_30' title="bbox 323 3206 1993 3300; baseline -0.004 -16"><span class='ocrx_word' id='word_1_196' title='bbox 323 3243 395 3298; x_wconf 64' lang='grc' dir='ltr'><strong>[θ’]</strong></span> <span class='ocrx_word' id='word_1_197' title='bbox 443 3241 607 3286; x_wconf 84' lang='lat' dir='ltr'><strong>Horum</strong></span> <span class='ocrx_word' id='word_1_198' title='bbox 639 3245 795 3286; x_wconf 83' lang='lat' dir='ltr'><strong>mentio</strong></span> <span class='ocrx_word' id='word_1_199' title='bbox 828 3241 1020 3300; x_wconf 85' lang='lat' dir='ltr'><strong>proxime</strong></span> <span class='ocrx_word' id='word_1_200' title='bbox 1053 3240 1268 3282; x_wconf 84' lang='lat' dir='ltr'><strong>antecedit</strong></span> <span class='ocrx_word' id='word_1_201' title='bbox 1309 3254 1349 3295; x_wconf 91' lang='lat' dir='ltr'><strong>p.</strong></span> <span class='ocrx_word' id='word_1_202' title='bbox 1391 3238 1491 3280; x_wconf 75' lang='lat'><strong>202.</strong></span> <span class='ocrx_word' id='word_1_203' title='bbox 1534 3238 1582 3281; x_wconf 75' lang='grc' dir='ltr'><strong>ἓν</strong></span> <span class='ocrx_word' id='word_1_204' title='bbox 1624 3241 1715 3286; x_wconf 85' lang='grc' dir='ltr'><strong><em>τοῖς</em></strong></span> <span class='ocrx_word' id='word_1_205' title='bbox 1755 3206 1993 3294; x_wconf 13' lang='grc' dir='ltr'><strong><em>Κρητικοχῗς</em></strong></span> 
     </span>
    </p>
   </div>
   <div class='ocr_carea' id='block_1_3' title="bbox 209 3294 1989 3417">
    <p class='ocr_par' dir='ltr' id='par_1_4' title="bbox 209 3294 1989 3417">
     <span class='ocr_line' id='line_1_31' title="bbox 211 3294 1989 3358; baseline -0.006 -13"><span class='ocrx_word' id='word_1_206' title='bbox 211 3298 364 3358; x_wconf 74' lang='grc' dir='ltr'><strong><em>λόγοις</em></strong></span> <span class='ocrx_word' id='word_1_207' title='bbox 392 3302 475 3343; x_wconf 84' lang='lat' dir='ltr'><strong>etc.</strong></span> <span class='ocrx_word' id='word_1_208' title='bbox 506 3307 551 3344; x_wconf 89' lang='lat' dir='ltr'><strong>et</strong></span> <span class='ocrx_word' id='word_1_209' title='bbox 580 3303 757 3345; x_wconf 86' lang='lat' dir='ltr'><strong>verbum</strong></span> <span class='ocrx_word' id='word_1_210' title='bbox 788 3301 1008 3346; x_wconf 77' lang='grc' dir='ltr'><strong><em>ἀπελθεῖν</em></strong></span> <span class='ocrx_word' id='word_1_211' title='bbox 1037 3299 1239 3342; x_wconf 87' lang='lat' dir='ltr'><strong>indicium</strong></span> <span class='ocrx_word' id='word_1_212' title='bbox 1267 3298 1449 3355; x_wconf 83' lang='lat' dir='ltr'><strong>praebet</strong></span> <span class='ocrx_word' id='word_1_213' title='bbox 1487 3297 1592 3339; x_wconf 82' lang='lat' dir='ltr'><strong>certi</strong></span> <span class='ocrx_word' id='word_1_214' title='bbox 1634 3295 1852 3352; x_wconf 71' lang='lat' dir='ltr'><strong>enjusdam</strong></span> <span class='ocrx_word' id='word_1_215' title='bbox 1895 3294 1989 3341; x_wconf 82' lang='lat' dir='ltr'><strong>loci,</strong></span> 
     </span>
     <span class='ocr_line' id='line_1_32' title="bbox 209 3358 1322 3417; baseline -0.004 -14"><span class='ocrx_word' id='word_1_216' title='bbox 209 3361 320 3403; x_wconf 87' lang='lat' dir='ltr'><strong>unde</strong></span> <span class='ocrx_word' id='word_1_217' title='bbox 365 3359 573 3413; x_wconf 82' lang='lat' dir='ltr'><strong>abierint,</strong></span> <span class='ocrx_word' id='word_1_218' title='bbox 618 3375 699 3417; x_wconf 88' lang='lat' dir='ltr'><strong>quo</strong></span> <span class='ocrx_word' id='word_1_219' title='bbox 735 3362 908 3404; x_wconf 81' lang='lat' dir='ltr'><strong>Cretam</strong></span> <span class='ocrx_word' id='word_1_220' title='bbox 940 3358 1175 3415; x_wconf 78' lang='lat' dir='ltr'><strong>significari</strong></span> <span class='ocrx_word' id='word_1_221' title='bbox 1207 3364 1322 3415; x_wconf 86' lang='lat' dir='ltr'><strong>puto.</strong></span> 
     </span>
    </p>
   </div>
  </div>
 </body>
</html>
