2150 3814
239 209 402 272 1148
792 225 1028 269 LIBER
1086 194 1448 270 TER'rms

229 372 377 427 num
420 353 669 436 quidem
715 355 945 416 clarum
990 365 1083 415 est
1126 353 1204 413 de
1241 355 1524 433 Dactylis
1569 356 1670 418 vel
1701 354 2013 435 Coryban-

228 455 393 516 tibus
447 455 648 535 loqui,
710 473 972 534 quorum
1029 455 1285 515 nomina
1340 455 1510 535 apud
1566 456 1751 534 hujus
1794 461 2013 522 aetatis

228 558 559 636 scriptores
614 553 948 615 indiscreta
1002 564 1161 614 sunt.
1258 553 1353 634 Ac
1391 556 1660 617 similem
1706 556 2015 638 quandam

227 655 500 714 fabulam
546 653 723 714 affert
766 655 966 715 Schol.
1009 653 1165 713 Plat.
1209 672 1271 734 p.
1307 651 1405 714 51.
1461 657 1701 718 Ruhnk.
1746 662 1833 740 (p.
1869 658 2015 718 377.

227 754 448 835 Bekk.)
517 755 665 826 τοὺς
718 752 1135 838 Κορύβαντας
1187 779 1349 825 τινες
1400 757 1548 826 τοὺς
1604 758 1834 828 αὐτοὺς
1888 763 2019 828 τοῖς

229 853 548 939 Κούρησιν
604 854 766 919 εἶναί
821 875 1017 937 φασιν
1072 854 1179 917 καὶ
1220 862 1328 934 τῆς
1360 855 1531 925 Ῥέας
1573 857 1849 926 ὀπαδοὺς
1893 858 2016 920 ἀπὸ

224 963 355 1020 τῶν
396 962 511 1018 τοῦ
556 955 704 1026 Διὸς
745 952 1042 1036 δακρύων
1083 956 1547 1041 γεγενημένους,
1591 950 1685 1020 ὧν
1730 951 2014 1038 ἀριθμὸν

227 1058 287 1119 οἱ
326 1053 446 1138 μὲν
489 1057 666 1119 ἐννέα
710 1058 769 1119 οἱ
811 1054 880 1118 δὲ
925 1054 1074 1117 δέκα
1118 1055 1379 1140 λέγουσι.
1426 1074 1582 1136 quae
1626 1054 1842 1116 eadem
1882 1074 2019 1116 nar-

224 1165 366 1217 rant
409 1155 611 1216 Schol.
655 1153 738 1215 ad
780 1154 967 1215 Arist.
1011 1154 1157 1231 LyS.
1202 1153 1344 1215 558.
1400 1167 1462 1216 et
1506 1155 1678 1216 Suid.
1722 1175 1770 1216 s.
1812 1154 2022 1240 Κορύ-

223 1261 453 1342 βαντες
495 1255 606 1317 sed
651 1255 897 1315 omissis
939 1254 1230 1332 lacrymis
1275 1264 1338 1314 et
1380 1275 1497 1335 pro
1533 1256 1762 1320 ὀπαδοί
1793 1255 2019 1317 substi-

225 1365 467 1416 tuentes
524 1356 758 1424 παῖδες.
829 1353 955 1413 Sed
1009 1355 1162 1414 haec
1206 1355 1491 1415 breviter.
1560 1355 1765 1417 Unum
1808 1376 2019 1438 super-

225 1465 347 1530 est,
419 1454 586 1536 quod
639 1454 917 1532 longiore
972 1471 1255 1514 sermone
1315 1454 1604 1533 indigeat.
1676 1456 1899 1516 Strabo
1955 1477 2017 1537 p.

225 1557 369 1619 202.
423 1556 614 1616 refert
669 1552 974 1635 quosdam
1032 1555 1307 1634 opinari,
1368 1554 1691 1615 Telchines
1747 1574 1856 1616 eos
1912 1558 2020 1637 qui

225 1676 364 1719 cum
389 1656 562 1718 Rhea
595 1652 844 1716 Cretam
887 1655 1222 1728 venissent,
1269 1639 1523 1715 Curetes
1569 1673 1703 1716 esse
1740 1665 2019 1730 vocatoS,

222 1756 605 1841 Κορύβαντα
627 1752 696 1839 [¹]
765 1755 835 1819 δὲ
891 1752 1135 1819 τούτων
1193 1758 1442 1840 ἑταῖρον
1469 1752 1564 1837 [ff]
1627 1755 2020 1842 Ἱεραπύτνης

221 1862 380 1929 ὄντα
421 1858 678 1937 κτίστην
719 1856 890 1939 παρὰ
934 1862 1063 1925 τοῖς
1098 1855 1357 1926 Ῥοδίοις
1390 1864 1736 1939 παρασχεῖν
1767 1855 2019 1942 πρόφα-

217 1982 325 2025 σιν
384 1965 514 2029 τοῖς
558 1957 890 2040 Πραισίοις
946 1957 1102 2019 ὥστε
1146 1956 1342 2042 λέγειν
1386 1957 1469 2027 ὥς
1514 1957 1635 2021 εἶεν
1677 1957 2011 2042 Κορύβαν-

220 2087 320 2132 τες
363 2059 657 2143 δαίμονές
698 2083 860 2126 τινες
894 2058 1167 2136 Ἀθηνᾶς
1209 2056 1315 2118 καὶ
1350 2056 1560 2120 Ἡλίου
1604 2058 1837 2130 παῖδες.
1889 2059 2016 2119 Pri-

222 2178 396 2221 mum
462 2158 657 2221 verba
724 2156 897 2238 παρὰ
964 2162 1094 2226 τοῖς
1139 2155 1398 2226 Ῥοδίοις
1453 2194 1537 2201 ——-
1595 2157 1741 2228 ὥςτε
1803 2160 2018 2244 λέγειν,

221 2263 356 2322 sine
381 2259 570 2321 dubio
598 2260 717 2319 hoc
739 2257 1108 2336 significant:
1152 2256 1624 2338 praebuisse
1669 2257 2018 2318 Praesio-

219 2381 384 2422 rum
440 2361 732 2439 legatis
801 2356 1300 2418 adsRhodios
1357 2359 1619 2418 missis
1678 2359 2018 2419 occasio-

220 2481 384 2521 nem
455 2469 538 2521 ut
604 2459 973 2518 dicerent.
1085 2456 1291 2530 Quum
1352 2476 1504 2519 vero
1562 2466 1802 2516 constet
1855 2459 2018 2518 inter

219 2562 504 2623 Praesios
575 2568 637 2618 et
702 2558 1154 2637 Hierapytnios
1210 2575 1397 2634 grave
1454 2565 1516 2614 et
1569 2557 2014 2618 interneciuum

218 2662 455 2723 bellum
498 2667 738 2739 gestum
783 2677 948 2731 esse,
1009 2667 1330 2737 promtum
1377 2667 1471 2716 est
1511 2657 1884 2736 intelligere,
1940 2660 2014 2719 il-

218 2764 314 2823 los
357 2746 729 2840 legationem
786 2760 1031 2818 misisse
1086 2757 1167 2818 ad
1222 2756 1609 2818 Rhodiorum
1671 2776 2014 2833 commune,

218 2864 323 2926 vel
367 2861 598 2923 auxilio
642 2858 913 2940 petendo
968 2858 1071 2919 vel
1112 2877 1191 2917 ne
1233 2858 1512 2918 hostibus
1557 2860 1685 2918 suis
1728 2860 2015 2921 auxiliari

218 2964 483 3037 vellent,
527 2961 633 3023 vel
673 2956 744 3021 'ut
790 2958 1183 3021 conciliarent
1225 2958 1540 3020 bellantes.
1583 2957 1798 3039 Neque
1838 2961 2012 3038 igno-

213 3071 353 3139 tum
396 3072 639 3129 veteres
685 3071 959 3122 oratores
1001 3061 1069 3119 in
1113 3059 1421 3138 ejusmodi
1466 3060 1663 3119 causis
1699 3059 1852 3119 nihil
1880 3078 2011 3120 am-

219 3161 507 3224 bitiosius
542 3163 811 3241 jactasse
855 3180 1043 3243 quam
1079 3163 1184 3240 jus
1229 3160 1609 3240 cognationis
1644 3169 1707 3218 et
1734 3179 2008 3222 commu-

344 3328 416 3388 [f]
463 3328 706 3391 Κύρβαντα
737 3331 875 3375 Codd.
905 3332 1062 3388 plures.

314 3389 403 3447 ’[ῙῘ]
438 3388 623 3450 Ἕτερον
658 3391 897 3436 emendant.
