2150 3814
719 202 1279 248 SAMo'rHRAclA.
1640 202 1642 204 ’
1727 196 1891 258 1323

117 351 329 403 auctor
385 349 583 415 extat,
638 339 819 414 hujus
877 337 1111 408 nullus,
1168 333 1503 395 secundum
1555 337 1724 417 quod
1780 338 1897 399 Co-

119 444 239 502 bali
297 459 605 521 nunquam
653 435 999 497 Crotalistis
1057 445 1163 494 ant
1209 431 1607 513 Cymbalistis
1650 456 1896 518 compo-

116 553 344 602 nuntur
415 540 524 600 sed
589 539 953 617 saepissime
1017 538 1270 609 scurriS‚
1328 547 1585 617 quorum
1643 539 1901 599 minima

116 663 250 701 cum
286 641 532 700 musicis
561 640 873 717 cognatim
918 631 1188 710 tertium,
1233 636 1399 716 quod
1422 636 1680 721 κόβαλοι
1711 641 1898 698 etiam

113 744 379 800 latrones
424 740 575 799 dicti
619 748 779 811 sunt,
826 739 930 816 qui
975 754 1013 795 a
1045 737 1508 816 percussoribus
1551 740 1662 799 vix
1703 739 1900 799 latum

112 860 373 918 unguem
435 840 679 899 distant.
749 838 949 897 Schol.
1006 836 1194 896 Arist.
1251 838 1403 918 qu.
1450 839 1593 897 271.
1637 837 1897 922 κόβαλοι

115 943 172 1002 οἱ
216 940 456 1021 λῃσταί·
503 941 650 1009 τοὺς
695 939 924 1008 αὐτοὺς
964 938 1069 999 καὶ
1111 935 1586 1021 κορυνηφόρους
1619 947 1898 1014 καλοῦσι,
1971 1011 1973 1015 ,

113 1049 175 1098 et
216 1041 357 1099 hinc
401 1051 604 1099 ortum
651 1038 907 1100 verbum
953 1035 1386 1118 κουβαλεύειν,
1431 1037 1598 1116 quod
1642 1046 1706 1095 et
1749 1041 1901 1098 olim

111 1159 209 1200 res
277 1141 545 1200 multum
615 1138 944 1197 dissimiles
1007 1136 1253 1194 notavit
1315 1136 1388 1197 τὸ
1460 1133 1774 1215 λῃστεύειν
1839 1148 1901 1197 et

113 1241 184 1302 τὸ
253 1232 620 1322 μετὰφέρειν
695 1239 936 1317 μισθοῦ
1010 1231 1341 1315 τάλλότρια
1408 1233 1616 1312 Etym.
1684 1236 1768 1296 M.
1840 1248 1902 1297 et

112 1338 299 1397 hodic
358 1336 620 1396 eundem
690 1335 1075 1394 intellectum
1126 1333 1328 1393 habet.
1386 1355 1446 1397 v.
1508 1333 1691 1414 Cang-
1747 1356 1795 1396 s,
1839 1328 1900 1399 ἦν.

113 1448 175 1497 et
230 1436 434 1515 Coray
491 1436 571 1496 ad
626 1436 808 1495 Isocr.
865 1455 926 1514 p.
986 1435 1086 1494 62.
1189 1432 1353 1506 Quid
1412 1454 1593 1508 veru,
1650 1438 1702 1495 si
1744 1438 1902 1498 illud

113 1558 339 1598 nomen
407 1536 706 1620 κόβαλος,
778 1533 946 1614 quod
1015 1547 1437 1613 percussorem
1510 1545 1572 1594 et
1625 1535 1902 1616 bajulum

115 1639 452 1716 significare
497 1636 739 1708 dicitur,
784 1649 1036 1714 prorsus
1085 1634 1398 1695 diversum
1447 1645 1542 1695 est
1585 1636 1660 1695 ab
1707 1639 1901 1698 altero

115 1750 187 1798 ut
254 1741 319 1798 in
391 1736 675 1797 omnibus
743 1735 966 1813 linguis
1022 1745 1166 1793 sunt
1230 1731 1425 1794 multa
1480 1736 1904 1815 homonyma&

115 1838 263 1919 quid
320 1841 374 1897 si
430 1857 467 1897 a
518 1836 823 1916 principio
858 1835 1072 1917 specie
1117 1853 1358 1913 quoque
1403 1835 1702 1897 dissimile
1745 1839 1904 1898 fuit?

118 1938 343 1999 Suidas
387 1937 662 2020 Κίβαλος
704 1935 737 1997 ὅ
785 1932 1026 2023 λῃστής,
1073 1934 1178 2013 qui
1224 1945 1285 1993 et
1327 1935 1608 2016 κιξάλλης
1653 1938 1903 2014 dicitur3

118 2039 466 2116 Hesychius
524 2035 799 2118 Κίβαλος
865 2035 897 2097 ὃ
946 2033 1278 2108 διάκονος,
1343 2045 1430 2111 et,
1500 2038 1667 2116 quod
1711 2040 1905 2119 -longe

117 2139 412 2197 aliorsum
469 2136 698 2214 vergit,
752 2134 994 2218 Κίβὸης
1050 2144 1410 2220 κακοῦργος.
1505 2138 1618 2197 Illa
1672 2138 1907 2199 Suidae

115 2239 541 2316 interpretatio
588 2256 625 2296 a
669 2234 870 2294 Schol.
914 2234 1102 2294 Arist.
1148 2235 1474 2295 adhibetur
1516 2241 1754 2298 nomini
1797 2238 1906 2304 κό-

115 2342 330 2419 βαλος,
375 2347 436 2396 et
479 2335 646 2417 quod
690 2336 767 2395 ab
803 2336 1117 2412 Hesychio
1162 2337 1481 2415 subjicitur
1525 2339 1558 2401 ὃ
1591 2338 1903 2415 διάκονος,

117 2439 406 2498 convenit
457 2438 522 2495 in
577 2437 838 2514 gerulos.
940 2435 1175 2496 Comici
1218 2448 1423 2497 autem
1467 2440 1770 2520 interpres
1813 2443 1906 2501 ita

119 2539 400 2617 ambigue
466 2537 736 2617 loquitur
804 2546 872 2596 ut
937 2531 1197 2597 nescias*
1250 2538 1454 2598 utrum
1527 2536 1760 2599 Cobali
1822 2558 1903 2600 an

116 2638 460 2719 praedones
502 2636 920 2722 κορυνηφόροι
963 2640 1168 2699 vocati
1212 2639 1361 2713 sint3
1417 2658 1560 2699 nam
1617 2643 1906 2702 convenit

119 2741 423 2820 utrisque,
478 2737 893 2819 praedonibus
949 2758 1025 2798 ex
1066 2758 1135 2798 re
1177 2740 1349 2818 ipsa,
1396 2737 1643 2800 Co-balis
1689 2753 1901 2821 quate-

119 2857 234 2898 nus
285 2841 705 2899 ministrorum
763 2849 824 2897 et
865 2840 1211 2916 gerulorum
1256 2859 1508 2900 munere
1551 2841 1903 2919 funguntur,

123 2941 519 3000 castrensium
563 2941 945 3021 praesertim.
1029 2939 1281 2999 Festus:
1329 2938 1659 3001 Calones
1703 2943 1901 3001 mili-

124 3047 278 3098 tum
320 3043 527 3103 servi
568 3040 766 3100 dicti
811 3041 989 3120 quia
1033 3041 1297 3100 clavas
1342 3042 1732 3120 gerebant,
1778 3062 1898 3123 quo

122 3138 287 3199 haud
331 3138 515 3199 dubie
557 3160 732 3201 arma
775 3141 1185 3218 significantur
1229 3141 1544 3215 velitaria‚
1591 3142 1753 3202 unde
1795 3168 1899 3206 κο-

127 3237 472 3323 ρυνηφόροι
515 3239 661 3302 dicti
687 3250 830 3302 sunt
874 3240 1305 3317 Sicyoniorum
1352 3245 1514 3304 servi
1562 3253 1670 3303 aut
1716 3243 1898 3304 clien-
