2150 3814
222 241 386 303 1028
764 251 1001 299 121131311
1045 256 1476 302 SECUNDUS.

220 398 476 472 propter
522 386 693 447 ducis
737 385 932 465 ipsius
975 386 1287 463 ingenium
1330 386 1526 444 multo
1566 386 1700 446 veri
1742 384 2003 446 similius

222 489 499 560 videtur,
555 487 764 545 licebit
805 483 987 543 nobis
1041 483 1208 543 idem
1265 484 1538 557 credere,
1596 483 1763 564 quod
1818 483 2004 542 Athe-

224 591 528 651 niensium
570 582 738 646 haud
782 601 1013 664 paucos
1058 580 1390 643 credidisse
1425 593 1679 644 constat.
1746 585 1846 644 De
1890 581 2008 643 Co·

224 691 526 749 micorum
571 684 692 744 fide
735 686 801 743 in
843 686 1200 747 universum
1256 682 1426 742 valet
1481 684 1709 759 adhuc,
1768 685 2010 766 opinor,

229 788 393 869 quod
438 786 547 846 diu
590 781 790 845 valuit

370 903 573 966 Eupolis
611 907 755 962 atque
793 895 1017 945 Cratinus
1053 895 1491 962 Aristophanesque
1528 908 1725 962 poetae,

372 992 413 1036 si
449 990 556 1051 quis
593 993 696 1032 erat
733 983 910 1049 dignus
949 982 1183 1043 describi,
1222 984 1350 1046 quod
1385 987 1538 1033 malus
1576 995 1660 1034 aut
1694 986 1797 1045 fur,

373 1075 498 1139 quod
533 1052 761 1118 moechus
797 1070 925 1118 foret
963 1077 1046 1117 aut
1082 1070 1284 1116 sicarius
1322 1079 1405 1118 aut
1440 1052 1622 1136 alioqui

370 1160 599 1216 famosus,
635 1158 787 1204 multa
824 1170 931 1202 cum
967 1156 1191 1202 libertate
1228 1156 1478 1216 notabant,

231 1289 356 1332 non
408 1272 563 1348 fictis
620 1264 915 1329 ludebant
969 1266 1227 1341 fabulis,
1296 1287 1422 1328 non
1475 1288 1668 1344 vana,
1734 1269 2016 1330 inaudita

233 1383 294 1431 et
346 1388 462 1451 pro
532 1368 916 1429 incredibilia
986 1365 1066 1426 ad
1130 1370 1435 1449 populum
1506 1370 1839 1430 afferebant
1909 1373 2019 1431 cri-

231 1473 419 1532 mina.
520 1469 751 1529 Verum
806 1477 1048 1541 tamen,
1107 1469 1163 1527 si
1217 1469 1478 1549 Eupolis
1535 1470 1854 1531 Socratem
1911 1481 2021 1532 aut
2115 1469 2118 1471 ’

232 1571 525 1632 Periclem
569 1580 678 1632 aut
721 1570 915 1629 alium
961 1570 1314 1648 quempiam
1352 1573 1629 1631 virorum
1668 1572 2021 1646 illustrium,

222 1691 495 1753 quorum
547 1673 682 1732 vita
737 1669 916 1730 nobis
972 1677 1266 1748 tanquam
1320 1671 1488 1750 picta
1542 1671 1773 1732 tabella
1829 1681 2022 1755 patet,

228 1772 415 1851 ‚hujus
459 1772 675 1852 probri
727 1769 1175 1843 insimulasset,
1232 1789 1358 1829 non
1416 1773 1644 1832 crimen
1698 1773 1856 1834 illud
1910 1771 2022 1834 sed

232 1873 567 1954 petulantis
619 1872 806 1948 jurgii
875 1871 1220 1932 convicium
1276 1870 1607 1933 videretur.
1703 1875 1803 1934 De
1857 1874 2024 1935 Alci-

234 1972 421 2032 biade
478 1981 686 2032 autem
750 1972 999 2050 ejusque
1055 1974 1373 2053 ἒρασταῒς,
1434 1992 1620 2053 quum
1661 1975 1816 2033 nihil
1860 1976 2021 2052 ejus-

227 2071 411 2133 modi
452 2070 773 2152 proditum
819 2073 902 2129 sit
946 2070 1114 2150 quod
1169 2071 1531 2152 dissipatam
1591 2073 1668 2132 ab
1713 2073 2023 2155 Eupolide

235 2173 468 2232 famam
515 2173 861 2249 extinguat,
916 2170 1122 2229 multa
1164 2190 1320 2251 quae
1363 2175 1749 2247 confirment,
1793 2183 2023 2248 manet,

241 2294 396 2355 quae
426 2273 621 2334 semel
647 2271 944 2352 adspersa
974 2281 1069 2332 est
1102 2281 1165 2332 et
1191 2276 1366 2353 quasi
1394 2275 1770 2337 inveteravit
1799 2276 2024 2354 ineJus

238 2377 491 2435 nomine
544 2373 803 2434 macula.
893 2372 961 2432 Si
1007 2374 1148 2453 quis
1193 2384 1400 2434 autem
1445 2375 1564 2434 huc
1607 2374 1901 2450 declinet,
1957 2384 2028 2434 ut

241 2477 471 2535 crimen
512 2476 719 2554 ipsum
761 2472 1011 2552 quidem
1054 2473 1240 2550 vulgo
1291 2475 1597 2551 jactatum
1641 2494 1774 2535 esse
1816 2493 2027 2535 conce-

245 2574 382 2646 dat,
437 2572 548 2640 sed
591 2571 748 2631 illud
791 2590 858 2630 se
907 2570 1190 2631 dubitare
1243 2576 1605 2653 profiteatur
1657 2593 1807 2635 num
1859 2575 2025 2636 Alci·
2117 2616 2119 2621 ,

230 2671 459 2751 ‘biades
503 2672 634 2732 dies
678 2673 870 2748 festos
916 2668 1205 2748 Cotyttus
1260 2677 1527 2753 turpiter
1580 2676 1844 2753 agitasse
1900 2696 2026 2735 cre-

248 2774 412 2833 ditus
467 2774 577 2847 sit,
632 2773 786 2832 mihi
839 2780 950 2839 aut
1004 2790 1391 2835 communem
1445 2793 1759 2846 sacrorum
1815 2775 2027 2836 dome-

249 2875 544 2934 sticorum
602 2882 664 2932 et
706 2872 1171 2953 pervigiliorum
1214 2873 1444 2935 famam
1484 2877 1766 2953 ignorare
1810 2885 1917 2936 aut
1957 2879 2025 2936 in

247 2994 315 3033 re
357 2974 611 3033 minime
652 2972 995 3033 incredibili
1035 2973 1416 3050 Pyrrhonem
1459 2994 1636 3053 agere
1695 2975 2024 3038 videbitur.

251 3071 424 3147 Quae
466 3092 655 3154 quum
697 3075 788 3133 ita
828 3074 980 3147 sint,
1037 3093 1221 3134 nemo
1266 3078 1332 3135 in
1383 3085 1699 3156 posterum
1750 3074 2024 3157 postula-

253 3174 375 3246 bit,
419 3182 516 3247 ut,
561 3192 715 3253 quae
760 3172 837 3233 de
882 3170 1171 3251 Cotyttiis
1216 3175 1372 3236 dixit
1412 3176 1703 3256 EupoliS,
1753 3187 2024 3258 praeter-

253 3292 465 3333 eamus
509 3282 797 3355 tanquam
839 3274 1070 3335 indicta
1114 3286 1176 3334 et
1230 3276 1535 3351 inaudita3
1597 3276 1708 3337 sed
1755 3277 1873 3338 hoc'
1913 3278 2020 3337 ali-

255 3376 391 3455 quis
443 3374 585 3453 jure
649 3392 760 3434 suo
826 3377 1128 3455 postulet,
1190 3388 1257 3438 ut
1314 3379 1806 3451 meminerimuS‚
1866 3379 2021 3437 hanc
