2150 3814
257 205 422 268 1254
812 221 1048 265 121ss}ss
1093 223 1465 268 'ruamus

247 351 362 415 τὸν
404 349 669 431 Κοίὸμον
712 348 1134 413 ὑποτίθεσθαι
1174 359 1264 432 τῷ
1307 353 1411 416 Διὶ
1452 361 1583 423 πῶς
1622 354 1712 418 ἄν
1749 375 2031 440 καταγω-

246 451 487 516 νίσαιτο
541 449 656 513 τὸν
717 456 1028 532 Τυφῶνα,
1086 451 1204 510 hoc
1260 462 1386 526 est,
1428 462 1500 513 ut
1545 452 1900 532 Welckerus
1942 457 2032 526 ir}

244 559 659 632 terpretatur,
740 552 890 609 wie
957 570 1036 609 er
1107 550 1231 609 die
1295 553 2035 618 wiederstrebende

243 648 792 728 Naturgewalt
836 648 967 710 der
1010 653 1307 728 ewigen
1353 651 1725 734 Ordnung
1780 666 2034 726 unter-

241 751 535 813 werfe.·
634 747 964 822 Quomodo
1043 748 1287 832 Jupiter
1371 755 1436 814 in
1503 753 1851 822 ordinando
1917 757 2035 818 hoc

236 850 474 912 mundo
533 847 754 910 Cadmi
810 850 928 911 hoc
971 859 1066 910 est
1108 852 1326 912 mundi
1367 853 1716 915 sublunaris
1761 856 2032 926 consiliis

237 954 332 1012 uti
374 953 679 1032 potuerit,
723 950 1008 1032 equidem
1051 971 1274 1033 parum
1314 954 1592 1032 intelligo.
1636 957 1837 1034 neque
1879 955 2032 1015 mihi

237 1053 367 1112 ulla
411 1070 546 1112 esse
589 1070 776 1112 causa
816 1051 1066 1114 videtur
1110 1073 1216 1114 cur
1245 1053 1616 1122 Pisandrum
1650 1055 1808 1122 hanc
1839 1055 2034 1120 ‚subli-

233 1171 401 1214 mem
465 1153 836 1213 sententiam
903 1157 1307 1232 proposuisse
1372 1154 1694 1222 credamus
1748 1158 2033 1234 nugatori

227 1254 571 1313 Platonico.
657 1250 886 1315 Jovem
928 1253 995 1312 in
1040 1251 1409 1314 debellando
1455 1255 1760 1336 Typhoeo
1806 1253 2030 1317 Cadmi

230 1353 556 1412 Phoenicis
611 1351 943 1432 prudentia
986 1351 1268 1430 adjutum
1314 1373 1449 1414 esse
1490 1354 1750 1415 Nonnus
1793 1357 1860 1415 in
1902 1358 2028 1436 pri-

228 1471 338 1512 mo
393 1452 916 1529 Dionysiacorum
971 1451 1132 1512 libro
1188 1463 1399 1514 narrat
1452 1454 1660 1516 verbis
1716 1455 2028 1535 amplissi-

227 1554 350 1613 mis
396 1561 459 1612 et
499 1553 885 1634 planissimis
904 1596 922 1626 ‚
966 1552 1080 1612 sed
1123 1552 1201 1612 de
1246 1556 1439 1614 cosmi
1485 1554 1876 1618 ordinatione
1919 1558 2028 1620 οὗ-

224 1653 298 1717 aa*
338 1651 499 1739 γρύ,
542 1663 615 1713 ut
656 1653 847 1732 ajunt.
891 1652 1122 1714 Verum
1165 1663 1237 1714 ut
1281 1653 1614 1715 concedam
1658 1655 2025 1717 Pisandrum

225 1754 344 1814 hoc
395 1757 486 1814 ita
546 1755 936 1834 exposuisse,
992 1754 1158 1815 unde
1202 1765 1442 1816 constat
1482 1755 1660 1817 illum
1704 1758 2025 1837 antiquum

227 1853 622 1915 Camiraeum
663 1854 734 1914 id
775 1854 1037 1914 fecisse?
1079 1855 1180 1914 De
1209 1852 1448 1916 Cadmo
1475 1855 1861 1917 Harmoniae
1893 1878 2026 1919 ma-

224 1957 348 2016 rito
419 1955 618 2015 multo
689 1953 1042 2014 credibilius
1105 1965 1198 2015 est
1250 1966 1506 2036 poetam
1559 1955 2023 2019 Larandensem

223 2058 292 2115 in
349 2055 743 2133 Theogamiis
799 2055 1063 2115 heroicis
1121 2058 1412 2116 cecinisse
1467 2075 1654 2134 quam
1709 2057 2022 2119 Rhodium

221 2158 291 2216 in
331 2154 656 2216 Heraclea.
740 2153 954 2235 Neque
999 2175 1034 2214 e
1075 2154 1285 2216 Nonni
1327 2155 1610 2217 versibus
1652 2155 1756 2216 IV.
1797 2158 1900 2218 89.
1945 2158 2023 2218 de

222 2257 534 2317 Mercurio
595 2255 761 2321 Οὐδὲ
821 2254 1029 2338 μάτην
1085 2256 1422 2340 Κάὸμηλος
1441 2252 1516 2337 [d]
1563 2256 1863 2320 ἀείδεται·
1911 2261 2020 2322 οὖ-

222 2358 447 2442 ρανίην
489 2358 614 2443 γὰρ
658 2357 913 2440 μορφὴν
955 2366 1191 2438 μοῦνος
1234 2361 1458 2441 ἄμειψε
1502 2359 1610 2422 καὶ
1646 2360 1819 2429 εἶςέτι
1842 2357 2017 2427 Κάδ-

222 2485 340 2541 μος
400 2456 641 2531 ἀκούει,
699 2458 978 2535 sequitur
1030 2456 1099 2515 id
1153 2458 1322 2537 quod
1375 2459 1710 2525 Muellerus
1752 2459 2020 2519 intendit

222 2558 510 2618 Orchom.
574 2577 638 2638 p.
692 2557 837 2617 461.
902 2556 1275 2617 Mercurium
1346 2559 1610 2619 eundem
1668 2579 1803 2620 esse
1859 2558 2016 2621 Cad-

219 2679 424 2734 mum3
476 2677 622 2719 nam
677 2658 790 2718 illa
844 2658 1101 2718 Veneris
1157 2668 1250 2719 est
1304 2662 1502 2719 oratio
1566 2659 1804 2722 ludicra
1858 2680 2014 2741 quae

222 2770 294 2820 ut
357 2760 771 2821 Harmoniam
851 2778 890 2819 a
956 2761 1188 2839 nuptiis
1262 2760 1692 2825 abhorrentem
1771 2759 2011 2830 Cadmo

220 2863 577 2922 conciliaret
609 2861 894 2922 Pisinoae
929 2860 1198 2921 formam
1234 2865 1493 2923 mentita
1529 2863 1810 2923 acumine
1843 2861 2010 2923 Non-

340 3088 401 3147 [d]
455 3091 691 3150 Καὸμῑλος
718 3091 878 3134 rectius
907 3090 1119 3133 Arcadius
1159 3105 1202 3146 p.
1236 3089 1306 3132 56.
1349 3095 1395 3132 et
1438 3090 1583 3132 Schol.
1625 3090 1734 3145 Lyc.
1775 3092 1820 3134 in
1859 3091 2005 3133 Bach-

220 3151 362 3194 manni
392 3150 556 3195 Anecd.
588 3165 629 3207 p.
659 3150 760 3194 210.
793 3163 1048 3207 quamquam
1077 3149 1202 3204 hujus
1225 3164 1396 3206 quoque
1425 3149 1738 3191 terminationis
1764 3150 2002 3206 exemplum

222 3209 381 3251 nullum
410 3209 626 3265 suppetit,
671 3223 767 3252 nam
798 3209 1048 3266 Sporgilus‚
1080 3207 1314 3263 Myrsilus,
1351 3208 1579 3249 Choerilus
1610 3207 1719 3249 alius
1750 3208 1861 3250 modi
1892 3214 2002 3251 sunt.

222 3269 446 3325 Κυρσίλος
474 3267 693 3310 Demosth.
725 3284 768 3325 p.
803 3269 905 3310 Cor.
937 3283 979 3324 p.
1011 3266 1111 3310 296.
1144 3267 1185 3309 9.
1226 3267 1376 3308 melius
1417 3267 1620 3308 scribitur
1660 3281 1784 3322 quam
1827 3263 1995 3323 Κύρσι-

223 3330 321 3382 λος,
365 3329 591 3375 Πενθίλος
629 3342 756 3382 quam
796 3328 1022 3374 Πενθῖλος
1061 3340 1102 3366 v.
1145 3326 1330 3367 Siebelis
1371 3325 1424 3368 ad
1467 3327 1595 3368 Paus.
1642 3326 1697 3367 T.
1738 3327 1770 3367 Ι.
1816 3326 1860 3368 P.
1901 3327 1997 3368 208.

222 3386 467 3430 Tzschuck.
500 3386 555 3429 ad
586 3385 733 3430 strab.
766 3387 841 3429 IX.
874 3401 914 3443 p.
947 3383 1044 3427 397.
1076 3384 1151 3426 XI.
1185 3384 1281 3427 591.
