2150 3814
771 204 1327 249 SAMOTHRACIA.
1780 193 1945 256 1165

163 337 412 415 vulgata
454 345 614 401 sunt.
700 332 948 406 Titiam,
993 351 1174 413 quem
1220 333 1587 414 Apollonius
1632 337 1708 397 iis
1751 338 1944 401 adnu-

160 448 391 509 merat,
450 433 830 497 Callistratus
886 434 952 491 in
1007 432 1167 493 libro
1225 433 1303 494 de
1345 434 1648 505 Heraclea
1689 436 1943 499 Pontica

160 538 407 597 heroem
450 535 781 612 indigetem
827 542 937 592 aut
961 530 1138 594 Jovis
1183 543 1290 593 aut
1313 534 1708 613 Mariandyni
1749 537 1946 598 filium

157 635 437 718 perhibet
480 653 580 715 ap.
625 632 827 695 Schol.
872 631 1080 714 Apoll.
1124 633 1170 693 I.
1219 634 1401 695 1126.
1446 637 1521 695 ΙΙ.
1547 636 1693 696 783.
1737 656 1776 697 a
1822 655 1942 718 quo

156 737 461 817 discrepat
505 733 706 795 Schol.
749 731 966 793 Aesch.
1011 733 1176 796 Pers,
1222 735 1365 796 933.
1410 737 1583 797 Eust.
1628 735 1708 796 ad
1750 737 1940 798 Dion.

151 837 297 896 787.
341 835 801 918 Καλλίστρατος
847 841 1077 898 Τιτυοῦ
1119 837 1258 918 (sic)
1313 837 1543 908 παῖδας
1585 837 1747 901 εἶναί
1788 861 1942 922 φησι

150 935 302 1010 δύο,
348 934 636 1020 Πριόλαν
676 935 784 998 καὶ
822 934 1318 1017 ,Μαριανδυνόις
1361 936 1478 999 τὸν
1521 936 1591 1000 δὲ
1636 946 1940 1020 Μαριαν-

150 1038 351 1101 δυνὸν
376 1039 639 1116 αὐξῆσαι
673 1035 785 1114 τὴν
811 1035 1198 1118 θρηνητικὴν
1243 1035 1560 1118 αὐλῳδίαν
1587 1037 1713 1108 ,καὶ
1755 1037 1941 1102 διδοί-

150 1143 250 1208 ξαι
291 1136 529 1215 ταύτην
554 1137 814 1219 (Ύαγνιν
855 1134 970 1196 τὸν
1014 1132 1333 1216 Μαρσύου
1377 1136 1630 1218 πατέρα.
1701 1136 1800 1195 Ex
1842 1138 1939 1197 his

145 1254 274 1294 non
314 1243 579 1317 apparet
620 1231 869 1313 quidem
915 1232 1126 1293 Titian
1170 1233 1295 1293 illis
1337 1235 1404 1293 in
1445 1227 1598 1296 locis
1641 1235 1941 1314 Dactylo-

142 1354 281 1395 rum
348 1335 625 1394 familiae
693 1332 1074 1413 adscriptum
1133 1333 1325 1393 fuisse
1382 1335 1495 1395 sed
1553 1335 1721 1416 quod
1774 1337 1941 1398 filius

145 1438 278 1515 ejus
333 1435 628 1512 Hyagnin
685 1433 1030 1496 erudivisse
1088 1433 1344 1508 dicitur,
1422 1434 1775 1496 fabularum
1833 1437 1936 1497 Bi-

143 1536 476 1612 thynarum
521 1542 584 1592 et
625 1532 1028 1609 Phrygiarum
1075 1534 1442 1592 commercia
1486 1533 1786 1610 declarat;
1833 1557 1935 1596 eo-

145 1655 262 1715 que
333 1633 567 1694 accedit
631 1632 876 1691 Proculi
932 1633 1361 1691 testimonium
1419 1633 1710 1713 Paraphr.
1770 1635 1934 1698 Tetr.

142 1737 218 1795 II.
263 1737 364 1795 97.
423 1735 502 1794 de
556 1733 888 1809 Bithyniae
929 1743 991 1790 et
1035 1731 1450 1808 adjacentium
1494 1743 1799 1794 terrarum
1824 1719 1936 1796 'in-

142 1838 293 1896 colis
356 1836 696 1913 generatim
751 1833 902 1892 haec
972 1830 1304 1890 tradentis:
1370 1834 1626 1915 σέβουσι
1676 1833 1796 1915 μὲν
1852 1836 1936 1907 ὥς

144 1938 242 1998 ἐπὶ
296 1936 454 1998 πολὺ
509 1935 626 2015 τὴν
662 1932 1035 2017 Ἀφροδίτην
1079 1933 1163 2002 ὥς
1206 1936 1382 1995 θεῶν
1423 1934 1659 2015 μητέρα
1703 1934 1933 2019 διαφό-

140 2063 272 2120 ροις
342 2036 540 2116 αὐτὴν
604 2035 711 2099 καὶ
763 2032 1079 2121 ἐγχωρίοις
1136 2030 1444 2114 ὀνόμασιν
1498 2032 1931 2115 ὀνομάζοντες,

142 2136 374 2218 ὁμοίως
416 2137 523 2199 καὶ
563 2137 678 2200 τὸν
719 2142 834 2198 τοῦ
863 2136 1107 2216 Ἄρεως,
1151 2141 1484 2202 καλοῦντες
1514 2133 1711 2197 αὐτὸν
1740 2135 1933 2198 Ἄδαν·

142 2261 244 2300 νιν
297 2237 404 2298 καὶ
458 2239 664 2306 ἄλλοις
714 2236 879 2299 τισὶν
936 2231 1238 2315 ὀνόμασι,
1291 2233 1399 2295 καί
1438 2257 1614 2302 τινας
1656 2232 1727 2296 δὲ
1768 2243 1933 2298 τελε-

141 2337 254 2407 τὰς
295 2339 422 2419 μετ’
470 2336 771 2420 ὀδυρμῶν
815 2338 1162 2398 ἐκτελοῦσιν
1206 2335 1416 2404 αὐτοῖς
1428 2330 1534 2414 [1],
1579 2342 1641 2391 et
1683 2332 1932 2396 Arriani

138 2438 310 2497 locus
376 2455 565 2518 supra
634 2436 888 2496 allatus:
957 2433 1234 2505 ἀνιόντες
1301 2440 1385 2519 εἰς
1441 2434 1522 2496 τὰ
1579 2434 1742 2516 ἄκρα
1797 2443 1930 2499 τῶν

140 2539 309 2620 ὀρῶν
370 2537 651 2601 Βιθυνοὶ
704 2533 965 2599 ἐκάλουν
1007 2533 1226 2600 πάπαν
1266 2536 1381 2600 τὸν
1421 2533 1546 2596 Δία
1587 2535 1696 2596 καὶ
1722 2537 1928 2601 ’Άττιν

138 2639 249 2702 τὸν
306 2637 519 2703 αὐτόν.
616 2635 745 2698 Nec
787 2646 1017 2696 temere
1063 2643 1189 2708 est,
1244 2633 1412 2715 quod
1455 2633 1760 2695 Lucianus
1804 2645 1926 2696 tra-

140 2737 266 2811 dit,
309 2739 612 2816 Bithynos
654 2738 920 2798 Martem
966 2755 1005 2795 a
1048 2735 1272 2815 Priapo
1316 2752 1442 2794 uno
1485 2733 1777 2794 Titanum
1821 2735 1926 2797 vel

138 2838 463 2900 ldaeorum
506 2838 914 2916 Dactylorum
976 2834 1244 2897 saltandi
1304 2843 1436 2896 arte
1478 2833 1786 2895 eruditum
1831 2833 1926 2896 di-

141 2958 275 2998 cere
315 2940 414 3000 De
455 2940 593 3001 salt.
636 2937 801 3000 XXI.
851 2937 987 2999 135.
1035 2937 1103 2998 Τ.
1149 2937 1222 2995 V.
1291 2936 1390 2996 De
1434 2935 1637 2998 vicina
1680 2933 1924 2996 Troade

261 3164 341 3220 [†]
386 3165 554 3209 Bendin
583 3181 754 3224 quoque
795 3180 821 3208 a
850 3164 1051 3222 Bithynis
1082 3164 1237 3207 cultam
1270 3177 1363 3205 esse
1392 3162 1538 3219 colligi
1575 3165 1721 3220 potest
1759 3175 1814 3205 ex
1843 3176 1922 3205 no-

145 3221 253 3264 mine
283 3225 436 3266 mensis
465 3225 718 3282 Bithyniaci
749 3223 991 3273 Βενδιαῖος
1031 3224 1075 3281 in
1118 3221 1333 3265 Matthaei
1369 3221 1512 3264 Glosa.
1556 3220 1664 3266 Min.
1695 3220 1749 3263 T.
1781 3220 1816 3263 1.
1846 3220 1918 3263 86.

146 3280 255 3349 alius
298 3285 516 3342 Μητρῷος
556 3290 760 3336 vocatur,
805 3283 917 3326 alius
958 3287 1221 3341 Περιεπεῖος
1259 3297 1292 3323 s.
1336 3284 1612 3338 Πριεπαῖος,
1655 3279 1765 3323 alius
1805 3281 1921 3323 Λιο-

145 3352 308 3387 ιὐσιος.

216 3429 274 3479 ΙΙ.
1498 3426 1580 3487 25
