2150 3814
830 205 1386 248 SAMOTunAclA.
1841 197 2006 258 1137

215 339 358 397 hinc
433 337 635 396 illam.
686 335 1100 411 conjecturam
1183 345 1428 406 natam.
1494 339 1726 395 curiam
1795 350 2005 402 autem

217 438 550 518 Ephesiam
583 434 757 493 -nihil
813 434 982 494 aliud
1017 454 1225 515 quam
1286 431 1533 516 ἀρχεῖον
1577 435 1746 517 ἱερόν
1788 437 2001 513 fuisse,

215 535 609 598 simillimum
640 533 951 594 Saliorum
997 544 1058 593 et
1078 535 1501 615 Lupercorum
1547 535 2001 610 sodalitatibus,

214 635 572 717 quibuscum
619 630 874 695 Curetes
903 635 1162 716 Ephesii
1205 654 1426 696 coenas
1470 636 1669 696 lautas
1714 645 1775 695 et
1818 636 2001 696 salia-

211 753 343 835 res,
398 735 884 817 cerimoniasque
926 737 1225 813 mysticas
1272 737 1626 796 communes
1669 735 1997 807 habebant.

209 871 294 879 —-
348 832 540 893 Haud
568 836 823 914 procul
880 836 1130 916 Epheso
1192 836 1338 896 urbs
1394 837 1754 916 Magnessa
1777 847 1910 896 erat
1963 857 2000 897 a

207 910 493 1012 Magnete
528 931 704 995 Caris
746 936 875 994 filio
921 946 984 995 et
1005 936 1394 1013 Magnetibus
1421 935 1814 997 Cretensibus
1859 955 2000 997 con-

207 1034 342 1095 dita
364 1035 488 1116 [‘]‚
517 1033 684 1094 unde
729 1034 811 1094 ad
853 1027 1236 1113 Magnesiam
1279 1035 1702 1095 Maeandrium
1750 1036 1998 1096 deduci-

206 1155 345 1195 mur
386 1133 688 1208 ‘indidem
755 1134 1247 1207 denominatam,
1316 1138 1492 1214 cnjus
1548 1138 1752 1194 numis
1810 1131 1997 1195 Cure-

206 1245 298 1294 tes
354 1235 647 1295 saltantes
691 1236 981 1315 impressi
1025 1245 1197 1308 sunt,
1231 1242 1307 1294 'et
1351 1236 1434 1295 ad
1478 1237 1705 1295 alteros
1749 1236 1995 1315 Magne-

202 1344 344 1408 tes,'
368 1337 474 1414 qui
495 1345 817 1396 ¹vocantur
859 1334 939 1395 ad
985 1334 1273 1415 Sipylum
1318 1338 1781 1419 antiquissimae
1826 1337 1996 1397 urbis

199 1435 547 1495 -Tantalidis
603 1437 670 1495 in
725 1435 946 1516 Sipylo
1004 1438 1160 1496 sitae
1217 1439 1471 1498 accolas,
1575 1439 1740 1500 Hinc
1785 1438 1995 1515 Smyr-

202 1518 672 1617 naeis-quoque,
715 1537 935 1596 Matris
969 1556 1226 1615 magnae
1262 1537 1600 1597 cultoribus
1635 1538 1992 1620 (Spanhem.

205 1638 284 1697 de
350 1637 542 1697 Vesta
607 1658 654 1696 c.
721 1634 794 1716 I.)
866 1638 1202 1697 contribuit
1254 1637 1561 1698 Aristides
1579 1642 1586 1692 ἶ
1618 1639 1870 1699 Monod.
1896 1656 1900 1661 ’
1929 1643 1994 1698 in

204 1738 448 1815 Smyrn.
494 1737 564 1797 T.
608 1738 653 1796 I.
694 1737 837 1797 260.
880 1739 960 1801 τὰ
1002 1739 1120 1819 μὲν
1164 1741 1394 1821 ἀρχαῖα
1430 1738 1787 1818 (Smyrnae)
1832 1738 1993 1803 Kov'ss

201 1838 409 1923 ρήτων
464 1837 648 1919 χοροὶ
711 1837 817 1899 καὶ
878 1839 1111 1921 τροφαὶ
1175 1840 1280 1900 καὶ
1344 1840 1607 1924 γενέσεις
1666 1844 1838 1904 θεῶν
1890 1842 1996 1903 καὶ

202 1939 474 2008 Πέλοπες
516 1937 952 2020 διαβαίνοντες
997 1937 1256 2003 ἐνθένδε
1301 1948 1422 1999 etc.
1459 1958 1578 2019 quo
1626 1941 1873 2021 saepius
1899 1961 1993 2000 re-

201 2040 392 2099 currit
445 2043 690 2122 Προςφ.
748 2037 1000 2122 Σαύρν.
1056 2059 1117 2119 Ρ.
1174 2041 1320 2100 270.
1387 2041 1536 2113 Διὸς
1590 2043 1832 2125 γένεσιν
1889 2044 1993 2105 καὶ

192 2139 439 2222 χορείας
493 2137 835 2220 Κουρήτων
890 2140 996 2202 καὶ
1058 2139 1381 2204 Ταντάλου
1425 2142 1530 2203 καὶ
1574 2143 1857 2212 Πέλοπος
1890 2150 1990 2205 ὀἶ-

198 2240 426 2321 κισμὸν
466 2247 575 2318 τῆς
617 2237 863 2321 πρώτης
906 2239 1138 2310 πόλεως
1179 2243 1247 2303 ἐν
1289 2248 1379 2325 τῷ
1424 2238 1686 2324 Σιπύλῳ
1736 2244 1990 2328 γενομέ-

201 2365 328 2419 νης.
374 2348 436 2398 et
480 2338 550 2398 T.
593 2339 640 2398 I.
685 2340 828 2399 229.
883 2341 920 2419 ἡ
976 2340 1366 2423 πρεςβυτάτη
1410 2339 1582 2411 πόλις
1626 2346 1693 2405 ἐν
1735 2350 1826 2425 τῷ
1871 2352 1986 2405 Σι-

199 2438 377 2523 πύλῳ
432 2439 727 2515 κτίζεται·
790 2435 866 2503 οὗ
919 2440 999 2520 δὴ
1054 2441 1167 2510 τὰς
1210 2449 1341 2506 τῶν
1383 2446 1559 2505 θεῶν
1602 2442 1787 2513 εὐνὰς
1831 2442 1988 2507 εἶναι

198 2542 444 2627 λέγουσι
499 2540 605 2602 καὶ
657 2540 806 2611 τοὺς
860 2539 1205 2624 Κουρήτων
1250 2543 1482 2626 χοροὺς
1536 2544 1676 2625 περὶ
1716 2544 1832 2624 τὴν
1873 2553 1988 2607 τοῦ

197 2636 346 2712 Διὸς
412 2642 665 2723 μητέρα.
746 2659 901 2720 quos
969 2642 1216 2701 silentio
1283 2645 1722 2723 praetermittit
1788 2643 1985 2703 Schol.

198 2740 356 2803 Vict.
400 2740 498 2802 ad.
532 2741 600 2800 Il.
635 2739 858 2801 XXIV.
894 2740 1039 2805 615.
1078 2745 1213 2806 Ῥέα
1258 2746 1620 2826 φοβηθεῖσα
1658 2744 1770 2814 τὰς
1815 2745 1984 2807 ἄπει-

203 2837 309 2914 λᾶς
362 2841 613 2926 Κρόνου
671 2841 790 2906 σὺν
832 2849 969 2914 ταῖς
998 2842 1413 2930 θυγατράσιν
1458 2846 1654 2927 ᾤκησε
1699 2843 1986 2908 Σίπυλον

202 2943 506 3025 κρυφίως·
565 2944 671 3005 καὶ
723 2944 891 3027 ἱερὸν
945 2947 1118 3028 αὐτῷ
1158 2946 1398 3026 (αὐτῶν
1442 2945 1545 3006 vel
1588 2942 1803 3025 αὐτῆς)
1846 2948 1981 3007 ἐκεῖ.

201 3039 377 3103 Haec
410 3046 692 3123 quamvis
728 3046 972 3123 cognitu
997 3063 1121 3104 non
1143 3044 1394 3123 indigna
1422 3047 1566 3119 sint,
1609 3055 1818 3105 tamen
1841 3046 1985 3126 quia

204 3159 326 3203 non
360 3153 597 3206 constat
632 3164 755 3226 quo
797 3156 1077 3227 tempore
1114 3146 1212 3205 hic
1240 3145 1437 3207 cultus
1458 3144 1844 3220 increbuerit,
1887 3165 1982 3207 ra-

326 3354 402 3410 [ss]
452 3372 491 3399 v.
524 3359 670 3403 Schol.
704 3361 844 3418 Apoll.
878 3362 911 3404 Ι.
946 3361 1042 3404 584.
