2150 3814
246 203 408 263 1262
842 208 1079 251 LIBER
1133 206 1498 251 TERTIUS.

245 345 548 427 passionis
592 338 943 416 symbolum
986 335 1331 417 appellare,
1374 356 1507 416 per
1553 335 1753 416 quod
1799 340 2013 396 mori-

246 465 415 507 mur
458 452 531 501 et
575 438 1156 518 consepelimur
1190 453 1350 494 cum
1385 433 1706 495 Christo
1743 444 1818 495 et
1850 456 2019 495 mox

247 542 727 618 resurgimus
770 557 831 599 v.
873 536 1076 598 Vales.
1122 533 1201 593 ad
1245 535 1466 594 Euseb.
1511 536 1588 596 X.
1625 535 1768 595 462.
1813 555 2021 615 quam-

245 647 342 707 vis
399 650 570 700 actus
611 640 746 718 ipse
789 637 1021 696 nullam
1065 652 1318 715 prorsus
1373 645 1479 695 aut
1519 638 1737 695 mortis
1783 645 1893 695 aut
1933 655 2024 693 re-

249 740 638 803 surrectionis
694 739 1026 814 imaginem
1086 734 1398 816 praebeat.
1501 736 1598 794 Ex
1652 755 1772 816 quo
1817 753 2021 795 mone-

248 860 385 900 mur
426 858 505 898 ne
561 838 768 897 omnia
812 855 968 916 quae
1013 834 1091 895 de
1134 834 1368 894 actibus
1413 837 1690 910 mysticis
1732 837 2026 894 nuncian-

250 951 379 1015 tur,
434 940 575 1000 visu
617 947 908 1018 percepta
952 936 1158 1016 potius
1204 941 1386 1014 quam
1430 945 1634 994 mente
1675 943 1859 1014 atque
1901 936 2030 993 ani-

250 1060 356 1100 mo
401 1046 814 1119 spectatorum
858 1035 1297 1115 comprehensa
1340 1044 1645 1113 putemus·
1699 1035 1798 1093 De
1841 1036 2031 1093 mimo

250 1140 575 1200 Mithriaca
634 1136 866 1196 accedit
920 1135 1205 1195 Archelai
1260 1136 1680 1194 testimonium
1735 1137 1802 1193 in
1857 1135 2034 1213 Disp.

257 1262 304 1301 c.
349 1238 511 1297 Man.
558 1257 606 1296 c.
651 1237 750 1295 36.
798 1234 939 1294 593.
983 1234 1052 1293 Τ.
1085 1233 1188 1291 ΠΙ.
1235 1234 1392 1292 Gall.
1436 1235 1688 1294 solem
1732 1243 2036 1294 tantum

258 1339 466 1400 coles
519 1335 890 1393 Mithram
965 1334 1310 1391 locorum
1379 1336 1896 1410 mysticorum
1950 1333 2036 1393 il·

260 1438 841 1507 luminatorem3
896 1433 1042 1490 hoc
1098 1440 1210 1490 est
1262 1431 1467 1509 quod
1512 1433 1716 1510 apud
1760 1452 1890 1492 eos
1936 1434 2036 1492 lu-

262 1538 393 1598 des
451 1544 522 1594 et
576 1542 944 1611 tanquam
1012 1531 1329 1607 elegans
1386 1533 1658 1591 mimus
1715 1551 2040 1612 perages

263 1636 672 1715 mysteria3
743 1643 805 1690 et
847 1630 1174 1707 Augustini
1220 1628 1466 1702 Quaest.
1514 1631 1726 1691 e-Vet.
1771 1632 1834 1692 et
1881 1631 2040 1694 Nov.

266 1738 430 1797 Test.
487 1730 770 1813 Append.
833 1731 902 1790 T.
946 1731 1050 1789 ΙΙΙ.
1107 1750 1168 1809 p.
1229 1730 1368 1789 100.
1423 1750 1511 1789 ne
1567 1741 1820 1792 autem
1875 1732 2042 1793 hor—

264 1843 490 1895 reant
544 1834 890 1911 turpiter
945 1830 1449 1889 dehonestari
1504 1850 1612 1904 se,
1670 1833 1875 1892 oculi
1918 1833 2044 1892 illi

266 1935 664 2006 velantur3
718 1932 863 1990 alii
906 1939 1162 1988 autem
1205 1930 1410 1988 sicut
1466 1931 1632 1990 ales
1676 1933 1839 1991 alas
1883 1952 2045 2012 per-

269 2034 608 2104 cutiunt,
663 2022 937 2091 v{focem
992 2029 1293 2088 coracis
1365 2031 1822 2106 imitantur,
1878 2033 2046 2091 ¹leo-

268 2150 441 2191 num
505 2148 718 2190 more
787 2129 1163 2200 fremunt,
1229 2128 1377 2187 alii
1444 2140 1698 2190 autem
1762 2132 2047 2209 ligatis

269 2210 629 2292 manibus
707 2229 1128 2289 intestinis
1206 2229 1566 2307 pullinis'
1623 2233 2047 2310 projiciun-

271 2342 394 2391 tur
450 2349 687 2410 super
744 2330 1023 2391 foveas
1081 2346 1276 2407 aqua
1317 2330 1593 2410 plenas
1638 2331 2050 2392 accedente

255 2429 605 2510 *quodam
663 2448 823 2487 cum
880 2428 1144 2506 gladio
1202 2438 1276 2488 et
1331 2431 1820 2510 irrumpente
1861 2434 2049 2491 inte-

274 2531 481 2590 stina
521 2529 651 2608 qui
694 2546 772 2586 se
815 2528 1331 2587 liberatorem
1381 2531 1753 2609 appellat.
1839 2531 2049 2611 Neque

276 2648 313 2688 a
373 2629 748 2687 Graecorum
815 2628 1001 2686 sacris
1072 2627 1328 2686 aberant
1392 2630 1570 2690 varia
1635 2641 2050 2712 spectatorum

275 2728 590 2802 terricula,
633 2746 871 2807 pugnae
914 2727 1275 2787 festucariae
1319 2728 1558 2808 aliaque
1600 2731 1934 2792 violentiae
1971 2732 2052 2790 si-

276 2829 574 2900 mulacra,
629 2828 847 2886 mortis
901 2829 1188 2886 mimicae
1242 2830 1417 2907 quasi
1470 2831 1756 2909 praevia,
1823 2832 2052 2910 partim

279 2946 354 2986 ex
423 2936 703 3007 tempore
771 2925 853 2986 ad
922 2926 1321 2988 ludificandos
1376 2930 1646 2990 novitios
1701 2931 1956 2992 inventa
1980 2928 2049 3009 [¹]

405 3107 473 3163 [l]
523 3108 592 3151 Ad
631 3110 709 3152 has
745 3111 929 3154 tironum
968 3110 1459 3166 mystificationes
1508 3113 1650 3155 nescio
1687 3128 1741 3156 an
1780 3114 1934 3157 referri
1975 3114 2051 3155 de-

285 3167 415 3208 beant
454 3166 635 3209 Achillis
666 3168 790 3211 Tatii
818 3171 952 3213 verba
981 3170 1033 3212 V.
1061 3167 1133 3212 23.
1176 3168 1365 3220 ἑλκύσας
1392 3173 1482 3214 τῶν
1509 3174 1673 3230 τριχῶν
1711 3167 1899 3229 ἀράσσει
1938 3170 2051 3231 πρὸς

284 3219 514 3281 τοῦδαφος
547 3227 624 3267 καὶ,
664 3223 932 3271 κατακόπτει
968 3241 1028 3285 με
1066 3227 1281 3284 πληγαῖς·
1323 3227 1412 3287 ἐγὼ
1457 3227 1499 3270 δ’
1544 3230 1690 3290 ὥςπερ
1729 3230 1780 3274 ἐν
1818 3233 2048 3289 μυστηρίῳ

285 3281 431 3339 μηδὲν
470 3281 602 3333 εἰδὼς
639 3281 746 3341 μήθ’
791 3282 902 3335 ὅςτις
943 3283 968 3330 ὁ
1011 3278 1254 3344 ἅνθρωπος
1297 3278 1372 3342 ἦν,
1419 3284 1527 3344 μήθ’
1581 3289 1635 3330 οὑ
1669 3284 1810 3346 χάριν
1849 3289 2048 3337 ἔτυπτεν,

286 3337 571 3390 ὑποπτεύσας
609 3340 666 3392 δή
695 3359 735 3386 τι
775 3342 915 3389 κακὸν
955 3339 1069 3387 εἶναι
1107 3342 1352 3389 ἐδεδοίκειν
1392 3342 1667 3403 ἀμύνασθαι.
1739 3346 1808 3389 Ab
1845 3345 1930 3388 illis
1966 3343 2047 3386 Mi-
