2150 3814
236 208 399 271 1052
758 226 996 271 menn
1039 225 1469 272 SECUNDUS.

229 356 363 414 fieri
418 353 529 415 sed
584 355 786 427 nasci,
843 362 906 416 et
960 353 1223 435 proinde
1279 355 1536 416 eandem
1589 356 1815 417 habere
1866 379 2007 420 cum

228 455 434 535 poetis
490 453 756 531 fingendi
812 453 1191 528 libertatem,
1242 455 1427 537 idque
1468 458 1535 516 in
1576 458 1717 538 ipso
1759 460 2009 519 nomine

229 554 651 631 mythologiae
704 554 938 627 inesse,
1005 554 1284 615 fabulose
1339 566 1410 616 ut
1463 566 1767 617 tractetur
1812 567 1876 617 et
1930 559 2011 617 si-

228 655 488 713 millime
545 652 980 732 scriptionibus
1035 654 1538 717 Romanensibus.
1634 657 1776 717 Hoc
1802 658 2013 735 igitur

225 772 414 832 genus
476 761 545 812 ut
600 769 637 811 a
692 752 934 830 vulgari
977 762 1039 813 et
1079 755 1455 835 philologica
1495 757 1882 835 Mythologia
1923 755 2013 815 di—

226 852 814 930 stinguat-Becanus
868 864 1096 928 noster,
1127 855 1600 935 'Mythologiam
1643 857 2013 934 mythologi-

225 962 428 1012 s'atam
485 954 788 1035 appellari
842 954 981 1015 vult
1035 954 1115 1014 ad
1175 956 1440 1016 formam
1486 956 1729 1016 Tartari
1770 958 2015 1015 tartari-

223 1054 374 1128 sati3
430 1072 626 1133 neque
679 1064 861 1132 negat
913 1056 981 1115 in
1033 1056 1152 1115 hoc
1205 1062 1422 1134 genere
1465 1056 1660 1117 multa
1702 1055 1910 1137 lepide
1953 1066 2016 1115 et

225 1153 666 1214 delectabiliter
736 1153 1054 1234 disputata
1107 1175 1242 1216 esse
1298 1157 1377 1216 de
1435 1157 1846 1237 potestatibus
1902 1156 2016 1216 tel»
2126 1240 2132 1244 .

224 1255 434 1314 luricis
480 1264 542 1313 et
586 1254 914 1314 astralibus
930 1298 947 1330 ,
993 1254 1071 1314 de
1113 1259 1435 1338 principiis
1470 1258 2014 1330 masculofeminis,

226 1353 425 1433 deque
487 1353 743 1413 deorum
799 1356 1219 1415 incarnatione
1276 1367 1338 1416 et
1390 1358 1711 1418 hominum
1771 1357 2012 1417 deifica-

222 1454 394 1512 tione
406 1496 424 1527 ,
491 1452 603 1512 sed
656 1455 862 1515 vereri
916 1473 983 1513 se
1038 1473 1116 1514 ne
1171 1454 1473 1516 lectorum
1532 1458 1743 1537 palata
1795 1456 2012 1516 hebes-

225 1563 366 1613 cant
379 1597 396 1626 ,
466 1554 589 1612 nisi
643 1553 877 1614 fercula
933 1556 1118 1615 etiam
1176 1565 1359 1636 atque
1415 1558 1603 1616 etiam
1670 1556 2014 1630 varientur3

220 1653 290 1714 id
319 1673 468 1715 vero
506 1656 573 1713 in
617 1653 749 1714 dies
796 1653 1101 1717 difficilius
1147 1656 1430 1731 evadere,
1478 1676 1664 1737 quum
1701 1657 1835 1734 jam
1879 1655 2013 1715 nul-

222 1755 319 1814 lus
363 1755 430 1814 in
475 1754 624 1813 orbe
667 1765 965 1814 terrarum
1012 1757 1270 1834 angulus
1313 1759 1582 1838 supersit
1595 1801 1614 1831 ,
1669 1754 1835 1816 unde
1888 1773 2016 1815 non

221 1855 411 1934 aliqui
453 1854 798 1915 fabularum
843 1874 1196 1933 graecarum
1253 1858 1548 1936 originem
1591 1857 2015 1936 repetiverint,

222 1963 286 2015 et
342 1955 512 2014 nulla
584 1974 684 2015 ars
698 1999 715 2029 ,
784 1956 956 2015 nulla
1011 1955 1339 2037 disciplina
1393 1958 1770 2038 reperiatur,
1830 1974 2015 2035 quam

220 2057 628 2134 interpretum
711 2056 1118 2118 volaticorum
1201 2058 1470 2136 suspicio
1534 2075 1661 2115 non
1729 2058 2013 2135 attigerit.

222 2155 438 2235 Itaque
495 2164 705 2236 sperat
756 2173 822 2214 se
865 2155 1141 2215 Becanus
1199 2155 1368 2236 apud
1421 2156 1705 2216 homines
1748 2154 2016 2216 mirandi

223 2255 483 2337 cupidos
543 2275 826 2335 magnam
886 2265 948 2314 et
1001 2254 1269 2316 solidam
1336 2257 1635 2315 initurum
1696 2274 1829 2316 esse
1882 2274 2014 2334 gra-

220 2358 372 2416 tiam
388 2400 405 2430 ,
475 2358 530 2415 si
596 2367 875 2433 systema
932 2356 1246 2436 quoddam
1302 2357 1488 2438 plane
1542 2355 1897 2417 inauditum
1953 2364 2016 2415 et

222 2458 438 2515 ceteris
481 2457 663 2533 longe
707 2454 1099 2536 plausibilius
1143 2465 1473 2536 proponat.
2116 2526 2117 2529 Ἴ

390 2557 709 2636 Expositis
764 2557 951 2633 igitur
1005 2557 1194 2616 variis
1251 2556 1607 2632 mythorum
1650 2558 2015 2635 interpreta-
2115 2595 2121 2627 s

221 2655 495 2716 tionibus
510 2700 527 2730 ,
584 2657 797 2715 ethicis
811 2700 828 2730 ,
887 2657 1316 2715 astronomicis
1330 2699 1347 2729 ,
1406 2656 1690 2716 chemicis
1706 2699 1723 2729 ,
1766 2656 2012 2714 histori-

222 2758 342 2830 ciS,
401 2775 538 2834 ego
595 2752 799 2821 vero,
827 2756 1056 2836 inquit,
1112 2757 1232 2816 his
1278 2755 1638 2815 omnibus
1680 2757 1794 2834 rej
1813 2755 2012 2818 ectis

218 2857 494 2935 Magna
536 2876 671 2916 nec
714 2858 1064 2934 ingeniis
1108 2858 1607 2934 investigata
1661 2857 2012 2936 priorum

220 2976 570 3037 quaeque
626 2956 759 3015 diu
815 2957 1152 3030 latuere,
1211 2976 1491 3016 canam.
1593 2956 1716 3015 Sic
1769 2956 2013 3032 igitur

220 3057 396 3117 dico
455 3067 529 3117 et
586 3056 843 3130 edico,
912 3059 991 3117 in
1049 3057 1523 3117 Graecorum
1577 3055 1879 3115 fabulis
1939 3063 2013 3113 et

219 3157 750 3235 religionibus
807 3176 959 3216 non
1017 3157 1172 3216 The
1191 3177 1269 3217 os
1288 3157 1596 3238 ophiam
1642 3155 2010 3226 Indicam,

219 3261 367 3316 n‘on
403 3257 1000 3338 Philosophiam
1025 3257 1584 3330 Hermeticam,
1628 3274 1780 3316 non
1822 3256 2006 3330 Phy-

226 3360 468 3430 sicen,
524 3377 561 3417 n
583 3376 675 3417 on
731 3358 1334 3440 Metaphysicen
1382 3357 1810 3428 contineri,
1855 3351 2006 3423 sed,
