2150 3814
822 180 1273 231 oaruch·
1810 172 1933 240 983

157 313 260 378 lv.
309 311 362 379 l.
406 330 562 392 quae
602 306 807 379 cauco
853 304 1101 375 Celaeni
1148 307 1248 372 vel
1293 304 1452 376 cliui
1495 309 1689 381 filiuS,
1754 312 1934 389 Phlyi

154 430 370 493 nepos,
413 410 702 479 Eleusine
745 421 821 475 eo
865 408 1090 481 attulit,
1133 408 1291 475 sicut
1332 425 1540 477 rursus
1580 422 1936 490 expugnata

152 512 463 576 Messenia
527 509 881 577 Eleusinem
956 507 1185 576 abeunt
1252 511 1311 572 οἱ
1362 516 1476 572 τοῦ
1529 510 1747 595 γένους
1804 519 1934 574 τῶν

151 613 364 694 ἱερέων
406 611 511 674 καὶ
551 613 734 679 θεαῖς
775 615 912 679 ταῖς
953 606 1249 694 μεγάλαις
1286 616 1601 679 τελοῦντες
1633 610 1713 673 τὰ
1749 612 1933 697 ὄργια

149 710 251 773 IV.
283 709 380 775 14,
411 708 776 788 quibuscum
819 728 943 775 una
988 707 1300 776 colebatur
1330 706 1534 769 Cauco
1561 708 1661 769 IV.
1690 711 1790 771 27.
1833 712 1932 778 In-

148 807 360 874 didem
402 829 552 872 vero
596 811 786 874 etiam
829 809 948 870 fuit
980 808 1330 876 Melanthus
1360 806 1741 877 Cauconides
1766 811 1931 889 Thy-

144 920 388 971 moetae
429 911 497 968 in
539 911 803 990 imperio
846 928 1189 981 successor,
1245 912 1351 988 qui
1408 928 1545 974 cum
1597 912 1734 971 aliis
1780 930 1931 977 exu-

147 1009 307 1070 libus
350 1012 623 1091 primum
665 1009 957 1073 Eleusine
998 1007 1277 1073 consedit
1323 1008 1545 1076 Athen.
1589 1010 1691 1074 ΠΙ-
1733 1012 1833 1071 96.
1858 1013 1929 1079 E.

145 1120 278 1169 tum
332 1129 574 1169 sacrum
626 1107 974 1188 Apaturion
1028 1108 1266 1176 Baccho
1323 1107 1742 1174 Melanthidae
1797 1094 1957 1170 sive*

144 1207 552 1289 Melanaegidi
646 1209 988 1283 constituit3
1093 1227 1213 1288 quo
1295 1209 1351 1268 si
1433 1207 1727 1275 accedant
1805 1209 1931 1268 alia

142 1309 404 1374 clariora
466 1306 696 1367 indicia
755 1306 1123 1390 (dummodo
1176 1327 1256 1369 ne
1310 1309 1743 1387 etymologica)
1803 1308 1931 1377 for-

141 1419 305 1469 tasse
348 1407 583 1488 aliquid
635 1406 712 1467 de
767 1427 1082 1469 sacrorum
1137 1409 1595 1478 Eleusinioi-um
1651 1416 1714 1468 et
1768 1409 1929 1494 Mes-

140 1510 454 1568 seniorum
500 1510 878 1586 cognatione·
903 1511 1204 1589 suspicari
1247 1508 1473 1569 licebit.
1516 1508 1695 1570 Nunc
1721 1518 1785 1575 et
1809 1511 1927 1576 hoc

143 1608 338 1669 doctis
399 1610 619 1668 harum
671 1628 878 1669 rerum
921 1608 1418 1676 aestimatoribus
1464 1609 1926 1680 deliberandum

139 1727 423 1789 propono
468 1718 532 1767 et
573 1710 683 1770 illa
724 1709 1070 1774 Alimontia
1111 1712 1441 1784 mysteria,
1497 1728 1760 1787 quorum
1814 1729 1926 1780 no-
1974 1758 1980 1766 .

139 1828 282 1868 men
324 1810 526 1875 solum
567 1805 1107 1888 per·{Clementem
1163 1817 1224 1868 et
1266 1807 1611 1872 Arnobium
1669 1792 1925 1882 enotuit,

137 1918 351 1973 auctor
392 1919 602 1973 autem
647 1917 710 1969 et
752 1920 1180 1986 argumentum
1233 1910 1300 1971 in
1354 1910 1587 1968 incerto
1644 1910 1924 1983 habetur,

134 2009 259 2071 nisi
301 2007 468 2089 quod
495 2010 877 2074 Alimontios
921 2011 1057 2070 sive
1100 2007 1484 2074 Halimusios
1529 2018 1594 2068 et
1621 2005 1925 2090 templum

140 2105 380 2167 Cereris
424 2109 805 2189 Liberaeque
848 2108 1137 2168 habuisse
1180 2109 1358 2168 Paus,
1386 2110 1431 2168 Ι.
1480 2109 1580 2173 31.
1627 2121 1688 2169 et
1723 2110 1924 2169 Leon-

137 2208 256 2267 ticli
304 2207 494 2268 tribui
546 2207 888 2288 adscriptos
933 2209 1125 2267 fuisse
1170 2211 1393 2268 scimus
1438 2228 1476 2267 a
1517 2209 1644 2268 Leo
1693 2209 1924 2289 Orphei

137 2309 268 2372 filio
294 2308 728 2372 denominatae
746 2352 763 2382 ,
804 2310 978 2386 cnjus
1002 2308 1196 2368 tribus
1214 2308 1654 2369 Themistocles
1681 2327 1922 2389 quoque

138 2418 290 2482 erat,
334 2411 439 2495 qui
481 2408 972 2485 Lycomedarum
1016 2412 1350 2469 sacrarium
1395 2412 1720 2471 exornavit
1752 2412 1922 2488 XeJus-

137 2526 257 2588 que
300 2508 576 2574 familiae
620 2508 759 2581 fuit,
802 2507 967 2574 unde
1010 2507 1300 2575 Daduchi
1344 2510 1569 2588 plures.

750 2701 916 2710 s-—b-

258 2896 1449 2979 EPIMETRUM
1547 2893 1843 2978 VIL'

400 3049 474 3100 aa
523 3047 659 3103 P.1.
709 3047 767 3103 c,
808 3047 916 3102 vt
964 3048 1029 3103 N.
1071 3047 1394 3103 XXXIV.
1452 3061 1578 3106 not.
1619 3071 1665 3121 q.

311 3203 411 3264 Ad
454 3196 979 3267 confirmationem
1036 3206 1338 3265 dictorum
1381 3207 1478 3266 hic
1523 3208 1771 3271 brevem
1818 3229 1917 3270 cx-

153 3300 372 3361 hibebo
415 3303 806 3382 Hymnorum
849 3306 1285 3369 Harmoniam:
