2150 3814
216 201 378 263 1126
775 214 1010 258 LIBER
1058 214 1428 260 TnnTms,

205 352 467 410 ticorum
526 357 587 405 et
631 346 1031 423 Phrygiarum
1089 366 1474 408 communem
1532 359 1735 408 ortum
1797 349 1992 410 decla-

202 459 357 511 rant.
445 447 654 525 Neque
702 447 865 504 enim
925 466 999 505 ea
1054 447 1266 507 affinia
1324 448 1476 522 sibi,
1532 447 1762 508 nedum
1821 452 1996 529 paria

205 551 347 610 duci
391 557 679 628 possunt,
735 548 801 604 in
846 546 1068 625 quibus
1113 547 1321 627 plures
1377 559 1681 629 apparent
1738 549 1994 611 diversi-

202 651 346 709 tatis
392 666 579 727 quam
633 645 1057 705 similitudinis
1115 656 1319 707 notae.
1408 650 1728 710 Gallorum
1788 660 1995 710 autem

201 767 376 809 sacra
433 755 686 807 cruenta
754 755 816 805 et
872 746 1110 840 dissoni
1165 749 1437 810 ululatus
1496 750 1838 831 furiosique
1895 771 1995 828 ge-

201 859 331 910 stus
377 867 416 908 a
459 847 699 908 decoris
757 857 819 906 et
861 847 1202 908 modulatis
1253 849 1806 927 Pyrrhichistarum
1852 848 1995 910 Cre-

199 951 468 1010 tensium
504 948 779 1008 motibus
821 967 975 1028 quos
1013 952 1213 1009 cuncti
1250 969 1374 1009 uno
1412 968 1519 1008 ore
1560 949 1870 1022 celebrant
1898 949 1992 1028 [¹¹¹]

199 1061 263 1109 et
305 1070 343 1109 a
389 1046 717 1110 Curetibus
774 1050 1064 1109 inventos
1120 1050 1327 1109 ferunt
1351 1048 1430 1131 [ἢ]
1489 1050 1849 1130 longissime
1905 1047 1996 1107 di-

198 1160 382 1210 stant.
468 1149 586 1210 His
631 1149 828 1210 multo
873 1151 1100 1209 rectius
1156 1150 1503 1228 Dionysius
1563 1151 1708 1210 Ant.
1770 1149 1846 1208 II.
1892 1148 1994 1208 60.

198 1251 401 1310 Salios
456 1251 775 1330 componit
800 1251 877 1330 [¹²]
937 1267 1090 1329 quos
1147 1268 1330 1309 nemo
1389 1260 1498 1309 aut
1553 1249 1750 1311 vulsis
1807 1248 1995 1308 ludiis

196 1350 430 1409 similes
486 1361 598 1408 aut
651 1347 1076 1425 Corybantum
1139 1359 1201 1408 et
1261 1349 1571 1428 Phrygum
1631 1350 1994 1427 gallantium

194 1468 370 1510 more
415 1448 822 1508 debacchatos
866 1468 1002 1508 esse
1047 1449 1226 1508 dicet.
1311 1449 1453 1509 Hoc
1505 1458 1715 1508 autem
1771 1452 1995 1517 consti-

194 1560 331 1610 tuto
412 1549 800 1622 discrimine,
864 1548 1030 1628 quod
1105 1549 1395 1629 plurimis
1453 1558 1517 1608 et
1574 1548 1996 1610 disertissimis

197 1652 646 1711 communitum
704 1659 798 1708 est
857 1651 1260 1722 testimoniiS‚
1327 1648 1595 1709 concidit
1655 1651 1774 1711 viri
1830 1648 1995 1708 docti

196 1753 679 1829 argumentatio,
737 1752 843 1828 qui
886 1769 1061 1810 sacra
1105 1750 1373 1827 Phrygia
1415 1750 1629 1810 multis
1675 1759 1818 1808 ante
1862 1748 1995 1809 Ho—

194 1871 434 1912 merum
482 1851 702 1910 seculis
746 1851 811 1908 in
852 1848 1035 1909 Creta
1081 1851 1350 1927 viguisse
1394 1853 1627 1925 statuit3
1671 1868 1815 1909 nam
1865 1859 1995 1920 tota

193 1953 456 2012 vertitur
511 1953 577 2010 in
639 1951 1008 2009 solemnium
1052 1949 1460 2027 Phrygiorum
1507 1960 1571 2009 et
1615 1938 1992 2011 Creticor'um

193 2053 626 2114 convenientia
670 2069 846 2130 quae,
891 2069 1039 2109 vere
1083 2051 1589 2123 aestimantibUS,
1645 2051 1815 2110 nulla
1859 2051 1993 2109 fuit.

192 2152 309 2211 Est
352 2170 500 2211 sane
543 2152 633 2210 ita
688 2169 726 2211 a
778 2150 1089 2210 nonnullis
1129 2159 1427 2210 ‘veterum
1481 2152 1817 2214 memoriae
1871 2159 1991 2208 tra-

313 2336 409 2396 [m]
455 2353 498 2380 v.
531 2337 700 2380 Stroth.
739 2342 784 2380 et
821 2336 1016 2380 Irmisch.
1059 2335 1115 2377 ad
1155 2335 1395 2379 Herodian.
1439 2336 1498 2379 T.
1531 2335 1590 2378 ΙΙ.
1620 2332 1762 2378 1066.
1806 2334 1862 2377 cf.
1882 2331 1993 2377 --Aie

193 2395 301 2440 thol.
331 2397 434 2440 Lat.
464 2397 519 2439 L.
550 2397 634 2439 III.
675 2396 761 2451 Ep.
807 2395 902 2438 184.
964 2395 1185 2442 Adversus
1224 2395 1337 2441 haec.
1373 2395 1480 2440 nihil
1520 2394 1641 2450 valet
1681 2394 1801 2454 quod
1836 2393 1991 2441 Athen.

191 2453 315 2500 XIV.
348 2455 448 2498 630.
480 2455 534 2497 Β.
595 2453 815 2496 Sicinnum
847 2452 1100 2496 Cretensem
1127 2455 1397 2495 inventorem
1437 2450 1683 2496 sicinnidos'
1723 2452 1816 2495 sive
1856 2452 1991 2507 Saty-

194 2515 314 2558 ricae
344 2514 589 2557 saltationis
617 2512 741 2565 facit,
774 2526 903 2568 quam
933 2512 1147 2554 Arrianus
1178 2513 1234 2554 ab
1265 2526 1351 2557 una
1381 2513 1660 2568 nympharum
1690 2510 1886 2567 Cybelae
1917 2511 1992 2554 de-

191 2574 450 2617 nominatam
481 2578 527 2615 et
556 2571 736 2629 primurn
767 2585 794 2612 a
822 2570 1071 2626 Phrygibus
1101 2571 1147 2612 in
1178 2571 1380 2612 honorem
1427 2570 1609 2612 Sabazii
1647 2570 1832 2626 Dionysi
1867 2569 1994 2615 insti-

189 2639 329 2676 tutam
360 2632 467 2675 dicit
496 2630 700 2673 Eustath.
732 2645 776 2687 p.
797 2629 923 2673 1078.
955 2629 1027 2670 20.
1059 2628 1237 2671 Sueton.
1267 2629 1432 2672 Neron.
1465 2645 1503 2672 c.
1537 2629 1638 2673 XII.
1670 2629 1826 2672 inteur
1854 2635 1992 2686 pyr·

192 2693 520 2736 rhicharum
560 2694 890 2746 argumenta
926 2691 1126 2730 taurus
1168 2689 1498 2746 Pasiphaen
1537 2689 1697 2734 iniit.

311 2782 391 2837 [ας]
448 2779 533 2822 nio
576 2778 681 2822 chr.
726 2777 784 2820 Τ.
830 2777 866 2818 1.
907 2775 978 2820 93.
1026 2777 1155 2820 Phoe.
1200 2777 1308 2819 cod.
1351 2776 1640 2820 ccxxxlx.
1681 2774 1780 2818 524.
1841 2746 1989 2833 Schel-

194 2840 417 2897 Aristoph.
460 2839 581 2882 Nub.
614 2837 716 2880 658.
758 2841 802 2879 et
834 2849 942 2892 quos
971 2835 1213 2879 Pahnerius
1244 2836 1300 2879 ad
1329 2836 1511 2879 Lucian.
1542 2834 1717 2891 Nigr-ih.
1758 2837 1801 2888 §.
1832 2830 1904 2877 37.
1941 2847 1990 2890 p.

190 2900 290 2945 288.
335 2900 393 2943 Τ.
423 2899 460 2941 I.
513 2896 903 2951 Tzschuckiusque
933 2895 988 2938 ad
1020 2895 1170 2939 strab.
1203 2896 1256 2939 L.
1289 2896 1344 2939 X.
1380 2895 1479 2939 162.
1512 2895 1715 2943 afferunt.

311 2974 387 3030 [Β]
437 2975 641 3031 Χορειάν
680 2966 894 3015 ἐνόπλιον
936 2971 1013 3012 καὶ
1051 2967 1132 3012 τὸν
1171 2969 1237 3027 ἐν*
1261 2973 1357 3017 ταῖς
1399 2967 1588 3012 ἀσπίσιν
1626 2961 1992 3022 ἀποτελούμενον

192 3031 282 3077 ὑπὸ
312 3035 405 3076 τῶν
435 3029 721 3090 ἐγχειριδίων
752 3026 914 3086 ψόφον
942 3024 1170 3086 Κούρητες
1212 3028 1329 3081 ἦσαν
1370 3029 1416 3071 οἱ
1457 3028 1628 3086 πρῶτοι
1668 3021 1983 3079 καταστήσαν-

191 3107 285 3148 τες,
329 3091 536 3147 additque
565 3090 781 3133 Saliorum
819 3087 960 3144 peltas
1002 3087 1237 3130 simillimas
1278 3101 1372 3129 esse
1412 3086 1468 3128 iis
1510 3087 1607 3134 οἵας
1646 3086 1855 3143 λέγονται
1900 3086 1988 3140 φέ-

192 3165 290 3209 ρειν
320 3153 365 3195 οἱ
394 3147 450 3193 τὰ
478 3144 726 3204 Κουρήτων
754 3146 860 3205 παρ’
883 3143 1095 3200 Ἕλλησιν
1126 3147 1430 3194 ἔπιτελοῖντες
1468 3140 1583 3203 ἱερά.
1628 3156 1808 3201 quorum
1851 3143 1988 3199 ‘genus

192 3226 220 3254 a
251 3208 432 3268 Scepsio
464 3208 705 3265 significari
736 3207 908 3249 videtur
938 3205 1005 3248 his
1033 3206 1178 3248 verbis
1221 3221 1263 3263 p.
1296 3205 1397 3247 211.
1441 3205 1485 3247 οἱ
1524 3204 1631 3262 περὶ
1667 3200 1746 3252 τὰς
1782 3204 1858 3256 τῆς
1895 3216 1988 3258 μη-

192 3267 296 3328 πρὸς
334 3271 426 3312 τῶν
467 3270 592 3311 θεῶν
638 3266 867 3325 ἁγιστείας
914 3263 1031 3322 πρὸς
1069 3262 1284 3309 ἐνόπλιον
1323 3258 1509 3320 ὄρχησιν
1550 3261 1698 3314 ἠίθεοι
1742 3262 1818 3303 καὶ
1860 3258 1984 3317 κόροι

192 3325 468 3387 τυγχάνουσι
495 3328 867 3385 παρειλημμένοι.
928 3324 989 3367 Hi
1019 3329 1138 3366 certe
1169 3338 1252 3366 non
1295 3326 1394 3364 sunt
1435 3322 1593 3364 exoleti
1635 3318 1834 3375 Phrygii.
1897 3318 1984 3358 Cu-

196 3394 333 3431 retum
363 3387 503 3444 peltas
535 3392 740 3428 memorat
771 3383 940 3427 Statius
972 3382 1114 3425 Theb.
1151 3383 1246 3425 VII.
1282 3379 1377 3423 173.
