2150 3814
233 217 400 280 1050
760 237 996 280 121ssssss
1039 238 1470 282 SECUNDUS.

221 365 384 424 filius
429 364 633 424 Rheae
695 364 805 424 sed
866 367 998 444 ers
1046 368 1322 426 assecula
1365 377 1426 426 et
1467 368 1532 426 in
1577 367 1813 428 deliciis
1857 382 2000 430 erat.

222 465 326 525 Sic
370 467 593 546 Δειμὸς
633 467 855 547 Ἄρεως
899 466 1152 529 παιδίον
1209 465 1431 526 dicitur
1486 468 1694 545 Etym.
1739 466 1900 527 Gud.
1925 488 2002 549 p.

226 565 363 625 136.
408 564 623 623 Plutus
670 562 907 624 Cereris
949 565 1165 624 Liban.
1209 565 1379 631 Decl.
1427 568 1497 630 T.
1542 569 1644 629 IV.
1689 569 1833 630 638.
1879 569 2004 629 Sed

221 667 331 751 ἄγε
375 673 498 729 νῦν
541 665 757 748 ἑτέραν
800 666 1023 748 ὕμνων
1068 666 1270 730 ἰδέανῑ

429 1171 1414 1248 ΕΡΙΜΕΤΒΉΜ
1520 1171 1789 1253 XIV.

284 1352 1934 1407 PEMMATOLOGIA-SACRA

659 1509 738 1562 ad
791 1508 1076 1566 (LVIII.
1137 1510 1283 1578 §.fl
1340 1519 1471 1565 not.
1512 1510 1563 1564 h.

679 1712 787 1759 Πῶς
817 1706 875 1754 ὂῖν
904 1710 1059 1754 ἔπειτα
1089 1711 1370 1760 πλακοῦντος
1399 1708 1489 1769 ἐγὼ
1521 1713 1667 1754 θείοιο
1698 1710 1946 1766 λαθ·οι’μην,·

378 1859 478 1917 De
545 1859 846 1939 placentis
913 1860 1100 1917 sacris
1166 1858 1430 1918 scribere
1485 1876 1701 1918 orsuro
1755 1855 2004 1916 idemti-

211 1956 354 2017 dem
397 1959 555 2018 mihi
596 1961 663 2018 in
706 1967 978 2018 mentem
1023 1960 1198 2019 venit
1240 1959 1548 2038 prooemii
1583 1977 1621 2016 a
1654 1958 1864 2037 pueris
1898 1954 2003 2014 de-

211 2061 439 2118 cantati
510 2058 673 2118 Non
743 2058 1020 2118 dubito
1091 2058 1263 2117 fore
1332 2059 1789 2138 plerosque,
1869 2055 2002 2134 qui

205 2158 345 2217 hoc
411 2176 649 2236 genus
718 2159 1160 2237 scripturae
1228 2158 1404 2218 leve
1462 2165 1536 2215 et
1596 2174 1747 2214 non
1803 2155 2001 2213 satis

205 2257 525 2336 dignum
570 2277 1038 2318 summorum
1080 2260 1433 2319 virorum
1476 2257 1839 2338 personis
1889 2255 2002 2332 ju-

206 2358 503 2431 dicent,
550 2379 775 2438 quum
819 2359 1162 2418 relatum
1206 2359 1582 2436 legerint,
1628 2355 1848 2436 quibus
1891 2372 2002 2412 no-

204 2458 473 2516 minibus
521 2459 742 2518 Graeci
786 2468 1011 2532 tortaS,
1055 2459 1479 2537 mamphulaS‚
1524 2465 1770 2530 tractas»,
1812 2453 2001 2514 scrib-

203 2557 350 2617 litas
407 2568 469 2616 et
525 2569 725 2617 cetera
782 2557 1040 2617 bellaria
1098 2557 1489 2617 distinxerint
1546 2565 1610 2616 et
1653 2558 1757 2635 qui
1801 2555 1999 2633 cujus—
2108 2629 2114 2636 ἡ

204 2677 323 2737 que
379 2658 568 2718 fuerit
611 2677 790 2732 usuS‚
846 2678 1002 2738 quae
1048 2658 1477 2717 conformatio.
1567 2656 1729 2717 Nam
1773 2658 1998 2738 proavi

204 2758 454 2838 quidem
522 2761 719 2819 nostri
786 2758 1045 2839 perinde
1100 2761 1427 2819 aestimare
1481 2757 1794 2830 solebant,
1863 2758 1998 2817 sive

204 2861 340 2938 quis
400 2859 478 2919 de
537 2859 802 2940 crepidis
847 2870 1128 2922 veterum
1174 2861 1467 2920 scriberet
1509 2861 1643 2920 sive
1686 2858 1764 2917 de
1806 2859 1997 2934 regi·

200 2958 344 3019 hus
415 2970 646 3040 atque
717 2961 1176 3034 tetrarchiS‚
1254 2963 1508 3021 omnia
1561 2978 1834 3037 magna
1888 2959 1994 3017 lo-

202 3079 455 3139 quens.
500 3060 709 3120 Hodie
751 3080 903 3123 vero
947 3063 1001 3122 si
1045 3063 1180 3141 quis
1228 3081 1307 3121 os
1350 3062 1628 3142 populi
1671 3061 1992 3119 meruis-

205 3179 285 3219 se
340 3162 495 3221 velit
552 3200 634 3208 —-
690 3164 778 3222 nil
821 3181 1085 3243 parvum
1131 3173 1238 3222 aut
1279 3163 1501 3222 humili
1544 3161 1731 3222 modo
1776 3195 1860 3208 —
1903 3161 1993 3218 lo-

204 3271 427 3340 quatur
485 3281 733 3323 necesse
790 3272 913 3337 est,
969 3282 1126 3323 neve
1184 3263 1261 3323 de
1313 3264 1494 3344 pileis
1548 3271 1657 3321 aut
1700 3263 1991 3321 tintinna-

206 3363 371 3423 bulis
444 3373 555 3424 aut
609 3361 972 3445 muscipulis
1028 3364 1290 3425 fabulari
1350 3365 1610 3443 occipiat
1666 3360 1775 3421 sed
1831 3361 1989 3438 ejus-

2145 3511 2150 3537 ,

2142 3574 2150 3814 ι
