2184 3840
283 189 410 248 894
842 200 1067 243 moun
1114 197 1537 241 securibus.

281 332 423 410 quia
490 332 628 411 plus
686 331 953 390 dicerent
1010 342 1190 408 atque
1243 331 1363 408 ipsi
1419 331 1837 408 intelligerent.
1870 350 1881 377 »·
1932 332 2049 390 Pm-

282 441 342 490 et
385 433 692 508 geminum
738 439 1145 489 commentum
1191 428 1363 487 affert
1409 430 1763 490 Plutarchus
1809 427 2052 501 Quaest.

283 530 492 590 Graec.
549 529 840 589 XXXIX.
900 527 1041 589 399.
1098 537 1226 590 τῶν
1282 529 1740 593 ἀποθανόντων
1796 532 1855 591 οἱ
1913 532 2049 590 Πυ-
2094 520 2108 523 γ’

281 629 599 715 θαγόρειοι
646 630 888 711 λέγουσι
930 628 1040 696 τὰς
1084 628 1290 708 ψυχὰς
1332 631 1655 708 μὴποιεῖν
1694 631 1874 692 σκιὰν
1898 628 2052 708 μηδὲ

280 727 773 810 σκαρδαμύττειν
803 724 877 806 [³²]
937 737 998 784 et
1052 725 1226 785 addit
1280 726 1444 786 idem
1501 727 1772 787 accidere
1826 729 1904 787 iis
1950 729 2053 806 qui

277 831 342 886 in
384 826 698 905 penetrale
740 823 917 886 Jovis
961 825 1188 900 Lycaei
1230 825 1667 903 ingrediantur,
1711 827 1944 886 nullam
1988 836 2057 886 ut

277 926 560 991 umbram
617 926 873 999 faciant3
931 926 1050 984 alio
1106 934 1312 985 autem
1369 926 1505 984 loco
1563 925 1662 984 De
1716 926 1793 985 Is.
1851 947 1898 984 c.-
1954 926 2054 984 47.

274 1047 334 1106 p.
397 1026 534 1086 168.
607 1004 1016 1106 Theopompo
1083 1035 1331 1085 auctore
1384 1025 1598 1102 Magos
1653 1024 1838 1085 refert
1870 1023 2055 1083 *idem

274 1125 476 1189 dicere
534 1125 611 1185 de
667 1126 1018 1186 hominibus
1075 1127 1177 1204 qui
1232 1144 1529 1206 oppresso
1587 1125 1908 1184 Arimanio
1965 1126 2057 1184 vi-

274 1227 428 1285 cturi
472 1228 613 1285 sint.
658 1227 757 1286 De
801 1227 991 1286 oculis
1035 1235 1242 1284 autem
1289 1225 1454 1304 quod
1499 1224 1692 1296 addit,
1735 1226 1821 1305 μὴ
1867 1246 2057 1306 σκαρ-

272 1324 642 1407 δαμύττειν,
689 1326 980 1388 convenit
1023 1344 1160 1384 cum
1204 1324 1652 1405 Aegyptiorum
1695 1324 1871 1401 nugis
1890 1366 1907 1396 ,
1952 1325 2058 1402 qui

274 1425 423 1484 deos
482 1427 728 1502 agnosci
772 1425 1058 1485 dixerunt
1099 1435 1232 1484 tum
1279 1426 1614 1485 oculorum
1640 1423 1858 1486 obtutu
1902 1441 2057 1482 nun—

272 1543 456 1604 quam
519 1526 1008 1597 conniventium,
1066 1534 1196 1583 tum
1238 1526 1478 1587 incessu
1523 1541 1823 1604 suspenso
1865 1523 2058 1582 fluxo-

271 1644 388 1704 que
451 1624 626 1684 velut
692 1626 1011 1686 volitantis
1079 1642 1205 1683 non
1257 1624 1590 1702 gradientis
1648 1622 1899 1684 Heliod.
1953 1623 2057 1681 111.

278 1725 372 1784 12.
433 1745 492 1804 p.
556 1723 693 1784 125.
756 1724 896 1798 Quo
952 1726 1090 1784 loco
1148 1726 1361 1784 mirari
1405 1725 1720 1784 succurrit
1741 1723 2056 1782 fatuorum

273 1826 551 1884 omnium
595 1827 866 1904 ineptiae
910 1843 1094 1904 quam
1140 1823 1262 1882 sibi
1306 1834 1598 1885 constent.
1685 1806 1843 1888 Nam
1888 1831 2057 1900 post-

272 1943 460 2005 quam
531 1924 811 1985 desivere
878 1925 1134 1984 deorum
1192 1933 1440 2002 aspectu
1497 1923 1650 1995 frui,
1707 1922 1936 1982 fabula
1975 1921 2057 1980 ad

271 2035 510 2106 spectra
562 2026 858 2085 translata
911 2035 1033 2097 est,
1088 2042 1244 2103 quae
1298 2031 1369 2085 ut
1413 2019 1802 2084 Camerarius
1845 2021 2059 2082 scribit

270 2126 421 2184 Hor.
479 2124 712 2184 subsec.
772 2122 941 2184 Cent.
985 2125 1062 2183 ΙΙ.
1111 2122 1206 2182 15.
1250 2142 1311 2201 p.
1356 2120 1456 2182 59.
1511 2140 1660 2181 11011
1702 2120 2058 2182 naturali·

269 2225 491 2286 modo
583 2223 822 2304 pedes
914 2224 1366 2284 alternatim
1445 2220 1937 2282 attollendos
1978 2240 2057 2282 se

271 2343 735 2406 promovere
793 2336 866 2384 et
922 2343 1134 2384 more
1190 2324 1702 2384 animantium
1740 2341 2053 2401 progre-

271 2427 346 2485 di
408 2424 541 2485 sed
583 2425 807 2486 velut
850 2425 1011 2484 levi
1055 2433 1293 2483 vento
1337 2421 1750 2482 naviculae
1791 2423 2054 2481 instar

268 2523 580 2605 prolabi
624 2524 1005 2583 dicuntur.
1091 2522 1266 2581 Adeo
1311 2521 1534 2580 falsum
1579 2527 1692 2591 est,
1738 2519 1905 2598 quod
1947 2519 2053 2578 ille

269 2626 417 2685 dicit
469 2625 927 2702 opinionum
971 2630 1400 2681 commenta
1442 2619 1661 2678 delet
1704 2618 1902 2695 dies3
1948 2619 2048 2678 de-

268 2727 352 2784 let
394 2727 637 2804 utique,
682 2721 794 2782 sed
835 2726 901 2782 in
945 2722 1138 2795 diem,
1184 2740 1330 2781 mox
1374 2725 1804 2783 resUrrectura.
1882 2720 2051 2794 Sicut

269 2834 473 2883 autem
520 2833 583 2882 et
623 2823 807 2902 hujus
853 2833 914 2882 et
936 2823 1350 2902 Aegyptiacae
1393 2823 1641 2882 fabulae
1683 2823 1841 2880 ratio
1883 2838 1916 2876 e
1942 2821 2048 2877 tri-

271 2926 373 2983 vio
431 2925 725 3002 repetita,
780 2926 900 2997 ita,
957 2922 1125 3003 quod
1180 2923 1406 2998 Lycaei
1463 2922 1702 2982 accolae
1746 2919 1824 2978 de
1868 2919 2047 3000 asciis

267 3024 394 3082 suis
447 3024 806 3097 narrabant,
861 3024 1060 3084 simile
1113 3034 1206 3083 est
1258 3021 1598 3095 miraculiS,
1655 3039 1811 3102 quae
1865 3019 2046 3078 sacri-

267 3125 425 3181 stani
482 3122 739 3185 advenis
784 3127 1054 3204 ingerere
1107 3124 1335 3196 solent,
1395 3126 1718 3198 inventum
1763 3119 1919 3178 illud
1964 3118 2044 3178 ad

384 3350 468 3405 [72]
512 3350 581 3393 cf.
613 3351 679 3393 De
709 3353 754 3394 S.
788 3354 846 3396 N.
880 3356 929 3395 v.
961 3354 1042 3406 22,
1074 3352 1173 3397 268.
