2254 3952
499 898 890 976 PARS
1002 897 1641 974 TERTIA.

281 1087 1113 1138 FRAGMENTA
1213 1084 1846 1136 INGERTA.

905 1390 1077 1451 CAP.
1164 1393 1210 1450 Ι.

588 1537 702 1597 De
771 1537 1186 1597 aetatibus
1246 1508 1531 1597 mundi.

48 1737 69 1754 ⁴
165 1668 529 1789 Polymito
590 1710 999 1791 Orphicorum
1065 1711 1402 1770 carminum
1460 1718 1628 1769 texto
1683 1725 1763 1769 ne
1807 1711 1956 1791 quid

164 1810 247 1872 ad
288 1812 655 1874 varietatem
701 1809 962 1883 deesset,
1006 1819 1248 1872 veteres
1294 1809 1459 1870 docti
1485 1809 1771 1888 judaicas
1809 1830 1956 1891 quo-

162 1931 280 1992 que
353 1912 676 1993 opiniones
740 1913 1092 1984 insuerunt,
1179 1909 1455 1991 illudque
1513 1907 1954 1972 Chiliastarum

163 2019 579 2072 commentum
622 2010 700 2072 de
742 2011 925 2090 hujus
967 2010 1183 2071 mundi
1240 2013 1770 2072 consummatione
1813 2020 1958 2092 post

163 2129 272 2171 sex
313 2112 661 2171 millenaria
706 2120 1157 2192 consequutura
1176 2098 1270 2194 [Ἴ.
1312 2106 1403 2172 Le
1448 2110 1660 2171 Grand
1702 2112 1769 2169 in
1809 2109 1957 2170 Dis-

165 2220 306 2272 sert.
364 2204 513 2272 crit.
572 2222 634 2271 et
687 2211 843 2272 Phil.
899 2231 960 2292 p.
1024 2211 1162 2273 103.
1217 2213 1545 2271 interim
1601 2212 1749 2289 quo
1794 2210 1956 2290 pla-

165 2313 343 2371 nius
389 2311 837 2391 explicetur
879 2314 1421 2392 septenarium
1453 2308 1656 2369 illud
1696 2328 1735 2368 a
1771 2308 1952 2368 Pico
2000 2344 2004 2345 ν

164 2410 725 2470 Mirandulano
767 2412 847 2469 in
893 2410 1265 2490 Orphicis
1309 2411 1474 2470 suis
1519 2409 1956 2468 conclusio—

163 2510 392 2571 nibus
450 2511 653 2570 circa
708 2510 1459 2572 consummationem
1517 2510 1771 2569 seculi
1814 2529 1954 2569 me-

163 2622 541 2672 moratum
598 2610 887 2672 discas:
944 2611 1236 2673 Aetate
1287 2611 1370 2671 in
1423 2620 1655 2670 sexta
1704 2630 1955 2670 cessa-

163 2711 283 2772 bit
341 2711 711 2773 machina
769 2713 1075 2788 mundi;
1153 2710 1361 2772 illud
1419 2729 1776 2790 magnum
1833 2709 1954 2768 Ju-

160 2812 502 2873 bilaeum
546 2823 618 2873 et
660 2832 1008 2892 magnum
1052 2812 1658 2893 Sabbatum“[‘¹⁸]
1703 2809 1954 2869 Lemoi-

161 2914 302 2974 nius
370 2912 513 2975 Not.
582 2913 665 2974 ad
732 2913 876 2974 Var.
939 2914 1105 2975 Sacr.
1161 2934 1223 2995 p.
1280 2910 1424 2973 855.
1478 2910 1774 2991 Ultimo
1830 2908 1954 2968 bis

161 3013 618 3075 millenario
715 3018 981 3096 spatio
1083 3015 1354 3096 elapso
1442 3014 1519 3072 in
1607 3012 1953 3092 septimo

280 3184 342 3241 [ὃ]
373 3198 416 3229 v.
448 3184 634 3229 Corrodi
664 3186 928 3229 Geschichte
958 3185 1034 3229 des
1065 3185 1323 3229 chiliasmus
1351 3184 1407 3226 T.
1437 3183 1497 3226 ΙΙ.
1527 3179 1627 3226 445.

281 3243 375 3301 [⁸²]
408 3243 586 3288 Ficitms
628 3244 790 3289 Comm.
832 3245 876 3288 in
915 3245 1028 3288 Plat.
1071 3246 1241 3288 Phileb.
1285 3258 1321 3285 c.
1352 3242 1424 3286 65.
1458 3240 1583 3286 1269.
1624 3241 1682 3283 in
1713 3252 1952 3296 genera-

163 3299 324 3344 tione
364 3309 528 3347 sexta
558 3303 829 3362 Orpheus
871 3304 1110 3361 hymnus
1139 3302 1314 3347 finiri
1340 3302 1536 3358 Jubet,
1569 3299 1738 3356 quasi
1767 3299 1849 3341 sit
1876 3297 1955 3339 in-

162 3357 447 3414 effabile3
490 3363 586 3405 ubi
627 3363 923 3408 senarium
965 3362 1269 3407 celebrari
1313 3361 1379 3404 ab
1411 3360 1642 3418 Orpheo
1682 3362 1954 3414 tanquam

164 3415 334 3460 finem
365 3419 521 3463 sicut
550 3435 577 3465 a
608 3421 769 3466 Mose
802 3421 1068 3465 videmus.
