2150 3814
269 246 394 306 916
807 258 1042 302 mama
1084 255 1509 302 SECUNDUS.

272 390 636 449 Exortivam
694 395 900 446 autem
956 385 1173 444 mundi
1234 395 1468 464 partem
1525 387 1831 468 plerisque
1873 398 2040 449 vete-

270 508 408 549 rum
465 488 831 548 diviniorem
899 485 1099 544 visam
1158 502 1289 542 esse
1342 486 1614 546 indicant
1673 488 2041 567 templorum

269 592 423 648 situs
467 597 528 646 et
570 585 1031 645 simulacrorum
1074 584 1385 660 positurae
1430 595 1491 644 et
1536 589 1914 667 precantium
1959 587 2037 646 ad

271 691 452 747 istam
497 687 803 761 regionem
850 683 1187 750 conversio,
1234 680 1487 761 eamque
1528 693 1658 746 tum
1704 688 1887 767 prisci
1917 685 2041 745 He-

272 787 438 844 braei
495 794 624 842 tum
685 781 1056 840 Graecorum
1114 791 1176 838 et
1216 780 1628 844 Romanorum
1674 781 2039 866 nonnulli[¹]

269 886 531 943 anticam
589 882 872 940 dixerunt
927 890 988 939 et
1046 888 1252 959 partes
1297 880 1375 939 ad
1420 884 1766 959 aquilonem
1810 885 2039 957 laevaS,

269 983 350 1042 ad
394 993 664 1041 austrum
712 980 971 1040 dextras
1030 980 1281 1040 Servius
1327 979 1406 1038 ad
1451 980 1601 1039 Aen‘.
1645 984 1720 1042 Π.
1764 983 1905 1042 693.
1949 986 2038 1042 si-
2120 967 2130 974 ’

268 1086 568 1143 nistras
625 1092 885 1163 partes
942 1081 1619 1159 septentrionales
1675 1100 1840 1142 esse
1894 1083 2038 1142 dis·

271 1184 567 1264 ciplina
644 1199 1006 1259 augurum
1085 1181 1478 1240 consentit
1552 1190 1623 1239 et
1697 1181 1873 1241 ideo
1951 1202 2039 1242 ex

267 1286 440 1364 ipsa
494 1293 718 1362 parte
775 1279 1424 1357 significantiora
1479 1298 1641 1339 esse
1686 1281 2035 1355 fulmina,
2119 1328 2129 1339 .

265 1384 625 1462 quoniam
688 1381 976 1439 altiora
1034 1388 1107 1436 et
1172 1380 1564 1439 viciniora
1633 1378 2036 1440 domicilio

264 1481 504 1542 Jovis.
567 1500 686 1560 quo
742 1480 992 1537 nomine
1036 1477 1230 1537 Varro
1276 1497 1513 1557 quoque
1557 1482 2034 1559 septentrionem

262 1582 557 1658 designat,
602 1600 667 1638 re
710 1581 848 1658 ipsa
892 1576 1242 1655 discrepans
1287 1597 1383 1657 ap.
1426 1578 1480 1636 F
1483 1588 1590 1637 est.
1625 1598 1670 1638 s.
1709 1580 2032 1640 Sinistrae:

262 1700 299 1739 a
371 1680 684 1738 deorum
755 1676 935 1736 sede
991 1695 1215 1754 quum
1274 1678 1347 1734 in
1405 1678 1808 1738 meridiem
1865 1699 2032 1760 spe-

262 1791 449 1853 ctes,
495 1778 586 1837 ad
630 1780 1033 1837 sinistrum
1079 1787 1258 1835 sunt
1301 1787 1564 1855 partes
1608 1779 1871 1838 mundi
1917 1800 2029 1840 ex-

260 1882 640 1950 orienteS,
709 1876 801 1935 ad
870 1875 1223 1934 dextrum
1283 1877 1764 1952 occidentes,
1826 1880 2027 1939 unde

259 1980 544 2039 factum
605 1977 979 2047 arbitror,
1037 1984 1119 2033 ut
1162 1976 1494 2035 sinistra
1536 1977 1866 2038 meliora
1909 1999 2027 2039 au-

256 2079 504 2157 spicia
571 2096 791 2156 quam
860 2075 1131 2133 dextra
1187 2077 1757 2135 existimentur.
1863 2078 2028 2138 Huic
2118 2129 2120 2132 .

257 2197 330 2235 ex
386 2187 562 2256 parte
613 2175 1028 2255 adstipulatur
1083 2174 1314 2232 Plinius
1358 2175 1432 2232 Π.
1479 2173 1577 2234 55.
1620 2177 1843 2236 laeva
1886 2177 2026 2238 ful—

254 2363 386 2421 Soph.
417 2363 528 2406 Oed.
561 2362 612 2405 C.
642 2359 741 2405 477.
783 2363 826 2406 οἱ
854 2359 957 2410 τοὺς
985 2358 1250 2419 καθαρμοὺς
1278 2362 1504 2410 τελοῦντες
1532 2360 1645 2422 πρὸς
1672 2360 1752 2414 τὴν
1779 2364 1837 2408 ἕω
1865 2365 2022 2419 ἵσταν..

252 2437 351 2474 ται,
395 2422 506 2476 quod
537 2421 611 2462 ille
641 2420 810 2463 Cratini
838 2420 1076 2461 testimonio
1108 2419 1341 2460 confirmat.
1372 2420 1587 2461 Lucianus
1618 2427 1766 2463 contra
1807 2423 1860 2463 de
1891 2421 2020 2466 Mort.

253 2482 430 2535 Peregr.
462 2494 497 2520 c.
529 2478 598 2520 36.
629 2476 728 2520 298.
761 2478 817 2519 Τ.
846 2478 967 2518 VIII.
999 2478 1075 2519 καὶ
1105 2473 1232 2533 εἶπεγ
1261 2478 1306 2524 ἐς
1333 2475 1412 2530 τὴν
1439 2483 1724 2535 μεσημβρίαν
1753 2478 2022 2534 ἀποβλέπων

252 2540 349 2593 (καὶ
381 2535 469 2595 γὰρ
500 2539 627 2579 τοῦτο
659 2534 773 2595 πρὸς
800 2533 880 2586 τὴν
908 2533 1164 2591 τραγῳδίαν
1192 2538 1248 2587 ὴν
1288 2531 1314 2588 ἡ
1354 2537 1633 2594 μεσημβρία)
1677 2537 1889 2595 δαίμονες
1926 2556 2020 2598 μη-

251 2599 384 2656 τρῷοι
413 2597 489 2638 καὶ
517 2596 714 2650 πατρῷοι
747 2593 941 2642 δέξασθέ
965 2606 1024 2650 με
1055 2590 1246 2649 εὐμενῆ,
1289 2593 1364 2633 ubi
1394 2593 1641 2636 daemonum
1682 2596 1848 2638 nomine
1888 2598 2020 2653 signi-

253 2656 438 2696 ficantur
466 2653 616 2696 Manes
646 2657 881 2708 parentum.
942 2650 1147 2692 Similiter
1176 2650 1289 2706 apud
1320 2650 1545 2694 Claudian.
1578 2652 1631 2694 de
1662 2653 1736 2695 VI.
1768 2654 1896 2697 Cons.
1926 2656 2019 2699 Ho-

251 2727 342 2754 nor.
381 2711 480 2754 328.
532 2711 734 2758 sacerdos
776 2709 1197 2766 purificumque
1237 2709 1428 2751 Jovem
1473 2711 1846 2768 Triviamque
1888 2728 2018 2770 pre-

251 2776 416 2813 catus
453 2774 616 2812 trans
660 2773 826 2824 caput
861 2767 1164 2822 jaculatur
1205 2767 1261 2808 in
1302 2774 1554 2810 austrum
1598 2783 1783 2813 secum
1823 2778 2016 2829 raptu-

252 2844 345 2872 rus
388 2833 623 2870 cantata
663 2826 886 2882 piacula
925 2825 1139 2866 taedas.
1196 2825 1258 2867 Et
1298 2825 1544 2869 Manichaei
1573 2825 1626 2869 τὰ
1653 2829 1742 2886 μὲν
1776 2834 1917 2887 μέρη,
1963 2829 2012 2874 τὸ

251 2884 538 2940 ἀνατολικὸν,
582 2883 762 2928 ὃυτικὸν
792 2886 868 2926 καὶ
895 2880 1072 2940 βόρειον
1101 2886 1161 2939 τῷ
1190 2882 1350 2941 ἀγαθῷ
1394 2882 1595 2939 διδόασι,
1649 2884 1697 2930 τὸ
1739 2886 1789 2930 δὲ
1829 2885 2012 2947 μεσήμ..

247 2950 404 3002 βρινον
431 2946 492 2999 τῷ
522 2947 643 2999 κακῷ
683 2942 871 3000 Simplic.
911 2943 966 2984 ad
995 2941 1142 2997 Epict.
1183 2957 1218 2983 c.
1258 2942 1460 2984 XXXIV.
1499 2958 1536 2999 p.
1575 2943 1673 2987 166.
1736 2944 1862 2996 Quae
1902 2948 2012 2990 Por-
2096 2983 2099 2987 .

249 3003 426 3059 pbyrius
456 3003 509 3043 de
540 3002 698 3059 duplici
727 3001 967 3057 Nymphaei
997 3000 1115 3042 exitu
1146 2999 1361 3061 disputat,
1406 3008 1642 3057 praetereo.

363 3097 427 3156 [ἱ]
472 3102 584 3143 Nam
614 3116 696 3143 non
726 3114 869 3143 omnes
897 3100 1007 3143 idem
1036 3100 1294 3141 statuebant.
1353 3100 1531 3141 Festus:
1562 3100 1642 3142 Ea
1672 3096 2008 3158 coelipars‚

246 3174 388 3216 quae
430 3159 551 3201 sol-e
581 3159 926 3201 illustratur
955 3172 1129 3213 usque
1159 3159 1221 3199 ad
1251 3157 1568 3211 meridiem,
1612 3161 1837 3211 antica,
1870 3175 2010 3216 quae

248 3218 315 3260 ad
341 3218 821 3273 septentrionem,
864 3217 1103 3274 postica.
1165 3216 1281 3266 Quin
1309 3216 1483 3258 eundem
1516 3231 1747 3272 augurem,
1780 3233 1900 3274 quem
1932 3220 2007 3262 Li-

245 3277 341 3318 vius
369 3276 406 3319 1.
439 3275 508 3318 18.
551 3283 821 3332 prospectum
859 3277 903 3318 in
934 3275 1136 3317 orientem
1175 3275 1337 3330 cepisse
1376 3282 1548 3331 narrat,
1592 3280 1736 3317 austro
1781 3277 2006 3320 obversum

243 3334 406 3376 inducit
435 3334 691 3376 Plutarchus
725 3335 776 3377 V.
811 3335 930 3378 Rom.
975 3349 1012 3375 c.
1055 3334 1173 3375 VIII.
1215 3335 1268 3375 cf.
1313 3333 1509 3392 Fabretti
1550 3333 1604 3375 ad
1647 3333 1838 3376 Column.
1881 3336 2005 3391 Traj.

243 3408 285 3449 p.
324 3393 393 3435 28.
