2210 3886
782 288 1239 332 onpuch.
1761 228 1882 336 8οί

123 425 226 503 qui
283 421 594 499 utriusque
648 418 841 498 partis
900 426 1209 476 momenta
1262 416 1566 505 subtiliter
1621 422 1885 502 pensita-

123 523 297 584 verit.
385 518 688 598 Orphicae
745 517 1058 575 doctrinae
1109 517 1280 575 nulla
1334 527 1427 575 est
1480 529 1622 578 ante
1665 521 1887 597 Pytha-

122 638 328 699 goram
371 619 701 691 memoria3
743 616 904 675 hunc
948 625 1055 675 aut
1095 617 1451 693 magistrum
1497 619 1627 695 ejus
1670 619 1886 679 Phere-

120 717 339 795 cydem
412 718 752 777 communis
821 715 986 775 fama
1053 725 1234 795 atque
1293 715 1494 776 sermo
1551 720 1888 799 principem

117 818 599 878 immortalitatis
668 825 1033 878 assertorem
1099 815 1249 888 fert,
1314 824 1385 875 ut
1442 817 1749 878 Maximus
1806 820 1893 876 ait

116 918 281 977 Diss,
325 917 490 977 XVI.
534 917 678 977 287.
724 915 903 996 (not.)
939 913 1335 1000 Πυθαγόρας
1378 924 1620 999 πρῶτος
1665 922 1730 982 ἓν
1757 918 1894 979 Ἕλ-

120 1027 294 1098 λησιν
361 1015 695 1100 ἐτόλμησεν
762 1021 980 1088 εἰπεῖν,
1038 1015 1132 1077 ὅτι
1188 1016 1360 1097 αὐτῷ
1414 1016 1484 1077 τὸ
1540 1015 1659 1099 μὲν
1715 1025 1895 1099 σῶμα

118 1114 509 1196 τεθνήξεται,
565 1117 604 1196 ἡ
660 1115 729 1179 δὲ
782 1115 952 1198 ψυχὴ
999 1115 1332 1177 ἀναπτᾶσα
1377 1113 1683 1196 οἰχήσεται
1727 1119 1895 1178 ἀθα-

119 1217 229 1297 νὴς
281 1217 387 1279 καὶ
443 1214 712 1303 ἀγήρως·
769 1214 874 1277 καὶ
915 1214 1036 1300 γὰρ
1082 1215 1239 1278 εἶναι
1283 1215 1478 1296 αὐτὴν
1519 1215 1669 1299 πρὶν
1710 1216 1896 1300 δεῦρο

115 1317 313 1397 ἥκειν·
373 1324 437 1375 et
490 1314 709 1375 eodem
764 1313 954 1373 modo
1012 1315 1120 1373 alii
1176 1315 1374 1374 multi.
1472 1316 1591 1375 Pro
1650 1315 1897 1396 Orpheo

118 1424 321 1475 autem
355 1417 652 1496 perpauci
686 1423 850 1475 stant
883 1422 946 1473 et
977 1415 1180 1474 minus
1216 1417 1363 1474 certi
1391 1425 1690 1490 auctoreS,
1731 1417 1898 1495 iique

121 1515 527 1596 Orphicorum
582 1532 878 1576 versuum
935 1516 1290 1574 testimonio
1336 1515 1507 1595 freti,
1551 1534 1702 1596 quos
1744 1515 1899 1573 nihil

119 1614 323 1675 obstat
367 1616 693 1696 quominus
749 1612 830 1673 ad
872 1633 1152 1674 normam
1197 1615 1635 1694 Pythagoricae
1679 1613 1901 1673 doctri-

117 1734 234 1774 nae
289 1716 463 1774 fictos
520 1714 855 1776 credamus,
954 1713 1078 1772 Sed
1136 1715 1284 1793 quid
1327 1715 1601 1792 agimus'.l
1645 1712 1900 1772 oblitine

118 1833 328 1874 sumus
373 1814 712 1886 Thracum,
758 1812 988 1892 Orphei
1031 1813 1382 1890 gentilium,
1427 1832 1579 1893 quos
1617 1812 1900 1872 Herodo-

119 1924 217 1973 tus
276 1911 534 1973 eandem
591 1913 956 1972 sententiam
1015 1913 1332 1994 amplexos
1392 1906 1666 1994 dicitilff]
1711 1915 1783 1973 In
1825 1914 1900 1972 il-

117 2013 250 2072 lum
309 2022 514 2073 autem
574 2012 893 2072 barbariae
937 2013 1223 2090 angulum
1269 2013 1346 2073 ab
1394 2016 1668 2074 omnium
1713 2013 1901 2072 Grae-

120 2132 327 2173 corum
382 2112 778 2191 religionibus
834 2122 896 2171 et
951 2111 1290 2193 disciplinis
1345 2123 1406 2173 et
1462 2115 1655 2174 literis
1699 2114 1901 2192 sejun-

119 2221 284 2273 ctum
319 2213 704 2291 Pythagorae
737 2210 1087 2272 'doctrinam
1131 2231 1545 2293 permanasse,
1591 2215 1724 2293 quis
1768 2222 1901 2273 tan-

122 2312 263 2371 dem
320 2312 522 2371 dicere
576 2310 838 2371 audeat'l
895 2310 1092 2371 Nemo
1147 2318 1331 2386 sane3⁴
1377 2312 1487 2371 sed
1532 2311 1609 2371 de
1653 2312 1899 2372 Thraci-

119 2412 233 2471 bus
299 2412 452 2491 ipsis
510 2410 779 2470 dubitari
833 2418 1072 2489 potest,
1147 2428 1298 2468 num
1355 2412 1420 2470 in
1477 2411 1727 2486 eadem,
1779 2431 1901 2491 qua

118 2511 514 2589 PythagoraS,
558 2510 850 2590 opinione
883 2509 1127 2568 fuerint.
1170 2508 1527 2571 Herodotus
1560 2512 1677 2571 hoc
1708 2511 1898 2571 modo

121 2610 196 2670 V.
252 2611 311 2671 4.
388 2610 661 2694 Τραυσοὶ
712 2609 791 2672 τοὶ
845 2609 964 2691 μὲν
1017 2611 1172 2673 ἄλλα
1227 2608 1435 2673 πάντα
1488 2611 1647 2675 κατὰ
1700 2611 1900 2675 ταύτὰ

119 2716 248 2781 τοῖς
292 2712 529 2774 ἄλλοισι
577 2709 765 2793 Θρῃξὶ
806 2711 1201 2785 ἐπιτελέουσι,
1256 2710 1416 2773 κατὰ
1459 2711 1528 2773 δὲ
1569 2711 1684 2774 τὸν
1724 2709 1900 2797 γινό-

122 2807 316 2892 μενόν
370 2832 483 2894 σφι
538 2810 645 2873 καὶ
699 2807 1153 2897 ἀπογινόμενον
1205 2818 1442 2874 ποιεῦσι
1492 2809 1733 2873 τοιάδε·
1787 2810 1901 2874 τὸν

123 2908 240 2990 μὲν
293 2907 631 2995 γενόμενον
663 2909 1074 2994 περιιζόμενοι
1128 2913 1187 2974 οἱ
1228 2909 1626 2994 προςήκοντες
1668 2907 1896 2993 ὀλοφύ-

126 3031 374 3091 ρονται,
431 3010 549 3074 ὅσα
599 3033 712 3093 μιν
767 3010 895 3084 δεῖ,
953 3010 1080 3074 ἐπεί
1131 3036 1196 3073 τε
1241 3012 1505 3096 ἐγένετο,
1550 3012 1900 3089 ἀναπλῆσαι

125 3105 288 3171 κακοί
342 3143 425 3153 —-
479 3109 593 3174 τὸν
659 3109 729 3174 δὲ
792 3109 1251 3197 ἀπογενόμενον
1303 3110 1621 3187 παίζοντές
1676 3135 1742 3174 τε
1795 3111 1901 3174 καὶ

124 3206 416 3290 ἡδόμενοι
468 3218 548 3296 γῇ
601 3208 973 3294 κρύπτουσι,
1045 3212 1413 3296 ἐπιλέγοντες
1468 3211 1637 3275 ὅσων
1689 3219 1900 3274 κακῶν

129 3309 603 3389 ἐξαπαλλαχθεὶς
647 3312 774 3374 ἔστι
817 3314 884 3376 ἐν
925 3309 1095 3391 πάσῃ
1139 3311 1519 3394 εὐδαιμονίῃ·
1565 3309 1732 3392 quod
1775 3327 1899 3369 non

246 3432 308 3488 [θ]
339 3448 380 3475 v.
409 3435 598 3480 Boeckh.
628 3437 846 3482 Philolaus
874 3452 915 3494 p.
949 3437 1044 3479 181.

217 3507 276 3558 ΙΙ.
1523 3511 1564 3571 2
