<?xml version="1.0" encoding="UTF-8"?>
<!DOCTYPE html PUBLIC "-//W3C//DTD XHTML 1.0 Transitional//EN"
    "http://www.w3.org/TR/xhtml1/DTD/xhtml1-transitional.dtd">
<html xmlns="http://www.w3.org/1999/xhtml" xml:lang="en" lang="en">
 <head>
  <title>
</title>
<meta http-equiv="Content-Type" content="text/html;charset=utf-8" />
  <meta name='ocr-system' content='tesseract 3.04.00' />
  <meta name='ocr-capabilities' content='ocr_page ocr_carea ocr_par ocr_line ocrx_word'/>
</head>
<body>
  <div class='ocr_page' id='page_1' title='image "./aglaophamussived02lobeuoft_0544.png"; bbox 0 0 2150 3814; ppageno 0'>
   <div class='ocr_carea' id='block_1_1' title="bbox 265 213 1468 272">
    <p class='ocr_par' dir='ltr' id='par_1_1' title="bbox 265 213 1468 272">
     <span class='ocr_line' id='line_1_1' title="bbox 265 213 1468 272; baseline -0.004 0"><span class='ocrx_word' id='word_1_1' title='bbox 265 213 428 272; x_wconf 83' lang='lat'>1320</span> <span class='ocrx_word' id='word_1_2' title='bbox 814 226 1049 268; x_wconf 64' lang='lat' dir='ltr'><strong>cissfflz</strong></span> <span class='ocrx_word' id='word_1_3' title='bbox 1107 227 1468 270; x_wconf 64' lang='lat' dir='ltr'><strong>ruamus.</strong></span> 
     </span>
    </p>
   </div>
   <div class='ocr_carea' id='block_1_2' title="bbox 234 353 2031 2529">
    <p class='ocr_par' dir='ltr' id='par_1_2' title="bbox 253 353 2030 735">
     <span class='ocr_line' id='line_1_2' title="bbox 256 353 2030 435; baseline -0.001 -20"><span class='ocrx_word' id='word_1_4' title='bbox 256 354 338 415; x_wconf 91' lang='lat' dir='ltr'><strong>ad</strong></span> <span class='ocrx_word' id='word_1_5' title='bbox 381 355 694 434; x_wconf 88' lang='lat' dir='ltr'><strong>Lamprid.</strong></span> <span class='ocrx_word' id='word_1_6' title='bbox 740 356 948 414; x_wconf 88' lang='lat' dir='ltr'><strong>Sever.</strong></span> <span class='ocrx_word' id='word_1_7' title='bbox 994 375 1040 413; x_wconf 94' lang='lat' dir='ltr'><strong>c.</strong></span> <span class='ocrx_word' id='word_1_8' title='bbox 1085 353 1184 415; x_wconf 88' lang='grc'><strong>61.</strong></span> <span class='ocrx_word' id='word_1_9' title='bbox 1214 356 1314 434; x_wconf 76' lang='lat'>[1’1’]</span> <span class='ocrx_word' id='word_1_10' title='bbox 1371 354 1534 435; x_wconf 87' lang='lat' dir='ltr'><strong>quod</strong></span> <span class='ocrx_word' id='word_1_11' title='bbox 1577 357 1782 434; x_wconf 89' lang='lat' dir='ltr'><strong>ipsum</strong></span> <span class='ocrx_word' id='word_1_12' title='bbox 1826 365 2030 414; x_wconf 87' lang='lat' dir='ltr'><strong>tamen</strong></span> 
     </span>
     <span class='ocr_line' id='line_1_3' title="bbox 254 454 2029 535; baseline -0.001 -20"><span class='ocrx_word' id='word_1_13' title='bbox 254 474 378 515; x_wconf 91' lang='lat' dir='ltr'><strong>non</strong></span> <span class='ocrx_word' id='word_1_14' title='bbox 422 456 593 534; x_wconf 91' lang='lat' dir='ltr'><strong>prius</strong></span> <span class='ocrx_word' id='word_1_15' title='bbox 650 454 879 513; x_wconf 89' lang='lat' dir='ltr'><strong>factum</strong></span> <span class='ocrx_word' id='word_1_16' title='bbox 935 463 1029 512; x_wconf 92' lang='lat' dir='ltr'><strong>est</strong></span> <span class='ocrx_word' id='word_1_17' title='bbox 1082 472 1266 532; x_wconf 88' lang='lat' dir='ltr'><strong>quam</strong></span> <span class='ocrx_word' id='word_1_18' title='bbox 1322 473 1436 535; x_wconf 91' lang='lat' dir='ltr'><strong>pro</strong></span> <span class='ocrx_word' id='word_1_19' title='bbox 1493 454 1708 516; x_wconf 83' lang='lat' dir='ltr'><strong>Italiae</strong></span> <span class='ocrx_word' id='word_1_20' title='bbox 1767 454 2029 513; x_wconf 90' lang='lat' dir='ltr'><strong>alumnis</strong></span> 
     </span>
     <span class='ocr_line' id='line_1_4' title="bbox 254 553 2030 631; baseline -0.002 -17"><span class='ocrx_word' id='word_1_21' title='bbox 254 565 316 614; x_wconf 91' lang='lat' dir='ltr'><strong>et</strong></span> <span class='ocrx_word' id='word_1_22' title='bbox 357 571 611 613; x_wconf 91' lang='lat' dir='ltr'><strong>romana</strong></span> <span class='ocrx_word' id='word_1_23' title='bbox 645 555 973 631; x_wconf 87' lang='lat' dir='ltr'><strong>juventute</strong></span> <span class='ocrx_word' id='word_1_24' title='bbox 1015 553 1287 614; x_wconf 87' lang='lat' dir='ltr'><strong>Batavos</strong></span> <span class='ocrx_word' id='word_1_25' title='bbox 1332 565 1394 614; x_wconf 92' lang='lat' dir='ltr'><strong>et</strong></span> <span class='ocrx_word' id='word_1_26' title='bbox 1438 555 1781 614; x_wconf 87' lang='lat' dir='ltr'><strong>Germanos</strong></span> <span class='ocrx_word' id='word_1_27' title='bbox 1823 555 1889 612; x_wconf 89' lang='lat' dir='ltr'><strong>in</strong></span> <span class='ocrx_word' id='word_1_28' title='bbox 1934 556 2030 612; x_wconf 91' lang='lat' dir='ltr'><strong>sui</strong></span> 
     </span>
     <span class='ocr_line' id='line_1_5' title="bbox 253 653 1409 735; baseline -0.001 -20"><span class='ocrx_word' id='word_1_29' title='bbox 253 653 595 715; x_wconf 84' lang='lat' dir='ltr'>custodiam</span> <span class='ocrx_word' id='word_1_30' title='bbox 641 654 900 730; x_wconf 82' lang='lat' dir='ltr'>allegere</span> <span class='ocrx_word' id='word_1_31' title='bbox 944 655 1290 733; x_wconf 89' lang='lat' dir='ltr'><strong>coepissent</strong></span> <span class='ocrx_word' id='word_1_32' title='bbox 1316 656 1409 735; x_wconf 71' lang='lat' dir='ltr'><strong>[q].</strong></span> 
     </span>
    </p>

    <p class='ocr_par' dir='ltr' id='par_1_3' title="bbox 234 753 2031 2529">
     <span class='ocr_line' id='line_1_6' title="bbox 417 753 2029 831; baseline -0.001 -19"><span class='ocrx_word' id='word_1_33' title='bbox 417 753 591 812; x_wconf 89' lang='lat' dir='ltr'><strong>Haec</strong></span> <span class='ocrx_word' id='word_1_34' title='bbox 643 753 822 812; x_wconf 89' lang='lat' dir='ltr'><strong>nobis</strong></span> <span class='ocrx_word' id='word_1_35' title='bbox 877 753 1224 813; x_wconf 85' lang='lat' dir='ltr'><strong>interfanda</strong></span> <span class='ocrx_word' id='word_1_36' title='bbox 1277 754 1554 827; x_wconf 77' lang='lat' dir='ltr'><strong>fuerunt,</strong></span> <span class='ocrx_word' id='word_1_37' title='bbox 1611 772 1729 831; x_wconf 92' lang='lat' dir='ltr'><strong>quo</strong></span> <span class='ocrx_word' id='word_1_38' title='bbox 1787 753 2029 812; x_wconf 82' lang='lat' dir='ltr'>facilius</span> 
     </span>
     <span class='ocr_line' id='line_1_7' title="bbox 248 850 2030 929; baseline -0.002 -15"><span class='ocrx_word' id='word_1_39' title='bbox 248 854 460 914; x_wconf 89' lang='lat' dir='ltr'><strong>variae</strong></span> <span class='ocrx_word' id='word_1_40' title='bbox 519 853 596 911; x_wconf 90' lang='lat' dir='ltr'><strong>de</strong></span> <span class='ocrx_word' id='word_1_41' title='bbox 650 855 903 911; x_wconf 91' lang='lat' dir='ltr'><strong>nomine</strong></span> <span class='ocrx_word' id='word_1_42' title='bbox 947 863 1009 913; x_wconf 91' lang='lat' dir='ltr'><strong>et</strong></span> <span class='ocrx_word' id='word_1_43' title='bbox 1049 863 1268 912; x_wconf 90' lang='lat' dir='ltr'><strong>natura</strong></span> <span class='ocrx_word' id='word_1_44' title='bbox 1313 850 1684 913; x_wconf 88' lang='lat' dir='ltr'><strong>Cobalorum</strong></span> <span class='ocrx_word' id='word_1_45' title='bbox 1728 854 2030 929; x_wconf 89' lang='lat' dir='ltr'><strong>conjectu-</strong></span> 
     </span>
     <span class='ocr_line' id='line_1_8' title="bbox 245 950 2029 1031; baseline -0.002 -19"><span class='ocrx_word' id='word_1_46' title='bbox 245 972 353 1012; x_wconf 87' lang='lat' dir='ltr'><strong>rae</strong></span> <span class='ocrx_word' id='word_1_47' title='bbox 411 952 680 1031; x_wconf 88' lang='lat' dir='ltr'><strong>judicari</strong></span> <span class='ocrx_word' id='word_1_48' title='bbox 747 963 1015 1031; x_wconf 86' lang='lat' dir='ltr'><strong>possent.</strong></span> <span class='ocrx_word' id='word_1_49' title='bbox 1128 954 1256 1012; x_wconf 92' lang='lat' dir='ltr'><strong>Eos</strong></span> <span class='ocrx_word' id='word_1_50' title='bbox 1317 952 1649 1012; x_wconf 89' lang='lat' dir='ltr'><strong>daemones</strong></span> <span class='ocrx_word' id='word_1_51' title='bbox 1705 951 1896 1011; x_wconf 87' lang='lat' dir='ltr'><strong>fuisse</strong></span> <span class='ocrx_word' id='word_1_52' title='bbox 1952 950 2029 1009; x_wconf 92' lang='lat' dir='ltr'><strong>de</strong></span> 
     </span>
     <span class='ocr_line' id='line_1_9' title="bbox 245 1052 2031 1132; baseline -0.001 -21"><span class='ocrx_word' id='word_1_53' title='bbox 245 1052 466 1112; x_wconf 87' lang='lat' dir='ltr'><strong>Bacchi</strong></span> <span class='ocrx_word' id='word_1_54' title='bbox 509 1052 903 1112; x_wconf 90' lang='lat' dir='ltr'><strong>contubernio</strong></span> <span class='ocrx_word' id='word_1_55' title='bbox 940 1054 1166 1114; x_wconf 88' lang='lat' dir='ltr'><strong>vernili</strong></span> <span class='ocrx_word' id='word_1_56' title='bbox 1193 1053 1455 1132; x_wconf 86' lang='lat' dir='ltr'><strong>quadam</strong></span> <span class='ocrx_word' id='word_1_57' title='bbox 1483 1052 1827 1132; x_wconf 81' lang='lat' dir='ltr'><strong>petulantia</strong></span> <span class='ocrx_word' id='word_1_58' title='bbox 1851 1069 2031 1131; x_wconf 91' lang='lat' dir='ltr'><strong>prae-</strong></span> 
     </span>
     <span class='ocr_line' id='line_1_10' title="bbox 246 1152 2031 1232; baseline -0.001 -22"><span class='ocrx_word' id='word_1_59' title='bbox 246 1152 410 1211; x_wconf 91' lang='lat' dir='ltr'><strong>ditos</strong></span> <span class='ocrx_word' id='word_1_60' title='bbox 469 1153 628 1211; x_wconf 90' lang='lat' dir='ltr'><strong>clare</strong></span> <span class='ocrx_word' id='word_1_61' title='bbox 683 1155 1048 1231; x_wconf 85' lang='lat' dir='ltr'>pronunciat</span> <span class='ocrx_word' id='word_1_62' title='bbox 1099 1154 1544 1232; x_wconf 88' lang='lat' dir='ltr'><strong>Harpocratio‚</strong></span> <span class='ocrx_word' id='word_1_63' title='bbox 1599 1153 1767 1213; x_wconf 91' lang='lat' dir='ltr'><strong>solus</strong></span> <span class='ocrx_word' id='word_1_64' title='bbox 1823 1158 2031 1211; x_wconf 89' lang='lat' dir='ltr'><strong>tamen</strong></span> 
     </span>
     <span class='ocr_line' id='line_1_11' title="bbox 243 1251 2027 1332; baseline -0.001 -21"><span class='ocrx_word' id='word_1_65' title='bbox 243 1253 350 1311; x_wconf 92' lang='lat' dir='ltr'><strong>ille</strong></span> <span class='ocrx_word' id='word_1_66' title='bbox 371 1253 440 1332; x_wconf 73' lang='lat'><strong>[¹]</strong></span> <span class='ocrx_word' id='word_1_67' title='bbox 501 1262 571 1310; x_wconf 93' lang='lat' dir='ltr'><strong>ut</strong></span> <span class='ocrx_word' id='word_1_68' title='bbox 639 1251 907 1311; x_wconf 92' lang='lat' dir='ltr'><strong>dubitari</strong></span> <span class='ocrx_word' id='word_1_69' title='bbox 973 1254 1176 1332; x_wconf 87' lang='lat' dir='ltr'><strong>possit</strong></span> <span class='ocrx_word' id='word_1_70' title='bbox 1244 1263 1451 1312; x_wconf 90' lang='lat' dir='ltr'><strong>utrum</strong></span> <span class='ocrx_word' id='word_1_71' title='bbox 1508 1261 1749 1314; x_wconf 90' lang='lat' dir='ltr'><strong>veteres</strong></span> <span class='ocrx_word' id='word_1_72' title='bbox 1806 1252 2027 1310; x_wconf 89' lang='lat' dir='ltr'><strong>Graeci</strong></span> 
     </span>
     <span class='ocr_line' id='line_1_12' title="bbox 245 1349 2027 1430; baseline 0 -21"><span class='ocrx_word' id='word_1_73' title='bbox 245 1349 510 1409; x_wconf 88' lang='lat' dir='ltr'><strong>Cobalos</strong></span> <span class='ocrx_word' id='word_1_74' title='bbox 552 1351 713 1410; x_wconf 91' lang='lat' dir='ltr'><strong>ullos</strong></span> <span class='ocrx_word' id='word_1_75' title='bbox 755 1353 1034 1412; x_wconf 85' lang='lat' dir='ltr'><strong>venerati</strong></span> <span class='ocrx_word' id='word_1_76' title='bbox 1086 1354 1210 1410; x_wconf 90' lang='lat' dir='ltr'><strong>sint</strong></span> <span class='ocrx_word' id='word_1_77' title='bbox 1249 1371 1330 1411; x_wconf 88' lang='lat' dir='ltr'><strong>an</strong></span> <span class='ocrx_word' id='word_1_78' title='bbox 1373 1351 1762 1412; x_wconf 89' lang='lat' dir='ltr'><strong>Comicorum</strong></span> <span class='ocrx_word' id='word_1_79' title='bbox 1807 1352 2027 1430; x_wconf 90' lang='lat' dir='ltr'><strong>aliquis</strong></span> 
     </span>
     <span class='ocr_line' id='line_1_13' title="bbox 241 1450 2027 1532; baseline -0.001 -23"><span class='ocrx_word' id='word_1_80' title='bbox 241 1451 488 1509; x_wconf 82' lang='lat' dir='ltr'><strong>finxerit</strong></span> <span class='ocrx_word' id='word_1_81' title='bbox 527 1450 640 1509; x_wconf 92' lang='lat' dir='ltr'><strong>hos</strong></span> <span class='ocrx_word' id='word_1_82' title='bbox 686 1452 863 1530; x_wconf 82' lang='lat' dir='ltr'>quasi</span> <span class='ocrx_word' id='word_1_83' title='bbox 904 1450 1326 1531; x_wconf 90' lang='lat' dir='ltr'><strong>impudentiae</strong></span> <span class='ocrx_word' id='word_1_84' title='bbox 1383 1463 1444 1511; x_wconf 89' lang='lat' dir='ltr'><strong>et</strong></span> <span class='ocrx_word' id='word_1_85' title='bbox 1486 1453 1874 1532; x_wconf 82' lang='lat' dir='ltr'><strong>procacitatis</strong></span> <span class='ocrx_word' id='word_1_86' title='bbox 1920 1450 2027 1509; x_wconf 51' lang='lat' dir='ltr'><strong>dam</strong></span> 
     </span>
     <span class='ocr_line' id='line_1_14' title="bbox 240 1550 2024 1632; baseline 0.001 -24"><span class='ocrx_word' id='word_1_87' title='bbox 240 1561 404 1609; x_wconf 90' lang='lat' dir='ltr'><strong>tores</strong></span> <span class='ocrx_word' id='word_1_88' title='bbox 465 1559 649 1630; x_wconf 89' lang='lat' dir='ltr'><strong>atque</strong></span> <span class='ocrx_word' id='word_1_89' title='bbox 709 1550 1023 1628; x_wconf 78' lang='lat' dir='ltr'><strong>adJ‘utores</strong></span> <span class='ocrx_word' id='word_1_90' title='bbox 1071 1550 1250 1624; x_wconf 90' lang='lat' dir='ltr'><strong>deos,</strong></span> <span class='ocrx_word' id='word_1_91' title='bbox 1316 1571 1436 1631; x_wconf 92' lang='lat' dir='ltr'><strong>quo</strong></span> <span class='ocrx_word' id='word_1_92' title='bbox 1481 1551 1729 1632; x_wconf 89' lang='lat' dir='ltr'><strong>quidem</strong></span> <span class='ocrx_word' id='word_1_93' title='bbox 1775 1553 2024 1609; x_wconf 90' lang='lat' dir='ltr'><strong>nomine</strong></span> 
     </span>
     <span class='ocr_line' id='line_1_15' title="bbox 239 1650 2026 1731; baseline 0 -22"><span class='ocrx_word' id='word_1_94' title='bbox 239 1652 306 1709; x_wconf 90' lang='lat' dir='ltr'><strong>in</strong></span> <span class='ocrx_word' id='word_1_95' title='bbox 361 1650 677 1730; x_wconf 89' lang='lat' dir='ltr'><strong>Aristoph.</strong></span> <span class='ocrx_word' id='word_1_96' title='bbox 734 1651 884 1731; x_wconf 89' lang='lat' dir='ltr'><strong>qu.</strong></span> <span class='ocrx_word' id='word_1_97' title='bbox 944 1651 1086 1711; x_wconf 84' lang='lat'><strong>639.</strong></span> <span class='ocrx_word' id='word_1_98' title='bbox 1133 1653 1426 1725; x_wconf 73' lang='lat' dir='ltr'><strong>citantur,</strong></span> <span class='ocrx_word' id='word_1_99' title='bbox 1470 1653 1524 1710; x_wconf 95' lang='lat' dir='ltr'><strong>si</strong></span> <span class='ocrx_word' id='word_1_100' title='bbox 1569 1661 1840 1713; x_wconf 90' lang='lat' dir='ltr'><strong>veterem</strong></span> <span class='ocrx_word' id='word_1_101' title='bbox 1881 1652 2026 1730; x_wconf 83' lang='lat' dir='ltr'><strong>reti-</strong></span> 
     </span>
     <span class='ocr_line' id='line_1_16' title="bbox 236 1751 2024 1831; baseline 0 -22"><span class='ocrx_word' id='word_1_102' title='bbox 236 1767 453 1810; x_wconf 85' lang='lat' dir='ltr'><strong>nemus</strong></span> <span class='ocrx_word' id='word_1_103' title='bbox 507 1751 866 1825; x_wconf 83' lang='lat' dir='ltr'><strong>lectionem3</strong></span> <span class='ocrx_word' id='word_1_104' title='bbox 925 1770 1123 1831; x_wconf 91' lang='lat' dir='ltr'><strong>neque</strong></span> <span class='ocrx_word' id='word_1_105' title='bbox 1175 1753 1374 1811; x_wconf 89' lang='lat' dir='ltr'><strong>refelli</strong></span> <span class='ocrx_word' id='word_1_106' title='bbox 1427 1753 1656 1831; x_wconf 90' lang='lat' dir='ltr'><strong>poterit</strong></span> <span class='ocrx_word' id='word_1_107' title='bbox 1709 1753 1764 1812; x_wconf 92' lang='lat' dir='ltr'><strong>si</strong></span> <span class='ocrx_word' id='word_1_108' title='bbox 1808 1751 2024 1810; x_wconf 86' lang='lat' dir='ltr'><strong>Gram-</strong></span> 
     </span>
     <span class='ocr_line' id='line_1_17' title="bbox 238 1851 2023 1931; baseline 0.001 -23"><span class='ocrx_word' id='word_1_109' title='bbox 238 1852 499 1909; x_wconf 89' lang='lat' dir='ltr'><strong>maticos</strong></span> <span class='ocrx_word' id='word_1_110' title='bbox 543 1851 744 1910; x_wconf 93' lang='lat' dir='ltr'><strong>locum</strong></span> <span class='ocrx_word' id='word_1_111' title='bbox 791 1851 1097 1930; x_wconf 83' lang='lat' dir='ltr'><strong>quendam</strong></span> <span class='ocrx_word' id='word_1_112' title='bbox 1143 1853 1514 1930; x_wconf 85' lang='lat' dir='ltr'><strong>ambiguum,</strong></span> <span class='ocrx_word' id='word_1_113' title='bbox 1557 1855 1624 1911; x_wconf 89' lang='lat' dir='ltr'><strong>in</strong></span> <span class='ocrx_word' id='word_1_114' title='bbox 1657 1871 1778 1931; x_wconf 93' lang='lat' dir='ltr'><strong>quo</strong></span> <span class='ocrx_word' id='word_1_115' title='bbox 1815 1851 2023 1928; x_wconf 83' lang='lat' dir='ltr'><strong>Satyri</strong></span> 
     </span>
     <span class='ocr_line' id='line_1_18' title="bbox 241 1949 2023 2035; baseline 0.001 -27"><span class='ocrx_word' id='word_1_116' title='bbox 241 1950 429 2010; x_wconf 89' lang='lat' dir='ltr'><strong>aliive</strong></span> <span class='ocrx_word' id='word_1_117' title='bbox 472 1949 695 2009; x_wconf 90' lang='lat' dir='ltr'><strong>Bacchi</strong></span> <span class='ocrx_word' id='word_1_118' title='bbox 740 1969 1139 2028; x_wconf 85' lang='lat' dir='ltr'><strong>congerrones</strong></span> <span class='ocrx_word' id='word_1_119' title='bbox 1181 1951 1438 2035; x_wconf 78' lang='grc' dir='ltr'><em>κόβαλοι</em></span> <span class='ocrx_word' id='word_1_120' title='bbox 1481 1960 1882 2026; x_wconf 87' lang='lat' dir='ltr'><strong>vocarentur,</strong></span> <span class='ocrx_word' id='word_1_121' title='bbox 1926 1970 2023 2010; x_wconf 89' lang='lat' dir='ltr'><strong>ar-</strong></span> 
     </span>
     <span class='ocr_line' id='line_1_19' title="bbox 237 2049 2022 2130; baseline 0.001 -23"><span class='ocrx_word' id='word_1_122' title='bbox 237 2051 555 2108; x_wconf 90' lang='lat' dir='ltr'><strong>tificiosius</strong></span> <span class='ocrx_word' id='word_1_123' title='bbox 614 2049 692 2108; x_wconf 88' lang='lat' dir='ltr'><strong>de</strong></span> <span class='ocrx_word' id='word_1_124' title='bbox 746 2053 1000 2129; x_wconf 92' lang='lat' dir='ltr'><strong>proprio</strong></span> <span class='ocrx_word' id='word_1_125' title='bbox 1057 2051 1327 2130; x_wconf 90' lang='lat' dir='ltr'><strong>quodam</strong></span> <span class='ocrx_word' id='word_1_126' title='bbox 1386 2051 1758 2110; x_wconf 90' lang='lat' dir='ltr'><strong>daemonum</strong></span> <span class='ocrx_word' id='word_1_127' title='bbox 1803 2070 2022 2129; x_wconf 87' lang='lat' dir='ltr'><strong>genere</strong></span> 
     </span>
     <span class='ocr_line' id='line_1_20' title="bbox 235 2150 2020 2229; baseline 0.002 -22"><span class='ocrx_word' id='word_1_128' title='bbox 235 2150 670 2229; x_wconf 89' lang='lat' dir='ltr'><strong>interpretatos</strong></span> <span class='ocrx_word' id='word_1_129' title='bbox 729 2167 863 2208; x_wconf 89' lang='lat' dir='ltr'><strong>esse</strong></span> <span class='ocrx_word' id='word_1_130' title='bbox 919 2159 1166 2210; x_wconf 88' lang='lat' dir='ltr'><strong>statuat.</strong></span> <span class='ocrx_word' id='word_1_131' title='bbox 1266 2150 1391 2211; x_wconf 84' lang='lat' dir='ltr'><strong>Sed</strong></span> <span class='ocrx_word' id='word_1_132' title='bbox 1445 2153 1498 2210; x_wconf 91' lang='lat' dir='ltr'><strong>si</strong></span> <span class='ocrx_word' id='word_1_133' title='bbox 1555 2151 1662 2229; x_wconf 91' lang='lat' dir='ltr'><strong>qui</strong></span> <span class='ocrx_word' id='word_1_134' title='bbox 1716 2150 2020 2210; x_wconf 89' lang='lat' dir='ltr'><strong>semideo-</strong></span> 
     </span>
     <span class='ocr_line' id='line_1_21' title="bbox 234 2248 2020 2324; baseline 0.001 -17"><span class='ocrx_word' id='word_1_135' title='bbox 234 2268 372 2308; x_wconf 90' lang='lat' dir='ltr'><strong>rum</strong></span> <span class='ocrx_word' id='word_1_136' title='bbox 427 2251 516 2308; x_wconf 91' lang='lat' dir='ltr'><strong>ita</strong></span> <span class='ocrx_word' id='word_1_137' title='bbox 573 2248 720 2307; x_wconf 91' lang='lat' dir='ltr'><strong>dicti</strong></span> <span class='ocrx_word' id='word_1_138' title='bbox 775 2260 947 2324; x_wconf 82' lang='lat' dir='ltr'><strong>sunt,</strong></span> <span class='ocrx_word' id='word_1_139' title='bbox 1034 2253 1081 2310; x_wconf 93' lang='lat' dir='ltr'><strong>ii</strong></span> <span class='ocrx_word' id='word_1_140' title='bbox 1136 2259 1296 2310; x_wconf 90' lang='lat' dir='ltr'><strong>certe</strong></span> <span class='ocrx_word' id='word_1_141' title='bbox 1349 2249 1665 2310; x_wconf 89' lang='lat' dir='ltr'><strong>scurrandi</strong></span> <span class='ocrx_word' id='word_1_142' title='bbox 1715 2259 1780 2309; x_wconf 91' lang='lat' dir='ltr'><strong>et</strong></span> <span class='ocrx_word' id='word_1_143' title='bbox 1821 2249 2020 2309; x_wconf 85' lang='lat' dir='ltr'><strong>ludifi-</strong></span> 
     </span>
     <span class='ocr_line' id='line_1_22' title="bbox 237 2346 2018 2432; baseline 0.001 -25"><span class='ocrx_word' id='word_1_144' title='bbox 237 2347 418 2407; x_wconf 89' lang='lat' dir='ltr'><strong>candi</strong></span> <span class='ocrx_word' id='word_1_145' title='bbox 463 2357 594 2408; x_wconf 89' lang='lat' dir='ltr'><strong>arte</strong></span> <span class='ocrx_word' id='word_1_146' title='bbox 640 2351 951 2430; x_wconf 90' lang='lat' dir='ltr'><strong>conspicui</strong></span> <span class='ocrx_word' id='word_1_147' title='bbox 993 2350 1198 2424; x_wconf 87' lang='lat' dir='ltr'><strong>fuere,</strong></span> <span class='ocrx_word' id='word_1_148' title='bbox 1255 2350 1423 2410; x_wconf 87' lang='lat' dir='ltr'><strong>haud</strong></span> <span class='ocrx_word' id='word_1_149' title='bbox 1464 2350 1680 2432; x_wconf 91' lang='lat' dir='ltr'><strong>procul</strong></span> <span class='ocrx_word' id='word_1_150' title='bbox 1724 2346 2018 2410; x_wconf 89' lang='lat' dir='ltr'><strong>Coboldis</strong></span> 
     </span>
     <span class='ocr_line' id='line_1_23' title="bbox 234 2450 2018 2529; baseline 0 -22"><span class='ocrx_word' id='word_1_151' title='bbox 234 2450 461 2511; x_wconf 89' lang='lat' dir='ltr'><strong>nostris</strong></span> <span class='ocrx_word' id='word_1_152' title='bbox 506 2451 641 2511; x_wconf 89' lang='lat' dir='ltr'><strong>sive</strong></span> <span class='ocrx_word' id='word_1_153' title='bbox 683 2451 1051 2525; x_wconf 90' lang='lat' dir='ltr'><strong>virunculis,</strong></span> <span class='ocrx_word' id='word_1_154' title='bbox 1096 2461 1168 2511; x_wconf 92' lang='lat' dir='ltr'><strong>ut</strong></span> <span class='ocrx_word' id='word_1_155' title='bbox 1211 2461 1451 2525; x_wconf 86' lang='lat' dir='ltr'><strong>vocant,</strong></span> <span class='ocrx_word' id='word_1_156' title='bbox 1497 2451 1869 2524; x_wconf 88' lang='lat' dir='ltr'><strong>domesticis,</strong></span> <span class='ocrx_word' id='word_1_157' title='bbox 1912 2451 2018 2529; x_wconf 88' lang='lat' dir='ltr'><strong>qui</strong></span> 
     </span>
    </p>
   </div>
   <div class='ocr_carea' id='block_1_3' title="bbox 236 2591 2013 2709">
    <p class='ocr_par' dir='ltr' id='par_1_4' title="bbox 236 2591 2013 2709">
     <span class='ocr_line' id='line_1_24' title="bbox 356 2591 2013 2651; baseline -0.001 -18"><span class='ocrx_word' id='word_1_158' title='bbox 356 2591 455 2647; x_wconf 68' lang='lat' dir='ltr'><strong>[Pr]</strong></span> <span class='ocrx_word' id='word_1_159' title='bbox 499 2591 603 2633; x_wconf 90' lang='lat' dir='ltr'><strong>Sine</strong></span> <span class='ocrx_word' id='word_1_160' title='bbox 643 2591 729 2634; x_wconf 91' lang='lat' dir='ltr'><strong>ullo</strong></span> <span class='ocrx_word' id='word_1_161' title='bbox 774 2592 1005 2649; x_wconf 87' lang='lat' dir='ltr'><strong>opprobrio</strong></span> <span class='ocrx_word' id='word_1_162' title='bbox 1051 2592 1270 2636; x_wconf 82' lang='lat' dir='ltr'><strong>Celtarum</strong></span> <span class='ocrx_word' id='word_1_163' title='bbox 1311 2594 1514 2636; x_wconf 90' lang='lat' dir='ltr'><strong>nobilium</strong></span> <span class='ocrx_word' id='word_1_164' title='bbox 1555 2593 1734 2637; x_wconf 87' lang='lat' dir='ltr'><strong>soldurii</strong></span> <span class='ocrx_word' id='word_1_165' title='bbox 1773 2591 2013 2651; x_wconf 80' lang='lat' dir='ltr'><strong>parasiti</strong></span> 
     </span>
     <span class='ocr_line' id='line_1_25' title="bbox 236 2650 2009 2709; baseline -0.001 -18"><span class='ocrx_word' id='word_1_166' title='bbox 236 2655 448 2691; x_wconf 80' lang='lat' dir='ltr'><strong>vocantur</strong></span> <span class='ocrx_word' id='word_1_167' title='bbox 477 2664 520 2692; x_wconf 87' lang='lat' dir='ltr'><strong>v.</strong></span> <span class='ocrx_word' id='word_1_168' title='bbox 553 2650 739 2692; x_wconf 89' lang='lat' dir='ltr'><strong>Casaub.</strong></span> <span class='ocrx_word' id='word_1_169' title='bbox 770 2651 826 2693; x_wconf 90' lang='lat' dir='ltr'><strong>ad</strong></span> <span class='ocrx_word' id='word_1_170' title='bbox 855 2651 1009 2693; x_wconf 85' lang='lat' dir='ltr'><strong>Athen.</strong></span> <span class='ocrx_word' id='word_1_171' title='bbox 1042 2652 1116 2693; x_wconf 91' lang='lat' dir='ltr'><strong>VI.</strong></span> <span class='ocrx_word' id='word_1_172' title='bbox 1149 2668 1184 2694; x_wconf 92' lang='lat' dir='ltr'><strong>c.</strong></span> <span class='ocrx_word' id='word_1_173' title='bbox 1219 2654 1286 2695; x_wconf 87' lang='grc'><strong>12.</strong></span> <span class='ocrx_word' id='word_1_174' title='bbox 1327 2667 1391 2709; x_wconf 91' lang='lat' dir='ltr'><strong>sq.</strong></span> <span class='ocrx_word' id='word_1_175' title='bbox 1429 2652 1580 2695; x_wconf 89' lang='lat' dir='ltr'><strong>Petav.</strong></span> <span class='ocrx_word' id='word_1_176' title='bbox 1619 2653 1673 2694; x_wconf 90' lang='lat' dir='ltr'><strong>ad</strong></span> <span class='ocrx_word' id='word_1_177' title='bbox 1712 2651 1926 2708; x_wconf 88' lang='lat' dir='ltr'><strong>Epiphan.</strong></span> <span class='ocrx_word' id='word_1_178' title='bbox 1967 2665 2009 2706; x_wconf 89' lang='lat' dir='ltr'><strong>p.</strong></span> 
     </span>
    </p>
   </div>
   <div class='ocr_carea' id='block_1_4' title="bbox 233 2708 2103 2824">
    <p class='ocr_par' dir='ltr' id='par_1_5' title="bbox 233 2708 2103 2824">
     <span class='ocr_line' id='line_1_26' title="bbox 234 2708 2103 2755; baseline 0.002 -6"><span class='ocrx_word' id='word_1_179' title='bbox 234 2708 303 2750; x_wconf 89' lang='lat'><strong>78.</strong></span> <span class='ocrx_word' id='word_1_180' title='bbox 346 2708 542 2751; x_wconf 86' lang='lat' dir='ltr'><strong>Oberlin.</strong></span> <span class='ocrx_word' id='word_1_181' title='bbox 574 2709 629 2750; x_wconf 90' lang='lat' dir='ltr'><strong>ad</strong></span> <span class='ocrx_word' id='word_1_182' title='bbox 661 2709 785 2750; x_wconf 87' lang='lat' dir='ltr'><strong>Caes.</strong></span> <span class='ocrx_word' id='word_1_183' title='bbox 816 2710 870 2751; x_wconf 93' lang='grc' dir='ltr'><strong>Β.</strong></span> <span class='ocrx_word' id='word_1_184' title='bbox 903 2709 1020 2752; x_wconf 84' lang='lat' dir='ltr'><strong>Gall.</strong></span> <span class='ocrx_word' id='word_1_185' title='bbox 1049 2710 1129 2752; x_wconf 91' lang='lat' dir='ltr'><strong>III.</strong></span> <span class='ocrx_word' id='word_1_186' title='bbox 1159 2711 1229 2753; x_wconf 87' lang='grc'><strong>21.</strong></span> <span class='ocrx_word' id='word_1_187' title='bbox 1291 2711 1452 2753; x_wconf 83' lang='lat' dir='ltr'><strong>Sturzii</strong></span> <span class='ocrx_word' id='word_1_188' title='bbox 1493 2711 1676 2755; x_wconf 81' lang='lat' dir='ltr'><strong>Dissert.</strong></span> <span class='ocrx_word' id='word_1_189' title='bbox 1718 2710 1771 2751; x_wconf 89' lang='lat' dir='ltr'><strong>de</strong></span> <span class='ocrx_word' id='word_1_190' title='bbox 1811 2709 2007 2750; x_wconf 87' lang='lat' dir='ltr'><strong>Commo·</strong></span> <span class='ocrx_word' id='word_1_191' title='bbox 2099 2747 2103 2753; x_wconf 88' lang='lat'><strong>.</strong></span> 
     </span>
     <span class='ocr_line' id='line_1_27' title="bbox 233 2766 2089 2824; baseline 0 -16"><span class='ocrx_word' id='word_1_192' title='bbox 233 2766 445 2809; x_wconf 87' lang='lat' dir='ltr'><strong>rientibus</strong></span> <span class='ocrx_word' id='word_1_193' title='bbox 474 2767 624 2809; x_wconf 86' lang='lat' dir='ltr'><strong>laudat</strong></span> <span class='ocrx_word' id='word_1_194' title='bbox 651 2767 877 2818; x_wconf 86' lang='lat' dir='ltr'><strong>Harlesius</strong></span> <span class='ocrx_word' id='word_1_195' title='bbox 908 2770 951 2811; x_wconf 84' lang='lat' dir='ltr'><strong>in</strong></span> <span class='ocrx_word' id='word_1_196' title='bbox 981 2768 1113 2811; x_wconf 88' lang='lat' dir='ltr'><strong>Fabr.</strong></span> <span class='ocrx_word' id='word_1_197' title='bbox 1143 2769 1195 2812; x_wconf 87' lang='lat' dir='ltr'><strong>B.</strong></span> <span class='ocrx_word' id='word_1_198' title='bbox 1229 2770 1308 2811; x_wconf 87' lang='lat' dir='ltr'><strong>Gr.</strong></span> <span class='ocrx_word' id='word_1_199' title='bbox 1342 2770 1398 2811; x_wconf 92' lang='lat' dir='ltr'><strong>T.</strong></span> <span class='ocrx_word' id='word_1_200' title='bbox 1429 2770 1488 2816; x_wconf 88' lang='lat' dir='ltr'><strong>II.</strong></span> <span class='ocrx_word' id='word_1_201' title='bbox 1518 2768 1618 2812; x_wconf 79' lang='lat'><strong>439.</strong></span> <span class='ocrx_word' id='word_1_202' title='bbox 1650 2769 1814 2810; x_wconf 83' lang='lat' dir='ltr'><strong>Contra</strong></span> <span class='ocrx_word' id='word_1_203' title='bbox 1846 2767 2010 2824; x_wconf 90' lang='lat' dir='ltr'><strong>impu·</strong></span> <span class='ocrx_word' id='word_1_204' title='bbox 2084 2799 2089 2819; x_wconf 60' lang='lat' dir='ltr'><em>r</em></span> 
     </span>
    </p>
   </div>
   <div class='ocr_carea' id='block_1_5' title="bbox 234 2824 2010 3406">
    <p class='ocr_par' dir='ltr' id='par_1_6' title="bbox 235 2824 2010 2940">
     <span class='ocr_line' id='line_1_28' title="bbox 235 2824 2010 2883; baseline 0 -16"><span class='ocrx_word' id='word_1_205' title='bbox 235 2824 352 2867; x_wconf 88' lang='lat' dir='ltr'><strong>dici</strong></span> <span class='ocrx_word' id='word_1_206' title='bbox 400 2830 454 2867; x_wconf 88' lang='lat' dir='ltr'><strong>et</strong></span> <span class='ocrx_word' id='word_1_207' title='bbox 505 2826 764 2868; x_wconf 85' lang='lat' dir='ltr'><strong>obscoeni</strong></span> <span class='ocrx_word' id='word_1_208' title='bbox 815 2825 1162 2883; x_wconf 81' lang='lat' dir='ltr'><strong>aliquamdiu</strong></span> <span class='ocrx_word' id='word_1_209' title='bbox 1203 2828 1474 2871; x_wconf 82' lang='lat' dir='ltr'><strong>officiosi</strong></span> <span class='ocrx_word' id='word_1_210' title='bbox 1515 2826 1706 2870; x_wconf 83' lang='lat' dir='ltr'><strong>vocati</strong></span> <span class='ocrx_word' id='word_1_211' title='bbox 1756 2831 1886 2869; x_wconf 80' lang='lat' dir='ltr'><strong>sunt</strong></span> <span class='ocrx_word' id='word_1_212' title='bbox 1929 2825 2010 2867; x_wconf 86' lang='lat' dir='ltr'><strong>Se-</strong></span> 
     </span>
     <span class='ocr_line' id='line_1_29' title="bbox 237 2884 1147 2940; baseline 0.003 -15"><span class='ocrx_word' id='word_1_213' title='bbox 237 2898 344 2926; x_wconf 83' lang='lat' dir='ltr'><strong>neca</strong></span> <span class='ocrx_word' id='word_1_214' title='bbox 383 2884 573 2940; x_wconf 81' lang='lat' dir='ltr'><strong>Epitom.</strong></span> <span class='ocrx_word' id='word_1_215' title='bbox 607 2884 826 2934; x_wconf 57' lang='lat' dir='ltr'><strong>,Controw</strong></span> <span class='ocrx_word' id='word_1_216' title='bbox 859 2884 910 2928; x_wconf 91' lang='lat' dir='ltr'><strong>L.</strong></span> <span class='ocrx_word' id='word_1_217' title='bbox 942 2886 1017 2927; x_wconf 90' lang='lat' dir='ltr'><strong>IV.</strong></span> <span class='ocrx_word' id='word_1_218' title='bbox 1049 2885 1147 2928; x_wconf 78' lang='lat'><strong>259.</strong></span> 
     </span>
    </p>

    <p class='ocr_par' dir='ltr' id='par_1_7' title="bbox 234 2941 2009 3277">
     <span class='ocr_line' id='line_1_30' title="bbox 356 2941 2009 3000; baseline -0.002 -15"><span class='ocrx_word' id='word_1_219' title='bbox 356 2941 430 2998; x_wconf 80' lang='lat' dir='ltr'><strong>[q]</strong></span> <span class='ocrx_word' id='word_1_220' title='bbox 488 2943 669 2984; x_wconf 89' lang='lat' dir='ltr'><strong>Veteres</strong></span> <span class='ocrx_word' id='word_1_221' title='bbox 699 2943 1024 2999; x_wconf 86' lang='lat' dir='ltr'><strong>inscriptiones,</strong></span> <span class='ocrx_word' id='word_1_222' title='bbox 1066 2944 1110 2986; x_wconf 88' lang='lat' dir='ltr'><strong>in</strong></span> <span class='ocrx_word' id='word_1_223' title='bbox 1151 2945 1306 3000; x_wconf 87' lang='lat' dir='ltr'><strong>quibus</strong></span> <span class='ocrx_word' id='word_1_224' title='bbox 1345 2959 1495 2987; x_wconf 90' lang='lat' dir='ltr'><strong>nomen</strong></span> <span class='ocrx_word' id='word_1_225' title='bbox 1540 2943 1779 2985; x_wconf 82' lang='lat' dir='ltr'><strong>Germanus</strong></span> <span class='ocrx_word' id='word_1_226' title='bbox 1819 2955 2009 2983; x_wconf 86' lang='lat' dir='ltr'><strong>scurram</strong></span> 
     </span>
     <span class='ocr_line' id='line_1_31' title="bbox 235 2999 2009 3056; baseline -0.001 -15"><span class='ocrx_word' id='word_1_227' title='bbox 235 3000 469 3042; x_wconf 85' lang='lat' dir='ltr'><strong>mimarium</strong></span> <span class='ocrx_word' id='word_1_228' title='bbox 500 3001 743 3056; x_wconf 86' lang='lat' dir='ltr'><strong>significare</strong></span> <span class='ocrx_word' id='word_1_229' title='bbox 782 3001 952 3056; x_wconf 83' lang='lat' dir='ltr'><strong>videtur</strong></span> <span class='ocrx_word' id='word_1_230' title='bbox 991 3017 1085 3045; x_wconf 90' lang='lat' dir='ltr'><strong>cum</strong></span> <span class='ocrx_word' id='word_1_231' title='bbox 1126 3002 1252 3045; x_wconf 86' lang='lat' dir='ltr'><strong>simili</strong></span> <span class='ocrx_word' id='word_1_232' title='bbox 1291 3002 1507 3046; x_wconf 84' lang='lat' dir='ltr'><strong>Martialis</strong></span> <span class='ocrx_word' id='word_1_233' title='bbox 1545 3001 1639 3044; x_wconf 89' lang='lat' dir='ltr'><strong>loco</strong></span> <span class='ocrx_word' id='word_1_234' title='bbox 1681 3000 1862 3043; x_wconf 81' lang='lat' dir='ltr'><strong>contulit</strong></span> <span class='ocrx_word' id='word_1_235' title='bbox 1899 2999 2009 3042; x_wconf 87' lang='lat' dir='ltr'><strong>For-</strong></span> 
     </span>
     <span class='ocr_line' id='line_1_32' title="bbox 236 3056 2007 3104; baseline 0 -5"><span class='ocrx_word' id='word_1_236' title='bbox 236 3058 414 3100; x_wconf 89' lang='lat' dir='ltr'><strong>cellinus</strong></span> <span class='ocrx_word' id='word_1_237' title='bbox 444 3060 488 3100; x_wconf 86' lang='lat' dir='ltr'><strong>iu</strong></span> <span class='ocrx_word' id='word_1_238' title='bbox 517 3059 626 3101; x_wconf 89' lang='lat' dir='ltr'><strong>Lex.</strong></span> <span class='ocrx_word' id='word_1_239' title='bbox 657 3075 691 3101; x_wconf 88' lang='lat' dir='ltr'><strong>s.</strong></span> <span class='ocrx_word' id='word_1_240' title='bbox 723 3061 1024 3103; x_wconf 88' lang='lat' dir='ltr'><strong>Germanus</strong></span> <span class='ocrx_word' id='word_1_241' title='bbox 1066 3076 1108 3103; x_wconf 86' lang='lat' dir='ltr'><strong>v.</strong></span> <span class='ocrx_word' id='word_1_242' title='bbox 1142 3061 1304 3104; x_wconf 85' lang='lat' dir='ltr'><strong>Marini</strong></span> <span class='ocrx_word' id='word_1_243' title='bbox 1333 3062 1427 3104; x_wconf 83' lang='lat' dir='ltr'><strong>Atti</strong></span> <span class='ocrx_word' id='word_1_244' title='bbox 1455 3062 1558 3103; x_wconf 85' lang='lat' dir='ltr'><strong>Arv.</strong></span> <span class='ocrx_word' id='word_1_245' title='bbox 1591 3061 1647 3102; x_wconf 89' lang='lat' dir='ltr'><strong>T.</strong></span> <span class='ocrx_word' id='word_1_246' title='bbox 1677 3060 1736 3102; x_wconf 90' lang='grc' dir='ltr'><strong>Π.</strong></span> <span class='ocrx_word' id='word_1_247' title='bbox 1775 3056 1874 3102; x_wconf 81' lang='grc'><strong>472.</strong></span> <span class='ocrx_word' id='word_1_248' title='bbox 1920 3058 2007 3101; x_wconf 81' lang='lat' dir='ltr'><strong>Mi-</strong></span> 
     </span>
     <span class='ocr_line' id='line_1_33' title="bbox 236 3117 2007 3176; baseline 0 -18"><span class='ocrx_word' id='word_1_249' title='bbox 236 3131 328 3158; x_wconf 88' lang='lat' dir='ltr'><strong>mus</strong></span> <span class='ocrx_word' id='word_1_250' title='bbox 359 3117 620 3160; x_wconf 85' lang='lat' dir='ltr'><strong>Germanum</strong></span> <span class='ocrx_word' id='word_1_251' title='bbox 653 3133 812 3173; x_wconf 81' lang='lat' dir='ltr'><strong>agenS,</strong></span> <span class='ocrx_word' id='word_1_252' title='bbox 854 3125 902 3162; x_wconf 90' lang='lat' dir='ltr'><strong>ut</strong></span> <span class='ocrx_word' id='word_1_253' title='bbox 943 3123 1119 3176; x_wconf 80' lang='lat' dir='ltr'><strong>putant,</strong></span> <span class='ocrx_word' id='word_1_254' title='bbox 1162 3119 1432 3170; x_wconf 80' lang='lat' dir='ltr'><strong>cerniturin</strong></span> <span class='ocrx_word' id='word_1_255' title='bbox 1475 3119 1639 3174; x_wconf 64' lang='lat' dir='ltr'><strong>Caylus</strong></span> <span class='ocrx_word' id='word_1_256' title='bbox 1685 3119 1790 3161; x_wconf 86' lang='lat' dir='ltr'><strong>Rec.</strong></span> <span class='ocrx_word' id='word_1_257' title='bbox 1831 3117 1888 3160; x_wconf 90' lang='lat' dir='ltr'><strong>T.</strong></span> <span class='ocrx_word' id='word_1_258' title='bbox 1927 3117 2007 3158; x_wconf 87' lang='lat' dir='ltr'><strong>III.</strong></span> 
     </span>
     <span class='ocr_line' id='line_1_34' title="bbox 234 3175 2007 3275; baseline 0 -59"><span class='ocrx_word' id='word_1_259' title='bbox 234 3189 280 3231; x_wconf 89' lang='lat' dir='ltr'><strong>p.</strong></span> <span class='ocrx_word' id='word_1_260' title='bbox 310 3175 410 3275; x_wconf 59' lang='lat'><strong>231.</strong></span> <span class='ocrx_word' id='word_1_261' title='bbox 457 3176 550 3232; x_wconf 91' lang='lat' dir='ltr'><strong>[qui</strong></span> <span class='ocrx_word' id='word_1_262' title='bbox 578 3191 620 3233; x_wconf 91' lang='lat' dir='ltr'><strong>p.</strong></span> <span class='ocrx_word' id='word_1_263' title='bbox 644 3177 743 3219; x_wconf 88' lang='grc'><strong>280.</strong></span> <span class='ocrx_word' id='word_1_264' title='bbox 775 3178 1003 3222; x_wconf 88' lang='lat' dir='ltr'><strong>exhibetur</strong></span> <span class='ocrx_word' id='word_1_265' title='bbox 1033 3183 1204 3220; x_wconf 85' lang='lat' dir='ltr'><strong>senator</strong></span> <span class='ocrx_word' id='word_1_266' title='bbox 1232 3184 1408 3234; x_wconf 84' lang='lat' dir='ltr'><strong>togatus</strong></span> <span class='ocrx_word' id='word_1_267' title='bbox 1438 3178 1603 3221; x_wconf 87' lang='lat' dir='ltr'><strong>asinino</strong></span> <span class='ocrx_word' id='word_1_268' title='bbox 1634 3178 1792 3235; x_wconf 83' lang='lat' dir='ltr'><strong>capite,</strong></span> <span class='ocrx_word' id='word_1_269' title='bbox 1821 3177 2007 3218; x_wconf 77' lang='lat' dir='ltr'><strong>fortasse</strong></span> 
     </span>
     <span class='ocr_line' id='line_1_35' title="bbox 235 3236 993 3277; baseline 0.003 -2"><span class='ocrx_word' id='word_1_270' title='bbox 235 3236 301 3276; x_wconf 85' lang='lat' dir='ltr'><strong>est</strong></span> <span class='ocrx_word' id='word_1_271' title='bbox 374 3241 586 3277; x_wconf 88' lang='lat' dir='ltr'><strong>nocoetes.</strong></span> <span class='ocrx_word' id='word_1_272' title='bbox 990 3268 993 3272; x_wconf 92' lang='lat'><strong>.</strong></span> 
     </span>
    </p>

    <p class='ocr_par' dir='ltr' id='par_1_8' title="bbox 238 3235 2005 3406">
     <span class='ocr_line' id='line_1_36' title="bbox 355 3235 2005 3352; baseline 0.001 -18"><span class='ocrx_word' id='word_1_273' title='bbox 355 3292 438 3348; x_wconf 80' lang='lat' dir='ltr'><strong>[r]</strong></span> <span class='ocrx_word' id='word_1_274' title='bbox 489 3235 752 3336; x_wconf 67' lang='lat' dir='ltr'><strong>Schdliastes</strong></span> <span class='ocrx_word' id='word_1_275' title='bbox 783 3295 944 3338; x_wconf 87' lang='lat' dir='ltr'><strong>Victor.</strong></span> <span class='ocrx_word' id='word_1_276' title='bbox 986 3294 1200 3352; x_wconf 83' lang='lat' dir='ltr'><strong>Aristoph.</strong></span> <span class='ocrx_word' id='word_1_277' title='bbox 1243 3295 1358 3338; x_wconf 92' lang='lat' dir='ltr'><strong>Plut.</strong></span> <span class='ocrx_word' id='word_1_278' title='bbox 1402 3293 1502 3336; x_wconf 88' lang='grc'><strong>279.</strong></span> <span class='ocrx_word' id='word_1_279' title='bbox 1547 3295 1672 3351; x_wconf 83' lang='lat' dir='ltr'><strong>hujus</strong></span> <span class='ocrx_word' id='word_1_280' title='bbox 1712 3294 1847 3342; x_wconf 85' lang='lat' dir='ltr'><strong>verba</strong></span> <span class='ocrx_word' id='word_1_281' title='bbox 1886 3299 2005 3338; x_wconf 76' lang='lat' dir='ltr'><strong>tran-</strong></span> 
     </span>
     <span class='ocr_line' id='line_1_37' title="bbox 238 3349 424 3406; baseline 0 -16"><span class='ocrx_word' id='word_1_282' title='bbox 238 3349 424 3406; x_wconf 86' lang='lat' dir='ltr'><strong>scripsit.</strong></span> 
     </span>
    </p>
   </div>
   <div class='ocr_carea' id='block_1_6' title="bbox 2144 3015 2150 3043">
    <p class='ocr_par' dir='ltr' id='par_1_9' title="bbox 2144 3015 2150 3043">
     <span class='ocr_line' id='line_1_38' title="bbox 2144 3015 2150 3043; baseline 0 0"><span class='ocrx_word' id='word_1_283' title='bbox 2144 3015 2150 3043; x_wconf 66' lang='grc' dir='ltr'><strong><em>ἐ</em></strong></span> 
     </span>
    </p>
   </div>
  </div>
 </body>
</html>
