2184 3840
764 172 1215 277 oaPnch.
1749 224 1876 285 877

107 360 260 426 non*
299 366 543 427 diversa
609 361 856 423 videtur
922 368 1361 444 προςωποῢττα
1422 364 1670 447 ἀγγεῖον
1720 378 1872 444 χαλ-

106 475 289 538 κοῦν,
372 469 438 527 ἐν
495 459 550 545 ᾧ
597 462 675 524 τὰ
734 461 867 544 ἱερὰ
924 463 1193 543 ἔπεμπον
1249 459 1517 538 Hesych.
1575 481 1689 541 pro
1752 484 1872 544 quo

106 583 290 644 quum
345 561 690 638 Hesychius
745 561 1144 623 substitueret
1197 563 1444 626 ἔπεττον
1503 562 1760 623 Emend.
1806 565 1874 624 T.

104 662 204 721 IV.
259 681 319 741 p.
375 661 520 721 282.
576 660 998 721 demonstrare
1059 659 1351 735 debebat,
1406 665 1670 742 speciem
1717 666 1877 742 ejus-

102 759 305 833 modi,
351 760 592 840 qualem
636 779 861 820 nomen
903 769 1345 844 προςωποῦττα
1388 761 1685 836 declarat,
1719 768 1876 826 ·vasi

101 861 452 940 coquinario
495 861 703 940 potius
746 879 926 941 quam
973 860 1314 919 conditorio
1359 866 1700 924 convenire.
1759 864 1878 924 Ve-

102 978 237 1018 rum
306 958 384 1018 de
447 960 563 1020 hoc
616 980 834 1038 genere
885 959 1328 1020 vocabulorum
1386 951 1588 1035 satis}
1628 965 1694 1022 in
1757 985 1878 1044 quo

101 1061 340 1119 nullum
383 1069 582 1132 extat,
626 1058 791 1138 quod
833 1058 1222 1117 obscuritatis
1267 1059 1652 1121 adhibendae
1696 1082 1879 1124 causa

101 1168 411 1238 repertum
482 1158 782 1220 videatur.
889 1157 1049 1219 Nam
1105 1158 1261 1217 sicut
1317 1161 1592 1220 omnium
1654 1150 1878 1222 artium

100 1271 243 1318 sunt
296 1258 592 1339 quaedam
653 1259 909 1338 propria
952 1258 1234 1332 nomina,
1277 1278 1433 1339 quae
1474 1260 1755 1321 homines
1801 1261 1879 1322 de

99 1359 306 1419 schola
347 1358 588 1441 ῥήματα
629 1356 876 1439 τεχνικοί
920 1366 1174 1432 vocant,
1232 1359 1438 1437 qualia
1479 1361 1678 1420 multa
1721 1362 1877 1443 alip-

100 1462 210 1532 tis,
255 1460 514 1532 cliniciS,
558 1459 914 1531 metalliciS,
958 1459 1192 1517 tacticis
1238 1467 1300 1518 et
1341 1460 1724 1538 palaestricis
1758 1462 1878 1521 fre-

101 1570 391 1640 quentata
455 1559 801 1636 Hesychius
868 1568 929 1616 et
995 1558 1214 1616 Pollux
1281 1558 1721 1634 adnumerant,
1789 1563 1880 1622 ita

103 1662 288 1720 etiam
347 1661 542 1719 auctis
599 1659 797 1718 cultus
849 1658 1196 1717 sacrificalis
1251 1660 1673 1720 instrumentis
1690 1705 1706 1734 ,
1793 1661 1878 1735 hi,

99 1779 289 1841 penes
344 1777 497 1839 quos
541 1777 748 1818 earum
791 1776 996 1816 rerum
1042 1756 1499 1818 administratio
1544 1768 1706 1833 erat,
1764 1779 1876 1820 suo

94 1863 232 1939 jure
284 1861 631 1921 asciverunt
684 1857 989 1919 vocabula
1044 1858 1179 1918 aliis
1222 1859 1560 1936 incognita,
1605 1878 1876 1921 necessa.-

98 1963 192 2021 ria
234 1958 368 2020 sibi.

868 2189 922 2270 ξ.
1013 2189 1108 2250 ιο.
1183 2207 1187 2212 -

269 2361 432 2421 Huic
487 2380 563 2420 ex
618 2360 881 2423 adverso
935 2379 1164 2440 ponam
1219 2359 1389 2419 aliud
1431 2378 1646 2438 genus,
1711 2361 1878 2440 quod

100 2463 357 2543 propius
415 2459 497 2519 ad
552 2459 1019 2520 similitudinem
1075 2460 1242 2519 illius
1286 2462 1584 2537 mysticae
1631 2460 1876 2521 dialecti

99 2563 331 2640 vergit,
375 2562 604 2641 quippe
645 2579 770 2619 non
814 2568 944 2619 tam
987 2561 1365 2620 necessitatis
1411 2578 1594 2620 causa
1638 2561 1876 2621 adhibi-

55 2648 59 2652 *
100 2673 264 2734 tum,
317 2679 501 2740 quam
559 2662 929 2720 extrinsecus
973 2663 1362 2734 arcessitum,
1424 2663 1650 2741 partim
1697 2660 1874 2721 deco-

98 2764 183 2821 ris
227 2771 289 2820 et
331 2761 746 2839 semnologiae
786 2759 993 2821 studio
1017 2805 1035 2834 ,
1077 2763 1306 2842 partim
1349 2759 1430 2820 ad
1474 2760 1875 2821 devitandum

103 2861 288 2922 verba
330 2861 633 2921 obscoena
674 2861 954 2943 maleque
982 2863 1270 2922 ominata.
1315 2860 1700 2940 Epiphanius
1731 2859 1872 2922 adv.

102 2960 286 3021 Haer.
340 2961 409 3020 L.
462 2962 537 3022 Π.
592 2961 736 3022 485.
783 2961 863 3022 Τ.
921 2962 998 3024 Π.
1052 2962 1259 3024 Petav.
1315 2961 1427 3031 τὰς
1474 2961 1665 3040 χολὰς
1720 2969 1872 3045 γλυ-

102 3061 263 3131 κείας
306 3062 462 3142 φασὶ
502 3062 606 3124 καὶ
647 3063 718 3124 τὸ
764 3064 899 3134 ὄξος
940 3064 1075 3146 μέλι
1116 3062 1276 3131 τινὲς
1316 3058 1730 3142 ἐπωνόμασαν
1766 3062 1873 3123 καὶ

103 3160 212 3230 τὰς
246 3159 561 3243 Ἐριννύας
601 3163 981 3245 Εὐμενίδας,
1026 3183 1137 3244 per
1180 3160 1558 3242 antiphrasin
1602 3158 1869 3241 quidem,

103 3267 175 3315 ut
212 3259 498 3320 Helladio
540 3261 742 3342 placet
782 3282 842 3342 p.
886 3262 1029 3324 847.
1074 3264 1207 3323 sive
1251 3261 1757 3343 euphemismum,
1802 3269 1871 3319 ut

108 3355 306 3416 Schol.
349 3358 476 3420 Nic.
522 3360 696 3421 Ther.
742 3360 883 3425 594.
940 3364 1053 3442 τὴν
1091 3363 1279 3442 χολὴν
1323 3367 1610 3445 γλυκεῖαν
1652 3362 1757 3424 καὶ
1797 3360 1869 3421 τὸ
