2150 3814
188 183 352 247 1014
729 197 969 244 mann
1009 199 1435 246 SECUNDUS.

183 330 372 389 niam.-
467 326 723 388 Summa
777 330 1152 406 quaestionis
1207 330 1357 390 haec
1412 337 1537 403 est,
1595 325 1958 405 cotyttusne

148 505 152 509 ὴ
185 444 355 508 sacra
411 426 852 507 qualiacunque
893 426 1150 487 Athenis
1206 431 1501 509 privatim
1542 438 1795 511 recepta.
1823 429 1960 513 fu&

185 530 310 590 rint
376 546 455 587 an
508 544 637 586 non
691 525 948 599 fuerint,
1007 546 1125 606 quo
1180 529 1484 608 explicato
1542 527 1962 610 quaerendum

187 630 334 700 crit,
377 635 587 685 utrum
630 623 979 684 credibilius
1023 625 1337 701 videatur,
1382 630 1636 689 crimina
1678 630 1799 689 ista
1840 629 1965 688 Eu-

188 724 415 808 polidis
485 743 524 784 a
591 723 891 811 maledico
958 737 1151 802 poeta
1205 735 1434 786 temere
1492 730 1834 808 composita
1882 745 1967 788 ‘an

190 824 498 884 communi
554 839 835 882 sermone
892 823 1244 884 circumlata
1301 837 1364 885 et
1421 846 1497 885 ex
1550 827 1824 888 moribus
1867 846 1967 887 eo—

186 943 354 997 r-um,
399 924 504 1003 qui
548 930 912 999 arguuntur,
958 924 1229 1000 conjecta
1265 942 1413 984 esse.

354 1023 627 1082 Primum
673 1017 930 1097 Cotytto
981 1021 1238 1084 eandem
1285 1020 1489 1101 Cotyn
1545 1022 1773 1085 dictam
1830 1042 1967 1084 esse

190 1122 569 1183 demonstrat
615 1119 867 1180 Suidas:
952 1121 1155 1194 Κότυς
1211 1123 1462 1205 δαίμων
1519 1119 1690 1208 παρὰ
1723 1130 1969 1206 Komar*
2024 1118 2025 1121 ¹

186 1223 354 1292 θίοις
386 1219 752 1304 τιμώμενος,
798 1222 1017 1302 ’ἔφορος
1058 1229 1190 1286 τῶν
1233 1229 1525 1305 αἰσχρῶν·
1572 1233 1645 1283 et.
1678 1223 1970 1283 Scholion

187 1321 264 1380 ab
309 1320 677 1380 Hoeschelio
745 1318 978 1378 editum
1036 1321 1117 1380 ad
1169 1321 1387 1381 Annae
1428 1322 1605 1382 Alex.
1658 1342 1719 1402 p.
1765 1321 1865 1383 58.
1909 1322 1968 1382 3.

185 1421 234 1500 ἦ
268 1417 587 1491 Κοτυττοό,
629 1419 760 1496 ἥτις
803 1419 909 1480 καὶ
951 1418 1174 1494 Κότυς,
1218 1422 1324 1483 καὶ
1367 1425 1426 1484 οἱ
1452 1421 1786 1485 Κονίσαλοι
1828 1422 1971 1484 θεοὶ

186 1516 346 1598 ἦσαν
397 1526 528 1582 τῶν
584 1523 861 1600 αἰσχρῶν
917 1520 1148 1600 ἔφοροι.
1238 1518 1472 1596 Cotyos
1529 1529 1740 1579 autem
1794 1522 1971 1599 orgia

186 1618 252 1676 in
294 1618 552 1677 summis
594 1616 953 1676 Edonorum
990 1619 1188 1696 jugiS,
1262 1620 1529 1679 fanatico
1585 1618 1738 1679 deae
1792 1638 1970 1679 mon-

184 1717 404 1775 ticolae
446 1718 571 1775 ritu
616 1736 752 1776 cum
782 1717 1203 1793 cymbalorum
1244 1730 1305 1779 et
1344 1730 1783 1800 tympanorum
1812 1729 1971 1779 stre-

181 1816 319 1895 pitu
385 1816 663 1894 clangore
731 1816 1017 1878 tubarum
1075 1813 1378 1879 celebrata
1447 1838 1609 1893 esse,
1676 1819 1970 1897 Aeschyli

188 1923 493 1975 testantur
546 1933 792 1988 versus»,
857 1935 1008 1995 quos
1067 1917 1290 1978 Strabo
1347 1919 1522 1977 affert
1563 1918 1641 1980 X.
1685 1918 1830 1978 479.
1885 1925 1971 1982 εἶ-

186 2014 323 2078 πών
379 2015 503 2099 γὰρ
559 2011 790 2100 Σεμνᾶ
835 2015 1038 2087 Κότυς
1093 2021 1162 2080 ἓν
1210 2017 1510 2088 Ἠδωνοῖς
1570 2019 1754 2102 οὕρεί
1813 2019 1968 2103 ὄργι’

185 2114 384 2193 ἔχουθ
428 2150 513 2159 --
557 2115 692 2174 sive
737 2132 856 2192 quo
904 2116 1025 2174 alio
1069 2115 1261 2177 modo
1304 2118 1426 2175 ista
1470 2116 1792 2176 scribenda
1827 2126 1972 2176 sunt

186 2248 272 2258 --
337 2214 482 2283 τοὺς
537 2213 677 2295 περὶ
739 2213 854 2276 τὸν
912 2213 1226 2280 Διόνυσον
1286 2217 1519 2287 εὐθέως
1582 2217 1850 2300 ἐπιφέρει
1898 2217 1971 2282 Ὅ

183 2310 324 2393 μὲν
389 2315 472 2377 ἐν
518 2314 794 2396 χερσὶν
849 2313 1265 2398 βόμβυκας
1333 2319 1524 2397 ἔχων
1588 2317 1971 2399 πίμπλησι

184 2412 450 2492 μέλος,
515 2413 802 2492 μανίας
864 2416 1268 2499 ἐπαγωγὸν
1341 2417 1724 2498 ὃμοκλοὶν,
1792 2417 1827 2479 ὅ
1887 2416 1970 2479 δὲ

178 2510 688 2589 χαλκοδέτοις
738 2511 1106 2595 κοτύλαις
1146 2515 1425 2596 ’ὀτοβεῖ
1475 2523 1537 2574 et
1594 2524 1792 2575 cetera
1835 2517 1967 2594 qui-

183 2608 298 2668 bus
344 2608 494 2668 deae
543 2609 838 2670 Thraciae
879 2629 1114 2691 pompa
1167 2621 1230 2670 et
1286 2616 1610 2674 comitatus
1653 2614 1968 2675 bacchicus

185 2708 554 2768 informatur
570 2699 686 2795 [²³J.v
749 2709 923 2771 Haec
964 2711 1263 2771 solemnia
1306 2702 1526 2774 Strabo
1571 2713 1800 2774 directe
1841 2723 1968 2777 Ko-

185 2806 403 2870 τύττια
447 2817 631 2870 vocat
675 2809 1075 2890 Phrygiisque
1119 2811 1269 2872 deae
1325 2813 1544 2875 Matris
1601 2825 1662 2874 et
1718 2814 1968 2875 Sabazii

185 2909 372 2967 sacris
435 2918 779 2989 comparat:
845 2919 1043 2974 ταῦτα
1106 2914 1257 2976 ἔοικε
1313 2922 1441 2985 τοῖς
1496 2914 1797 3001 Φρυγίοις
1859 2915 1966 2978 καὶ

186 3007 301 3067 οὐκ
367 3006 615 3077 ἀπεικός
671 3035 742 3093 γε
801 3011 994 3093 ὥςπερ
1045 3014 1225 3076 αὐτοὶ
1281 3018 1338 3077 οἱ
1394 3013 1640 3100 Φρύγες
1700 3021 1963 3097 Θρᾳκῶν

1122 3112 1136 3134 N
1196 3116 1211 3135 t
1299 3114 1313 3136 N
1374 3117 1390 3136 ἲ

189 3106 437 3167 ἄποικοί
479 3113 668 3181 εἰσιν,
716 3109 878 3172 οὕτω
921 3109 1025 3172 καὶ
1065 3138 1144 3174 τα
1188 3139 1320 3195 ιερα
1364 3117 1601 3176 εκεῖθεν
1642 3117 1960 3196 μετενηνέ-

306 3272 400 3327 [⁸³]
443 3273 586 3330 Caput
630 3277 833 3333 Cotyttus
876 3279 920 3321 in
962 3293 1084 3322 numo
1128 3282 1255 3338 Tylis
1296 3282 1411 3325 urbis
1453 3283 1671 3326 Thraciae
1713 3298 1957 3341 expressum

185 3334 309 3385 putat
339 3330 474 3375 Liebe
504 3332 691 3377 Gotha
726 3349 906 3381 numm.
942 3353 984 3395 p.
1016 3338 1114 3381 202.
