2150 3814
689 240 1251 286 SAMOTHRAGIA.
1715 225 1877 285 1319

104 374 250 433 bum
299 376 668 456 χεσιφωνεῒν
727 377 1061 449 usurpant,
1128 367 1381 429 Servius
1438 367 1519 427 ad
1572 366 1724 428 Aen.
1779 370 1879 429 IV.

103 473 247 534 606.
292 478 789 534 excrementa
834 469 1112 528 comici
1155 469 1472 550 leporis,
1551 466 1732 541 Quod
1776 488 1882 528 au-

104 583 229 634 tem
286 573 511 632 Festus
572 570 872 630 tenuioris
891 569 1227 631 »fortunae
1293 569 1572 629 homines
1647 587 1884 629 scurras

102 682 356 734 vocatos
400 664 535 730 esse
578 671 906 747 significat,
948 669 1303 729 illustratur
1346 670 1485 730 aliis
1537 670 1720 742 lociS,
1776 668 1885 728 ubi

103 772 356 830 nomina
407 769 681 830 urbanus
705 771 780 851 [Ρ]
839 780 902 829 et
955 770 1406 830 urbicarius
1454 769 1622 829 idem
1656 770 1888 831 'valent

103 869 270 949 quod
327 889 535 930 scurra
588 889 648 932 v.
698 869 1012 931 Muncker.
1055 870 1136 930 ad
1178 871 1457 949 Fulgent.
1500 871 1575 933 H.
1626 871 1721 929 17.
1787 869 1887 928 -In-
1963 924 1965 928 ,

102 980 288 1050 terpr.
334 969 415 1030 ad
457 971 653 1030 Plaut.
699 970 876 1030 Trin.
909 973 956 1030 I.
1000 973 1058 1031 2.
1103 971 1246 1033 265.
1291 969 1456 1029 unde
1490 969 1890 1029 Heindorfius

106 1070 185 1128 ad
228 1070 381 1131 Hor.
440 1071 568 1131 Sat.
611 1071 657 1130 Ι.
703 1070 762 1133 5.
810 1070 910 1131 52.
963 1079 1130 1129 recte
1185 1070 1417 1146 colligit
1473 1070 1798 1148 plerosque
1856 1090 1890 1127 e

106 1171 290 1250 plebe
367 1171 606 1231 urbana
684 1171 886 1231 victus
952 1167 1290 1246 ¹quaerendi
1358 1186 1541 1227 causa
1607 1187 1742 1226 sese
1813 1168 1893 1226 ad

106 1288 294 1329 unum
337 1271 605 1348 aliquem
646 1267 967 1326 dominum
1005 1266 1408 1346 applicuisse,
1433 1270 1555 1327 cui
1602 1267 1893 1327 domesti-

104 1388 206 1429 cas
250 1387 469 1450 operas
511 1376 902 1450 praestarent
940 1367 1124 1445 etad
1168 1377 1368 1428 cetera
1413 1367 1745 1427 clientelae.
1756 1365 1894 1426 offi-

107 1471 202 1530 cia
242 1477 490 1550 praesto
535 1478 767 1542 essent3
824 1485 1062 1528 scurras
1107 1478 1314 1528 autem
1371 1467 1568 1527 dictos
1630 1468 1896 1527 arbitror

107 1589 220 1649 per
262 1576 669 1642 contemtum,
696 1598 697 1601 ¹
725 1567 891 1648 quod
932 1568 1214 1628 homiues
1254 1569 1480 1628 futiles
1528 1566 1895 1649 apparendo

109 1679 173 1728 et
213 1669 614 1750 parasitando
660 1679 952 1730 ventrem-
981 1678 1322 1749 pascerent.
1378 1668 1764 1728 Aristoteles
1788 1667 1897 1728 Ni-

110 1787 265 1828 com.
308 1769 412 1829 IV.
456 1770 514 1832 3.
565 1766 703 1830 185.
747 1767 1009 1843 πάντες,
1053 1770 1272 1848 inquit,
1319 1771 1378 1832 οἱ
1419 1768 1679 1838 κόλακες·
1712 1773 1898 1848 θητι-

113 1870 213 1932 κοὶ
268 1871 376 1932 καὶ
416 1873 477 1933 οἱ
533 1869 813 1932 ταπεινοὶ
866 1867 1152 1942 κόλακες,
1214 1867 1380 1927 unde
1437 1870 1626 1926 etiam
1690 1867 1898 1948 Θήςὸ

111 1967 451 2051 παράσιτος
510 1967 678 2048 apud
721 1967 1103 2047 Hesychium
1165 1987 1203 2027 a
1258 1968 1450 2028 verbo
1506 1972 1704 2047 θῆσαι
1758 1970 1798 2026 i.
1845 1988 1899 2047 q.

111 2070 385 2153 θρέψαι,
430 2068 594 2129 uude
637 2066 963 2150 θυόμενος,
990 2067 1380 2148 θοινώμενος
1423 2066 1591 2148 apud
1634 2067 1899 2126 eundem

115 2169 644 2248 Lex'icographum
675 2178 754 2228 et
794 2167 1043 2248 τιθήνη.
1130 2169 1345 2247 Itaque
1388 2187 1633 2227 scurrae
1675 2186 1904 2226 nomen

115 2287 240 2328 non
296 2269 500 2328 solum·
534 2269 913 2347 joculatores
957 2266 1064 2327 sed
1113 2287 1325 2327 omnes
1370 2270 1472 2347 qui
1518 2268 1664 2346 agili
1708 2277 1770 2326 et
1801 2270 1905 2326 in-

116 2368 357 2428 dustria
425 2386 616 2449 opera
682 2369 1050 2448 stipatorum
1120 2377 1184 2428 et
1248 2369 1661 2428 assecularum
1736 2369 1903 2429 vices

117 2469 449 2549 implerent
490 2469 885 2549 complexum
930 2478 1246 2549 postremo
1300 2468 1380 2527 ad
1425 2468 1798 2528 domesticos
1845 2476 1907 2527 et

120 2568 553 2629 ministeriales
620 2571 1063 2650 imperatorum
1126 2569 1470 2629 transfluxit
1525 2589 1585 2630 v.
1645 2570 1905 2629 Salmas.

239 2795 317 2852 [P]
370 2811 412 2840 v.
444 2796 649 2840 Torrent.
680 2798 736 2840 ad
763 2797 875 2842 Hor.
906 2798 942 2841 I.
983 2798 1069 2856 Ep.
1100 2796 1141 2840 3.
1184 2813 1225 2855 p.
1256 2798 1355 2840 702.
1397 2797 1544 2840 Plauti
1583 2798 1727 2840 verbis
1771 2797 1904 2840 Most.

128 2852 164 2894 1.
206 2853 247 2897 1.
296 2852 363 2896 14.
418 2857 662 2898 urbanus
703 2869 899 2900 scurra
939 2858 1193 2901 deliciae
1235 2857 1397 2913 popli
1439 2857 1798 2914 appositissimum
1840 2862 1907 2898 est

127 2925 278 2954 nomen
305 2915 578 2966 λαοπαίκτης
606 2914 751 2958 Schol.
793 2915 848 2958 ad
877 2917 1012 2959 Basil.
1054 2916 1107 2958 L.
1140 2916 1212 2958 21.
1255 2929 1295 2971 p.
1327 2915 1426 2958 582.
1487 2916 1555 2958 Ad
1594 2915 1902 2972 Harmenopul.

129 2970 222 3012 Tit.
247 2971 323 3014 VI.
353 2971 421 3014 54.
452 2973 593 3016 Reitz.
624 2970 876 3023 ἀξιόπιστοι
906 2975 1108 3019 ἔστωσαν
1139 2976 1183 3018 οἱ
1207 2971 1430 3033 μάρτυρες
1460 2977 1536 3017 καὶ
1564 2970 1628 3033 μή
1658 2988 1774 3024 τινες
1804 2975 1905 3018 ἔπι-

130 3028 307 3088 δίφριοι
348 3031 464 3088 μηδὲ
499 3037 776 3091 χαμερπεῖς,
818 3033 1036 3092 adscripta
1076 3039 1143 3075 est
1182 3033 1326 3088 glossa
1358 3031 1461 3082 τοὺς
1499 3031 1791 3091 βωμολόχους
1832 3028 1910 3080 οὓς

131 3090 208 3129 καὶ
250 3090 526 3139 λαυπαίκτας
565 3089 592 3145 ἡ
622 3089 844 3146 συνήθεια
882 3095 1012 3136 καλεῖ
1046 3096 1137 3135 τῶν
1178 3091 1382 3134 ἰδιωτῶν.
1427 3095 1746 3148 Λαυπαίκιης,
1795 3091 1908 3147 quod

130 3145 202 3187 Du
232 3147 400 3202 Cangio
430 3147 535 3191 mire
562 3149 790 3207 displicet,
832 3150 938 3194 nihil
968 3152 1085 3194 aliud
1116 3156 1183 3193 est
1213 3165 1338 3207 quam
1367 3151 1659 3204 λαοπαίκτης,
1703 3157 1749 3194 ut
1787 3150 1908 3192 Lau-

132 3218 238 3257 con,
284 3204 545 3263 Laudiceni,
589 3207 854 3262 Laudamia,
893 3211 1126 3254 lautumiae
1164 3223 1206 3252 v.
1244 3209 1528 3264 Hagenbuch.
1569 3210 1711 3267 Epist.
1753 3209 1909 3266 Epigr.

134 3277 178 3318 p.
212 3262 312 3306 358.
372 3264 602 3308 Burmann.
636 3267 691 3311 ad
721 3269 894 3311 Anthol.
924 3270 978 3313 L.
1008 3271 1042 3312 I.
1083 3269 1168 3326 Ep.
1201 3267 1293 3310 CX.
1324 3268 1377 3310 L.
1408 3268 1464 3311 11.
1505 3267 1590 3325 Ep.
1623 3269 1802 3311 CXCII.
1837 3266 1906 3309 15.

137 3320 300 3363 Eodem
330 3322 476 3378 vergit
504 3323 779 3379 λαοπλάνος,
824 3341 907 3383 quo
931 3329 1104 3374 »nomine
1144 3340 1286 3369 omnes
1327 3327 1471 3383 plani,
1513 3328 1795 3371 circulatores
1838 3339 1907 3368 ar-

135 3380 326 3434 tiumque
356 3381 603 3425 frivolamm
634 3390 679 3427 et
702 3385 957 3440 jocularium
988 3388 1174 3431 cultores
1204 3385 1417 3444 appellari
1445 3385 1596 3432 solent.
