<?xml version="1.0" encoding="UTF-8"?>
<!DOCTYPE html PUBLIC "-//W3C//DTD XHTML 1.0 Transitional//EN"
    "http://www.w3.org/TR/xhtml1/DTD/xhtml1-transitional.dtd">
<html xmlns="http://www.w3.org/1999/xhtml" xml:lang="en" lang="en">
 <head>
  <title>
</title>
<meta http-equiv="Content-Type" content="text/html;charset=utf-8" />
  <meta name='ocr-system' content='tesseract 3.04.00' />
  <meta name='ocr-capabilities' content='ocr_page ocr_carea ocr_par ocr_line ocrx_word'/>
</head>
<body>
  <div class='ocr_page' id='page_1' title='image "./aglaophamussived02lobeuoft_0166.png"; bbox 0 0 2150 3814; ppageno 0'>
   <div class='ocr_carea' id='block_1_1' title="bbox 199 196 1448 257">
    <p class='ocr_par' dir='ltr' id='par_1_1' title="bbox 199 196 1448 257">
     <span class='ocr_line' id='line_1_1' title="bbox 199 196 1448 257; baseline -0.006 0"><span class='ocrx_word' id='word_1_1' title='bbox 199 196 325 257; x_wconf 80' lang='lat'>942</span> <span class='ocrx_word' id='word_1_2' title='bbox 739 207 975 251; x_wconf 66' lang='lat' dir='ltr'>Llssmz</span> <span class='ocrx_word' id='word_1_3' title='bbox 1019 206 1448 252; x_wconf 78' lang='lat' dir='ltr'>SECUNDUS.</span> 
     </span>
    </p>
   </div>
   <div class='ocr_carea' id='block_1_2' title="bbox 192 336 1984 2316">
    <p class='ocr_par' dir='ltr' id='par_1_2' title="bbox 192 336 1984 2316">
     <span class='ocr_line' id='line_1_2' title="bbox 197 336 1976 416; baseline -0.001 -16"><span class='ocrx_word' id='word_1_4' title='bbox 197 358 376 400; x_wconf 90' lang='lat' dir='ltr'>usum</span> <span class='ocrx_word' id='word_1_5' title='bbox 432 348 755 408; x_wconf 89' lang='lat' dir='ltr'>venerant,</span> <span class='ocrx_word' id='word_1_6' title='bbox 814 339 1084 409; x_wconf 89' lang='lat' dir='ltr'>astricis‚</span> <span class='ocrx_word' id='word_1_7' title='bbox 1143 346 1204 394; x_wconf 88' lang='lat' dir='ltr'>et</span> <span class='ocrx_word' id='word_1_8' title='bbox 1259 336 1408 416; x_wconf 90' lang='lat' dir='ltr'>quid</span> <span class='ocrx_word' id='word_1_9' title='bbox 1453 355 1672 396; x_wconf 87' lang='lat' dir='ltr'>causae</span> <span class='ocrx_word' id='word_1_10' title='bbox 1714 339 1828 410; x_wconf 86' lang='lat' dir='ltr'>sit,</span> <span class='ocrx_word' id='word_1_11' title='bbox 1873 358 1976 398; x_wconf 88' lang='lat' dir='ltr'>cur</span> 
     </span>
     <span class='ocr_line' id='line_1_3' title="bbox 195 435 1979 515; baseline -0.002 -15"><span class='ocrx_word' id='word_1_12' title='bbox 195 459 322 500; x_wconf 89' lang='lat' dir='ltr'>non</span> <span class='ocrx_word' id='word_1_13' title='bbox 366 437 616 510; x_wconf 91' lang='lat' dir='ltr'>eodem,</span> <span class='ocrx_word' id='word_1_14' title='bbox 672 453 792 515; x_wconf 84' lang='lat' dir='ltr'>quo</span> <span class='ocrx_word' id='word_1_15' title='bbox 848 436 1053 496; x_wconf 86' lang='lat' dir='ltr'>sidera</span> <span class='ocrx_word' id='word_1_16' title='bbox 1106 438 1272 514; x_wconf 91' lang='lat' dir='ltr'>ipsa,</span> <span class='ocrx_word' id='word_1_17' title='bbox 1332 437 1703 496; x_wconf 84' lang='lat' dir='ltr'>collocentur</span> <span class='ocrx_word' id='word_1_18' title='bbox 1748 435 1979 496; x_wconf 83' lang='lat' dir='ltr'><strong>ordine.</strong></span> 
     </span>
     <span class='ocr_line' id='line_1_4' title="bbox 198 533 1978 619; baseline -0.004 -18"><span class='ocrx_word' id='word_1_19' title='bbox 198 539 387 619; x_wconf 85' lang='lat' dir='ltr'>Cujus</span> <span class='ocrx_word' id='word_1_20' title='bbox 434 536 878 616; x_wconf 82' lang='lat' dir='ltr'>discrepantiae</span> <span class='ocrx_word' id='word_1_21' title='bbox 920 536 1076 594; x_wconf 88' lang='lat' dir='ltr'>duas</span> <span class='ocrx_word' id='word_1_22' title='bbox 1119 533 1324 594; x_wconf 84' lang='lat' dir='ltr'>reddit</span> <span class='ocrx_word' id='word_1_23' title='bbox 1365 539 1664 611; x_wconf 84' lang='lat' dir='ltr'>rationes3</span> <span class='ocrx_word' id='word_1_24' title='bbox 1721 540 1978 616; x_wconf 83' lang='lat' dir='ltr'>quarum</span> 
     </span>
     <span class='ocr_line' id='line_1_5' title="bbox 195 634 1981 716; baseline -0.004 -15"><span class='ocrx_word' id='word_1_25' title='bbox 195 660 321 701; x_wconf 90' lang='lat' dir='ltr'>una</span> <span class='ocrx_word' id='word_1_26' title='bbox 383 639 566 698; x_wconf 90' lang='lat' dir='ltr'>ducta</span> <span class='ocrx_word' id='word_1_27' title='bbox 621 653 658 694; x_wconf 89' lang='lat' dir='ltr'>a</span> <span class='ocrx_word' id='word_1_28' title='bbox 715 634 989 694; x_wconf 89' lang='lat' dir='ltr'>dominio</span> <span class='ocrx_word' id='word_1_29' title='bbox 1034 635 1322 694; x_wconf 90' lang='lat' dir='ltr'>horarum</span> <span class='ocrx_word' id='word_1_30' title='bbox 1366 655 1478 716; x_wconf 88' lang='lat' dir='ltr'>per</span> <span class='ocrx_word' id='word_1_31' title='bbox 1522 637 1735 696; x_wconf 89' lang='lat' dir='ltr'>orbem</span> <span class='ocrx_word' id='word_1_32' title='bbox 1779 644 1981 707; x_wconf 87' lang='lat' dir='ltr'>eunte,</span> 
     </span>
     <span class='ocr_line' id='line_1_6' title="bbox 194 735 1978 818; baseline -0.003 -19"><span class='ocrx_word' id='word_1_33' title='bbox 194 751 267 818; x_wconf 86' lang='lat' dir='ltr'>ut</span> <span class='ocrx_word' id='word_1_34' title='bbox 311 738 392 798; x_wconf 87' lang='lat' dir='ltr'>ad</span> <span class='ocrx_word' id='word_1_35' title='bbox 442 737 766 798; x_wconf 89' lang='lat' dir='ltr'>veritatem</span> <span class='ocrx_word' id='word_1_36' title='bbox 812 735 1087 814; x_wconf 84' lang='lat' dir='ltr'>propior,</span> <span class='ocrx_word' id='word_1_37' title='bbox 1129 735 1221 792; x_wconf 90' lang='lat' dir='ltr'>ita</span> <span class='ocrx_word' id='word_1_38' title='bbox 1262 753 1302 793; x_wconf 89' lang='lat' dir='ltr'>a</span> <span class='ocrx_word' id='word_1_39' title='bbox 1343 746 1557 795; x_wconf 86' lang='lat' dir='ltr'>nostra</span> <span class='ocrx_word' id='word_1_40' title='bbox 1603 755 1785 795; x_wconf 87' lang='lat' dir='ltr'>causa</span> <span class='ocrx_word' id='word_1_41' title='bbox 1832 736 1978 794; x_wconf 88' lang='lat' dir='ltr'>alie-</span> 
     </span>
     <span class='ocr_line' id='line_1_7' title="bbox 193 834 1984 915; baseline -0.002 -17"><span class='ocrx_word' id='word_1_42' title='bbox 193 841 346 898; x_wconf 88' lang='lat' dir='ltr'>nior.</span> <span class='ocrx_word' id='word_1_43' title='bbox 433 837 647 898; x_wconf 90' lang='lat' dir='ltr'>Altera</span> <span class='ocrx_word' id='word_1_44' title='bbox 699 835 860 893; x_wconf 88' lang='lat' dir='ltr'>ratio</span> <span class='ocrx_word' id='word_1_45' title='bbox 917 834 1153 891; x_wconf 89' lang='lat' dir='ltr'>musica</span> <span class='ocrx_word' id='word_1_46' title='bbox 1197 842 1317 907; x_wconf 83' lang='lat' dir='ltr'>est3</span> <span class='ocrx_word' id='word_1_47' title='bbox 1376 853 1519 893; x_wconf 87' lang='lat' dir='ltr'>nam</span> <span class='ocrx_word' id='word_1_48' title='bbox 1571 836 1631 894; x_wconf 84' lang='lat' dir='ltr'>si</span> <span class='ocrx_word' id='word_1_49' title='bbox 1672 845 1815 915; x_wconf 87' lang='lat' dir='ltr'>post</span> <span class='ocrx_word' id='word_1_50' title='bbox 1856 837 1984 915; x_wconf 91' lang='lat' dir='ltr'>pri-</span> 
     </span>
     <span class='ocr_line' id='line_1_8' title="bbox 193 933 1984 1014; baseline -0.002 -17"><span class='ocrx_word' id='word_1_51' title='bbox 193 955 366 998; x_wconf 91' lang='lat' dir='ltr'>mum</span> <span class='ocrx_word' id='word_1_52' title='bbox 410 936 741 995; x_wconf 81' lang='lat' dir='ltr'>Saturnum</span> <span class='ocrx_word' id='word_1_53' title='bbox 787 935 971 993; x_wconf 89' lang='lat' dir='ltr'>ceteri</span> <span class='ocrx_word' id='word_1_54' title='bbox 1013 933 1454 1012; x_wconf 87' lang='lat' dir='ltr'>proportione,</span> <span class='ocrx_word' id='word_1_55' title='bbox 1498 952 1653 1014; x_wconf 87' lang='lat' dir='ltr'>quae</span> <span class='ocrx_word' id='word_1_56' title='bbox 1688 934 1984 994; x_wconf 87' lang='lat' dir='ltr'>diatessa-</span> 
     </span>
     <span class='ocr_line' id='line_1_9' title="bbox 193 1032 1984 1114; baseline -0.002 -16"><span class='ocrx_word' id='word_1_57' title='bbox 193 1057 308 1098; x_wconf 93' lang='lat' dir='ltr'>ron</span> <span class='ocrx_word' id='word_1_58' title='bbox 351 1045 637 1108; x_wconf 84' lang='lat' dir='ltr'>vocatu-r,</span> <span class='ocrx_word' id='word_1_59' title='bbox 683 1033 1119 1114; x_wconf 83' lang='lat' dir='ltr'>disponantur,</span> <span class='ocrx_word' id='word_1_60' title='bbox 1163 1032 1528 1105; x_wconf 83' lang='lat' dir='ltr'>Saturnum,</span> <span class='ocrx_word' id='word_1_61' title='bbox 1590 1036 1696 1112; x_wconf 89' lang='lat' dir='ltr'>qui</span> <span class='ocrx_word' id='word_1_62' title='bbox 1736 1036 1802 1093; x_wconf 90' lang='lat' dir='ltr'>in</span> <span class='ocrx_word' id='word_1_63' title='bbox 1847 1053 1984 1114; x_wconf 87' lang='lat' dir='ltr'>sep-</span> 
     </span>
     <span class='ocr_line' id='line_1_10' title="bbox 192 1134 1983 1207; baseline -0.002 -9"><span class='ocrx_word' id='word_1_64' title='bbox 192 1140 431 1198; x_wconf 86' lang='lat' dir='ltr'>tizonio</span> <span class='ocrx_word' id='word_1_65' title='bbox 474 1137 751 1195; x_wconf 88' lang='lat' dir='ltr'>infimum</span> <span class='ocrx_word' id='word_1_66' title='bbox 797 1135 999 1192; x_wconf 88' lang='lat' dir='ltr'>locum</span> <span class='ocrx_word' id='word_1_67' title='bbox 1044 1151 1151 1192; x_wconf 90' lang='lat' dir='ltr'>seu</span> <span class='ocrx_word' id='word_1_68' title='bbox 1196 1142 1379 1193; x_wconf 89' lang='lat' dir='ltr'>neten</span> <span class='ocrx_word' id='word_1_69' title='bbox 1422 1134 1721 1207; x_wconf 75' lang='lat' dir='ltr'>obtinet,</span> <span class='ocrx_word' id='word_1_70' title='bbox 1753 1134 1983 1206; x_wconf 87' lang='lat' dir='ltr'>Solem,</span> 
     </span>
     <span class='ocr_line' id='line_1_11' title="bbox 196 1233 1982 1319; baseline -0.003 -21"><span class='ocrx_word' id='word_1_71' title='bbox 196 1241 301 1319; x_wconf 90' lang='lat' dir='ltr'>qui</span> <span class='ocrx_word' id='word_1_72' title='bbox 345 1255 583 1308; x_wconf 86' lang='lat' dir='ltr'>mesen,</span> <span class='ocrx_word' id='word_1_73' title='bbox 642 1245 704 1293; x_wconf 89' lang='lat' dir='ltr'>et</span> <span class='ocrx_word' id='word_1_74' title='bbox 747 1235 1019 1306; x_wconf 87' lang='lat' dir='ltr'>Lunam,</span> <span class='ocrx_word' id='word_1_75' title='bbox 1064 1251 1218 1311; x_wconf 90' lang='lat' dir='ltr'>quae</span> <span class='ocrx_word' id='word_1_76' title='bbox 1261 1233 1525 1313; x_wconf 86' lang='lat' dir='ltr'>hypates</span> <span class='ocrx_word' id='word_1_77' title='bbox 1568 1234 1803 1307; x_wconf 88' lang='lat' dir='ltr'>locum,</span> <span class='ocrx_word' id='word_1_78' title='bbox 1861 1246 1982 1293; x_wconf 88' lang='lat' dir='ltr'>tres</span> 
     </span>
     <span class='ocr_line' id='line_1_12' title="bbox 193 1333 1982 1418; baseline -0.003 -22"><span class='ocrx_word' id='word_1_79' title='bbox 193 1339 498 1418; x_wconf 88' lang='lat' dir='ltr'>primores</span> <span class='ocrx_word' id='word_1_80' title='bbox 567 1334 812 1393; x_wconf 84' lang='lat' dir='ltr'>ordines</span> <span class='ocrx_word' id='word_1_81' title='bbox 875 1334 1180 1412; x_wconf 91' lang='lat' dir='ltr'>accipere,</span> <span class='ocrx_word' id='word_1_82' title='bbox 1251 1343 1314 1391; x_wconf 92' lang='lat' dir='ltr'>et</span> <span class='ocrx_word' id='word_1_83' title='bbox 1370 1333 1656 1414; x_wconf 82' lang='lat' dir='ltr'>deinceps</span> <span class='ocrx_word' id='word_1_84' title='bbox 1710 1335 1982 1412; x_wconf 89' lang='lat' dir='ltr'>reliquos</span> 
     </span>
     <span class='ocr_line' id='line_1_13' title="bbox 193 1432 1983 1515; baseline -0.003 -19"><span class='ocrx_word' id='word_1_85' title='bbox 193 1437 482 1515; x_wconf 89' lang='lat' dir='ltr'>subsequi</span> <span class='ocrx_word' id='word_1_86' title='bbox 540 1434 757 1493; x_wconf 90' lang='lat' dir='ltr'>eadem</span> <span class='ocrx_word' id='word_1_87' title='bbox 813 1435 1210 1492; x_wconf 88' lang='lat' dir='ltr'>successione.</span> <span class='ocrx_word' id='word_1_88' title='bbox 1295 1432 1435 1492; x_wconf 90' lang='lat' dir='ltr'>Hoc</span> <span class='ocrx_word' id='word_1_89' title='bbox 1497 1453 1646 1493; x_wconf 86' lang='lat' dir='ltr'>vero</span> <span class='ocrx_word' id='word_1_90' title='bbox 1692 1444 1786 1492; x_wconf 85' lang='lat' dir='ltr'>est</span> <span class='ocrx_word' id='word_1_91' title='bbox 1826 1433 1983 1492; x_wconf 89' lang='lat' dir='ltr'>illud</span> 
     </span>
     <span class='ocr_line' id='line_1_14' title="bbox 193 1532 1983 1614; baseline -0.002 -19"><span class='ocrx_word' id='word_1_92' title='bbox 193 1555 485 1614; x_wconf 84' lang='lat' dir='ltr'>organum</span> <span class='ocrx_word' id='word_1_93' title='bbox 547 1532 799 1604; x_wconf 89' lang='lat' dir='ltr'>mundi,</span> <span class='ocrx_word' id='word_1_94' title='bbox 860 1552 898 1591; x_wconf 92' lang='lat' dir='ltr'>a</span> <span class='ocrx_word' id='word_1_95' title='bbox 943 1533 1252 1609; x_wconf 87' lang='lat' dir='ltr'>Dionysio</span> <span class='ocrx_word' id='word_1_96' title='bbox 1310 1533 1581 1611; x_wconf 89' lang='lat' dir='ltr'>Ephesio</span> <span class='ocrx_word' id='word_1_97' title='bbox 1601 1534 1673 1613; x_wconf 53' lang='grc' dir='ltr'>[ὃ]</span> <span class='ocrx_word' id='word_1_98' title='bbox 1721 1543 1782 1592; x_wconf 89' lang='lat' dir='ltr'>et</span> <span class='ocrx_word' id='word_1_99' title='bbox 1825 1532 1983 1592; x_wconf 89' lang='lat' dir='ltr'>Var-</span> 
     </span>
     <span class='ocr_line' id='line_1_15' title="bbox 192 1628 1984 1714; baseline -0.002 -18"><span class='ocrx_word' id='word_1_100' title='bbox 192 1656 344 1696; x_wconf 89' lang='lat' dir='ltr'>rone</span> <span class='ocrx_word' id='word_1_101' title='bbox 410 1635 670 1695; x_wconf 84' lang='lat' dir='ltr'>Atacino</span> <span class='ocrx_word' id='word_1_102' title='bbox 709 1628 782 1714; x_wconf 51' lang='grc' dir='ltr'>[Β]</span> <span class='ocrx_word' id='word_1_103' title='bbox 855 1633 1326 1710; x_wconf 85' lang='lat' dir='ltr'>elegantissimis</span> <span class='ocrx_word' id='word_1_104' title='bbox 1399 1633 1678 1691; x_wconf 86' lang='lat' dir='ltr'>versibus</span> <span class='ocrx_word' id='word_1_105' title='bbox 1737 1652 1984 1712; x_wconf 86' lang='lat' dir='ltr'>expres-</span> 
     </span>
     <span class='ocr_line' id='line_1_16' title="bbox 194 1732 1983 1812; baseline -0.001 -16"><span class='ocrx_word' id='word_1_106' title='bbox 194 1756 363 1808; x_wconf 89' lang='lat' dir='ltr'>sum,</span> <span class='ocrx_word' id='word_1_107' title='bbox 419 1737 603 1812; x_wconf 85' lang='lat' dir='ltr'>cujus·</span> <span class='ocrx_word' id='word_1_108' title='bbox 653 1733 729 1792; x_wconf 87' lang='lat' dir='ltr'>ad</span> <span class='ocrx_word' id='word_1_109' title='bbox 787 1733 1139 1811; x_wconf 88' lang='lat' dir='ltr'>exemplum</span> <span class='ocrx_word' id='word_1_110' title='bbox 1185 1732 1468 1810; x_wconf 85' lang='lat' dir='ltr'>Orpheus</span> <span class='ocrx_word' id='word_1_111' title='bbox 1522 1732 1983 1812; x_wconf 87' lang='lat' dir='ltr'>septichordum</span> 
     </span>
     <span class='ocr_line' id='line_1_17' title="bbox 194 1823 1981 1909; baseline -0.002 -13"><span class='ocrx_word' id='word_1_112' title='bbox 194 1856 373 1896; x_wconf 91' lang='lat' dir='ltr'>suum</span> <span class='ocrx_word' id='word_1_113' title='bbox 444 1836 694 1893; x_wconf 83' lang='lat' dir='ltr'>fluxisse</span> <span class='ocrx_word' id='word_1_114' title='bbox 751 1831 1032 1892; x_wconf 84' lang='lat' dir='ltr'>traditur.</span> <span class='ocrx_word' id='word_1_115' title='bbox 1136 1830 1388 1889; x_wconf 89' lang='lat' dir='ltr'>Manuel</span> <span class='ocrx_word' id='word_1_116' title='bbox 1445 1823 1692 1909; x_wconf 84' lang='lat' dir='ltr'>quidem</span> <span class='ocrx_word' id='word_1_117' title='bbox 1751 1832 1981 1908; x_wconf 82' lang='lat' dir='ltr'>Bryen-</span> 
     </span>
     <span class='ocr_line' id='line_1_18' title="bbox 194 1930 1983 1996; baseline -0.002 0"><span class='ocrx_word' id='word_1_118' title='bbox 194 1939 333 1996; x_wconf 89' lang='lat' dir='ltr'>nius</span> <span class='ocrx_word' id='word_1_119' title='bbox 391 1937 456 1994; x_wconf 90' lang='lat' dir='ltr'>in</span> <span class='ocrx_word' id='word_1_120' title='bbox 512 1934 811 1993; x_wconf 88' lang='lat' dir='ltr'>Harmon.</span> <span class='ocrx_word' id='word_1_121' title='bbox 855 1933 1012 1992; x_wconf 85' lang='lat' dir='ltr'>Sect.</span> <span class='ocrx_word' id='word_1_122' title='bbox 1068 1933 1114 1995; x_wconf 80' lang='grc' dir='ltr'>Ι.</span> <span class='ocrx_word' id='word_1_123' title='bbox 1170 1940 1313 1990; x_wconf 88' lang='lat' dir='ltr'>ante</span> <span class='ocrx_word' id='word_1_124' title='bbox 1356 1930 1727 1991; x_wconf 89' lang='lat' dir='ltr'>Mercurium</span> <span class='ocrx_word' id='word_1_125' title='bbox 1774 1943 1983 1993; x_wconf 85' lang='lat' dir='ltr'>narrat</span> 
     </span>
     <span class='ocr_line' id='line_1_19' title="bbox 194 2032 1982 2113; baseline -0.001 -17"><span class='ocrx_word' id='word_1_126' title='bbox 194 2033 652 2096; x_wconf 88' lang='lat' dir='ltr'>tetrachordum</span> <span class='ocrx_word' id='word_1_127' title='bbox 708 2033 898 2092; x_wconf 89' lang='lat' dir='ltr'>fuisse</span> <span class='ocrx_word' id='word_1_128' title='bbox 947 2033 1152 2108; x_wconf 82' lang='lat' dir='ltr'>lyram</span> <span class='ocrx_word' id='word_1_129' title='bbox 1197 2032 1355 2093; x_wconf 79' lang='grc' dir='ltr'>κατὰ</span> <span class='ocrx_word' id='word_1_130' title='bbox 1400 2032 1662 2113; x_wconf 77' lang='grc' dir='ltr'>μίμησιν</span> <span class='ocrx_word' id='word_1_131' title='bbox 1703 2040 1812 2111; x_wconf 79' lang='grc' dir='ltr'>τῆς</span> <span class='ocrx_word' id='word_1_132' title='bbox 1852 2040 1982 2096; x_wconf 78' lang='grc' dir='ltr'>τῶν</span> 
     </span>
     <span class='ocr_line' id='line_1_20' title="bbox 196 2130 1980 2217; baseline -0.004 -18"><span class='ocrx_word' id='word_1_133' title='bbox 196 2135 514 2216; x_wconf 80' lang='grc' dir='ltr'><em>στοιχείων</em></span> <span class='ocrx_word' id='word_1_134' title='bbox 582 2131 951 2217; x_wconf 77' lang='grc' dir='ltr'><em>τετρακτύος</em></span> <span class='ocrx_word' id='word_1_135' title='bbox 1021 2152 1081 2212; x_wconf 89' lang='lat' dir='ltr'>p.</span> <span class='ocrx_word' id='word_1_136' title='bbox 1149 2130 1291 2191; x_wconf 82' lang='grc'><strong>362.</strong></span> <span class='ocrx_word' id='word_1_137' title='bbox 1378 2130 1774 2208; x_wconf 83' lang='lat' dir='ltr'>Majugenam</span> <span class='ocrx_word' id='word_1_138' title='bbox 1829 2149 1980 2194; x_wconf 84' lang='lat' dir='ltr'>vero</span> 
     </span>
     <span class='ocr_line' id='line_1_21' title="bbox 196 2229 1982 2316; baseline -0.004 -18"><span class='ocrx_word' id='word_1_139' title='bbox 196 2238 532 2316; x_wconf 89' lang='lat' dir='ltr'>conjunctis</span> <span class='ocrx_word' id='word_1_140' title='bbox 599 2233 840 2294; x_wconf 75' lang='lat' dir='ltr'>duobus</span> <span class='ocrx_word' id='word_1_141' title='bbox 904 2233 1258 2309; x_wconf 86' lang='lat' dir='ltr'>systematis</span> <span class='ocrx_word' id='word_1_142' title='bbox 1322 2229 1784 2311; x_wconf 84' lang='lat' dir='ltr'>heptachordon</span> <span class='ocrx_word' id='word_1_143' title='bbox 1842 2232 1982 2291; x_wconf 86' lang='lat' dir='ltr'>effe-</span> 
     </span>
    </p>
   </div>
   <div class='ocr_carea' id='block_1_3' title="bbox 195 2330 2035 2414">
    <p class='ocr_par' dir='ltr' id='par_1_3' title="bbox 195 2330 2035 2414">
     <span class='ocr_line' id='line_1_22' title="bbox 195 2330 2035 2414; baseline -0.004 -15"><span class='ocrx_word' id='word_1_144' title='bbox 195 2342 379 2411; x_wconf 89' lang='lat' dir='ltr'>cisse,</span> <span class='ocrx_word' id='word_1_145' title='bbox 432 2339 499 2396; x_wconf 90' lang='lat' dir='ltr'>in</span> <span class='ocrx_word' id='word_1_146' title='bbox 555 2353 675 2414; x_wconf 92' lang='lat' dir='ltr'>quo</span> <span class='ocrx_word' id='word_1_147' title='bbox 731 2335 1003 2414; x_wconf 87' lang='lat' dir='ltr'>hypaten</span> <span class='ocrx_word' id='word_1_148' title='bbox 1048 2333 1260 2391; x_wconf 86' lang='lat' dir='ltr'>Lunae</span> <span class='ocrx_word' id='word_1_149' title='bbox 1303 2330 1708 2410; x_wconf 86' lang='lat' dir='ltr'>respondere,</span> <span class='ocrx_word' id='word_1_150' title='bbox 1751 2331 1981 2411; x_wconf 73' lang='lat' dir='ltr'>parhy-</span> <span class='ocrx_word' id='word_1_151' title='bbox 2022 2338 2035 2360; x_wconf 67' lang='lat'>²</span> 
     </span>
    </p>
   </div>
   <div class='ocr_carea' id='block_1_4' title="bbox 195 2430 1980 3118">
    <p class='ocr_par' dir='ltr' id='par_1_4' title="bbox 195 2430 1980 3118">
     <span class='ocr_line' id='line_1_23' title="bbox 195 2430 1979 2519; baseline -0.005 -21"><span class='ocrx_word' id='word_1_152' title='bbox 195 2447 383 2519; x_wconf 88' lang='lat' dir='ltr'>paten</span> <span class='ocrx_word' id='word_1_153' title='bbox 427 2436 762 2507; x_wconf 85' lang='lat' dir='ltr'>Mercurio,</span> <span class='ocrx_word' id='word_1_154' title='bbox 807 2435 1089 2493; x_wconf 88' lang='lat' dir='ltr'>lichanon</span> <span class='ocrx_word' id='word_1_155' title='bbox 1134 2432 1391 2504; x_wconf 89' lang='lat' dir='ltr'>Veneri,</span> <span class='ocrx_word' id='word_1_156' title='bbox 1436 2450 1646 2492; x_wconf 87' lang='lat' dir='ltr'>mesen</span> <span class='ocrx_word' id='word_1_157' title='bbox 1691 2430 1823 2492; x_wconf 79' lang='lat' dir='ltr'>Soli</span> <span class='ocrx_word' id='word_1_158' title='bbox 1869 2440 1979 2494; x_wconf 79' lang='lat' dir='ltr'>etc.</span> 
     </span>
     <span class='ocr_line' id='line_1_24' title="bbox 197 2530 1979 2614; baseline -0.004 -16"><span class='ocrx_word' id='word_1_159' title='bbox 197 2538 418 2598; x_wconf 87' lang='lat' dir='ltr'>eadem</span> <span class='ocrx_word' id='word_1_160' title='bbox 486 2552 740 2614; x_wconf 88' lang='lat' dir='ltr'>prorsus</span> <span class='ocrx_word' id='word_1_161' title='bbox 810 2535 1082 2604; x_wconf 86' lang='lat' dir='ltr'>ratione,</span> <span class='ocrx_word' id='word_1_162' title='bbox 1170 2549 1355 2610; x_wconf 87' lang='lat' dir='ltr'>quam</span> <span class='ocrx_word' id='word_1_163' title='bbox 1409 2531 1534 2590; x_wconf 91' lang='lat' dir='ltr'>Dio</span> <span class='ocrx_word' id='word_1_164' title='bbox 1591 2549 1718 2590; x_wconf 89' lang='lat' dir='ltr'>non</span> <span class='ocrx_word' id='word_1_165' title='bbox 1773 2530 1979 2591; x_wconf 78' lang='lat' dir='ltr'>verbis</span> 
     </span>
     <span class='ocr_line' id='line_1_25' title="bbox 195 2630 1980 2719; baseline -0.004 -21"><span class='ocrx_word' id='word_1_166' title='bbox 195 2638 443 2719; x_wconf 86' lang='lat' dir='ltr'>quidem</span> <span class='ocrx_word' id='word_1_167' title='bbox 491 2635 821 2714; x_wconf 83' lang='lat' dir='ltr'>expressit,</span> <span class='ocrx_word' id='word_1_168' title='bbox 866 2632 976 2692; x_wconf 88' lang='lat' dir='ltr'>sed</span> <span class='ocrx_word' id='word_1_169' title='bbox 1019 2633 1170 2691; x_wconf 89' lang='lat' dir='ltr'>satis</span> <span class='ocrx_word' id='word_1_170' title='bbox 1216 2632 1404 2702; x_wconf 90' lang='lat' dir='ltr'>clare,</span> <span class='ocrx_word' id='word_1_171' title='bbox 1440 2641 1531 2691; x_wconf 50' lang='lat' dir='ltr'>,ut</span> <span class='ocrx_word' id='word_1_172' title='bbox 1584 2630 1762 2689; x_wconf 87' lang='lat' dir='ltr'>nobis</span> <span class='ocrx_word' id='word_1_173' title='bbox 1805 2630 1980 2694; x_wconf 81' lang='lat' dir='ltr'>vide-</span> 
     </span>
     <span class='ocr_line' id='line_1_26' title="bbox 195 2729 1978 2814; baseline -0.004 -17"><span class='ocrx_word' id='word_1_174' title='bbox 195 2750 323 2810; x_wconf 88' lang='lat' dir='ltr'>tur,</span> <span class='ocrx_word' id='word_1_175' title='bbox 385 2737 754 2814; x_wconf 86' lang='lat' dir='ltr'>significavit</span> <span class='ocrx_word' id='word_1_176' title='bbox 812 2735 1060 2792; x_wconf 91' lang='lat' dir='ltr'>nomine</span> <span class='ocrx_word' id='word_1_177' title='bbox 1114 2731 1522 2810; x_wconf 81' lang='lat' dir='ltr'>symphoniae</span> <span class='ocrx_word' id='word_1_178' title='bbox 1575 2729 1978 2796; x_wconf 82' lang='lat' dir='ltr'>diatessaron.</span> 
     </span>
     <span class='ocr_line' id='line_1_27' title="bbox 195 2829 1976 2916; baseline -0.003 -19"><span class='ocrx_word' id='word_1_179' title='bbox 195 2837 440 2898; x_wconf 91' lang='lat' dir='ltr'>Deinde</span> <span class='ocrx_word' id='word_1_180' title='bbox 485 2838 575 2895; x_wconf 92' lang='lat' dir='ltr'>sic</span> <span class='ocrx_word' id='word_1_181' title='bbox 617 2836 817 2916; x_wconf 87' lang='lat' dir='ltr'>pergit</span> <span class='ocrx_word' id='word_1_182' title='bbox 857 2834 1228 2910; x_wconf 89' lang='lat' dir='ltr'>Bryennius:</span> <span class='ocrx_word' id='word_1_183' title='bbox 1266 2831 1532 2915; x_wconf 78' lang='grc' dir='ltr'><strong><em>Ὀρφεὺς</em></strong></span> <span class='ocrx_word' id='word_1_184' title='bbox 1573 2832 1690 2910; x_wconf 84' lang='grc' dir='ltr'>τὴν</span> <span class='ocrx_word' id='word_1_185' title='bbox 1733 2829 1976 2910; x_wconf 77' lang='grc' dir='ltr'><strong><em>ἐπιστή-</em></strong></span> 
     </span>
     <span class='ocr_line' id='line_1_28' title="bbox 195 2926 1976 3021; baseline -0.004 -19"><span class='ocrx_word' id='word_1_186' title='bbox 195 2963 322 3021; x_wconf 85' lang='grc' dir='ltr'>μην</span> <span class='ocrx_word' id='word_1_187' title='bbox 364 2946 472 3017; x_wconf 81' lang='grc' dir='ltr'>τῆς</span> <span class='ocrx_word' id='word_1_188' title='bbox 514 2934 802 3015; x_wconf 80' lang='grc' dir='ltr'><strong><em>τοιαύτης</em></strong></span> <span class='ocrx_word' id='word_1_189' title='bbox 843 2933 1031 3017; x_wconf 76' lang='grc' dir='ltr'><em>λύρας</em></span> <span class='ocrx_word' id='word_1_190' title='bbox 1069 2934 1209 3015; x_wconf 66' lang='grc' dir='ltr'><em>παρ’</em></span> <span class='ocrx_word' id='word_1_191' title='bbox 1248 2933 1474 3014; x_wconf 78' lang='grc' dir='ltr'><em>Ἑρμοῦ</em></span> <span class='ocrx_word' id='word_1_192' title='bbox 1507 2926 1833 3010; x_wconf 73' lang='grc' dir='ltr'><em>διδαχθεὶς</em></span> <span class='ocrx_word' id='word_1_193' title='bbox 1864 2933 1976 2994; x_wconf 80' lang='grc' dir='ltr'>οὖ-</span> 
     </span>
     <span class='ocr_line' id='line_1_29' title="bbox 197 3030 1975 3118; baseline -0.007 -17"><span class='ocrx_word' id='word_1_194' title='bbox 197 3039 306 3102; x_wconf 79' lang='grc' dir='ltr'>ὃὲν</span> <span class='ocrx_word' id='word_1_195' title='bbox 372 3043 455 3107; x_wconf 76' lang='grc' dir='ltr'>εἰς</span> <span class='ocrx_word' id='word_1_196' title='bbox 524 3037 720 3116; x_wconf 75' lang='grc' dir='ltr'><em>αὐτὴν</em></span> <span class='ocrx_word' id='word_1_197' title='bbox 786 3031 1147 3117; x_wconf 77' lang='grc' dir='ltr'><em>φιλοπονίας</em></span> <span class='ocrx_word' id='word_1_198' title='bbox 1216 3035 1399 3118; x_wconf 75' lang='grc' dir='ltr'><em>ἔργον</em></span> <span class='ocrx_word' id='word_1_199' title='bbox 1467 3030 1841 3104; x_wconf 74' lang='grc' dir='ltr'><em>ἐπεδείξατο,</em></span> <span class='ocrx_word' id='word_1_200' title='bbox 1914 3040 1975 3089; x_wconf 92' lang='lat' dir='ltr'>et</span> 
     </span>
    </p>
   </div>
   <div class='ocr_carea' id='block_1_5' title="bbox 196 3129 2027 3216">
    <p class='ocr_par' dir='ltr' id='par_1_5' title="bbox 196 3129 2027 3216">
     <span class='ocr_line' id='line_1_30' title="bbox 196 3129 2027 3216; baseline -0.006 -17"><span class='ocrx_word' id='word_1_201' title='bbox 196 3139 494 3201; x_wconf 88' lang='lat' dir='ltr'>mansisse</span> <span class='ocrx_word' id='word_1_202' title='bbox 550 3137 865 3216; x_wconf 88' lang='lat' dir='ltr'>antiquam</span> <span class='ocrx_word' id='word_1_203' title='bbox 918 3132 1093 3210; x_wconf 84' lang='lat' dir='ltr'>lyrae</span> <span class='ocrx_word' id='word_1_204' title='bbox 1148 3131 1411 3190; x_wconf 88' lang='lat' dir='ltr'>formam</span> <span class='ocrx_word' id='word_1_205' title='bbox 1466 3150 1658 3210; x_wconf 89' lang='lat' dir='ltr'>usque</span> <span class='ocrx_word' id='word_1_206' title='bbox 1702 3129 1784 3190; x_wconf 89' lang='lat' dir='ltr'>ad</span> <span class='ocrx_word' id='word_1_207' title='bbox 1827 3129 1973 3190; x_wconf 88' lang='lat' dir='ltr'>Ter·</span> <span class='ocrx_word' id='word_1_208' title='bbox 2024 3162 2027 3165; x_wconf 91' lang='lat'><em>-</em></span> 
     </span>
    </p>
   </div>
   <div class='ocr_carea' id='block_1_6' title="bbox 315 3286 1739 3421">
    <p class='ocr_par' dir='ltr' id='par_1_6' title="bbox 315 3286 1739 3421">
     <span class='ocr_line' id='line_1_31' title="bbox 315 3286 1157 3348; baseline -0.012 -10"><span class='ocrx_word' id='word_1_209' title='bbox 315 3294 386 3348; x_wconf 65' lang='lat' dir='ltr'>[a]</span> <span class='ocrx_word' id='word_1_210' title='bbox 431 3308 471 3335; x_wconf 89' lang='lat' dir='ltr'>v.</span> <span class='ocrx_word' id='word_1_211' title='bbox 501 3292 655 3335; x_wconf 79' lang='lat' dir='ltr'>Naeke</span> <span class='ocrx_word' id='word_1_212' title='bbox 684 3292 841 3335; x_wconf 85' lang='lat' dir='ltr'>Sched.</span> <span class='ocrx_word' id='word_1_213' title='bbox 871 3288 982 3338; x_wconf 80' lang='lat' dir='ltr'>Crit.</span> <span class='ocrx_word' id='word_1_214' title='bbox 1013 3303 1055 3347; x_wconf 88' lang='lat' dir='ltr'>p.</span> <span class='ocrx_word' id='word_1_215' title='bbox 1089 3286 1157 3329; x_wconf 87' lang='lat'>17.</span> 
     </span>
     <span class='ocr_line' id='line_1_32' title="bbox 317 3355 1739 3421; baseline -0.011 -10"><span class='ocrx_word' id='word_1_216' title='bbox 317 3367 381 3421; x_wconf 84' lang='lat' dir='ltr'>[b]</span> <span class='ocrx_word' id='word_1_217' title='bbox 416 3381 455 3408; x_wconf 91' lang='lat' dir='ltr'>v.</span> <span class='ocrx_word' id='word_1_218' title='bbox 487 3365 753 3409; x_wconf 81' lang='lat' dir='ltr'>Wernsdorf.</span> <span class='ocrx_word' id='word_1_219' title='bbox 786 3365 841 3408; x_wconf 84' lang='lat' dir='ltr'>ad</span> <span class='ocrx_word' id='word_1_220' title='bbox 872 3364 991 3407; x_wconf 84' lang='lat' dir='ltr'>Poet.</span> <span class='ocrx_word' id='word_1_221' title='bbox 1025 3360 1132 3404; x_wconf 84' lang='lat' dir='ltr'>Min.</span> <span class='ocrx_word' id='word_1_222' title='bbox 1165 3360 1221 3403; x_wconf 88' lang='grc' dir='ltr'>Τ.</span> <span class='ocrx_word' id='word_1_223' title='bbox 1254 3359 1305 3401; x_wconf 91' lang='lat' dir='ltr'>V.</span> <span class='ocrx_word' id='word_1_224' title='bbox 1339 3359 1388 3401; x_wconf 89' lang='lat' dir='ltr'>P.</span> <span class='ocrx_word' id='word_1_225' title='bbox 1419 3359 1502 3401; x_wconf 87' lang='lat'>111.</span> <span class='ocrx_word' id='word_1_226' title='bbox 1539 3373 1578 3414; x_wconf 87' lang='lat' dir='ltr'>p.</span> <span class='ocrx_word' id='word_1_227' title='bbox 1613 3355 1739 3402; x_wconf 78' lang='lat'>1422,</span> 
     </span>
    </p>
   </div>
  </div>
 </body>
</html>
