2150 3814
747 197 1292 260 memmei.
1412 229 1415 232 -
1792 186 1957 265 989

181 351 298 411 Pro
350 368 504 431 equo
549 347 816 425 Troiano
861 340 1180 423 Euphorio
1195 385 1213 415 ,
1258 347 1331 402 ut'
1367 341 1580 419 Lydus
1619 346 1810 402 refert
1851 366 1957 407 na-

179 451 323 511 vem
366 447 680 531 substituit
719 444 960 521 Fragm.
985 440 1198 523 CXX.
1237 443 1375 502 167.
1395 443 1467 525 [Β]
1530 444 1956 508 Praetermitto

180 552 366 621 alioS,
422 565 683 628 quorum
737 553 1021 625 tempora
1075 562 1201 602 non
1258 545 1406 604 satis
1463 543 1661 604 adhuc
1710 545 1957 624 ¹cognita

179 659 354 720 sunt,
441 647 797 724 Myrsilum,
886 646 991 724 qui
1073 643 1282 704 Musas
1352 645 1638 724 psaltrias
1705 643 1958 704 Lesbias

175 749 368 808 fuisse
434 740 648 809 voluit.
727 765 788 807 v.
855 744 1119 804 Meinek.
1187 743 1267 803 ad
1335 744 1606 825 Euphor.
1687 765 1746 825 p.
1819 746 1957 805 107.

178 849 368 908 Plehn
409 847 680 907 Lesbiae.
724 866 785 926 p.
830 846 972 905 206.
1016 844 1431 921 Theagenem,
1491 847 1596 925 qui
1637 845 1960 923 Aegineta-

177 968 316 1009 rum
361 948 625 1025 majores
668 964 795 1005 non
835 945 1124 1004 formicas
1169 943 1278 1002 sed
1323 963 1615 1023 specuum
1657 947 1960 1009 habitato-

179 1068 293 1109 res.
338 1069 398 1109 v.
440 1047 716 1106 Mueller.
758 1044 969 1119 Aegin.
1015 1062 1075 1120 p.
1126 1042 1221 1100 14.
1264 1044 1336 1101 cf.
1374 1044 1662 1123 Stephan.
1698 1064 1744 1103 s.
1781 1052 1959 1108 Παλ-

180 1147 326 1227 λήνη
356 1141 442 1226 [q.
538 1145 891 1214 Melissum,
946 1159 1127 1220 quem
1189 1141 1444 1202 Vossius
1503 1143 1580 1202 de
1633 1144 1796 1203 Hist.
1855 1146 1957 1204 Gr.

178 1248 247 1306 L.
301 1247 401 1304 111.
460 1242 602 1304 385.
655 1262 781 1325 non
835 1241 1148 1301 immerito
1192 1243 1256 1300 in
1301 1243 1459 1302 hunc
1501 1259 1823 1305 numerum
1867 1266 1961 1304 re-

177 1348 346 1421 tulit,
405 1344 803 1426 Staphylum,
847 1360 1051 1400 rerum
1098 1340 1585 1404 Thessalicarum
1629 1356 1960 1421 auctorem,

178 1449 283 1526 qui
328 1444 625 1506 Charonis
670 1452 808 1502 astu
851 1444 1132 1503 effectum
1175 1446 1453 1524 putavit,
1510 1452 1581 1503 ut
1624 1446 1712 1507 dii
1758 1447 1963 1507 Theti-

180 1546 276 1606 dis
319 1548 550 1626 nuptiis
581 1546 878 1603 interesse
902 1543 1292 1603 crederentur
1323 1544 1523 1604 Schol.
1549 1545 1735 1604 Arist.
1761 1544 1819 1605 Ν
1822 1546 1961 1605 ubb.

185 1644 366 1706 1058.
433 1645 635 1706 Schol.
699 1644 904 1724 Apoll.
973 1643 1075 1701 IV.
1150 1644 1294 1705 816.
1351 1645 1803 1718 Phanodicum,
1858 1646 1962 1724 qui

180 1747 447 1809 Daedali
490 1746 618 1805 alas
661 1746 727 1802 in
771 1744 1085 1820 navigium
1131 1747 1582 1805 transmutavit.
1625 1745 1714 1803 Hi
1757 1753 1963 1804 autem

181 1865 392 1913 omnes
421 1843 881 1906 {tantummodo
938 1861 1274 1922 paucarum
1329 1843 1678 1905 fabularum
1734 1846 1963 1905 minus-

183 1965 298 2027 que
365 1946 694 2023 insignium
748 1945 1053 2004 rationem
1110 1941 1367 2005 reddere
1424 1947 1628 2005 conati
1682 1947 1963 2025 impieta-

181 2049 281 2107 tis
319 2048 547 2106 crimen
599 2046 789 2105 facile.
835 2046 1357 2124 subterfugerunt3
1402 2049 1759 2126 primusque
1803 2046 1962 2105 Eue-

183 2167 387 2207 merus
461 2165 534 2204 eo
591 2148 894 2225 processit
950 2146 1243 2206 audaciae
1302 2156 1370 2205 ut
1424 2149 1778 2209 universam
1830 2166 1963 2223 my-

90 2238 99 2245 ’
182 2248 518 2324 thologiam
564 2246 705 2304 hinc
748 2256 948 2305 ortam
996 2246 1253 2318 diceret,
1298 2245 1462 2324 quod
1506 2246 1787 2304 homines
1833 2247 1963 2325 qui-

184 2347 328 2406 dam
370 2346 560 2404 fortes
604 2355 667 2404 et
708 2345 1040 2424 prudentes
1082 2358 1226 2426 post
1269 2354 1530 2405 mortem
1570 2345 1827 2406 deorum
1853 2364 1962 2404 no-

182 2466 326 2506 men
370 2455 432 2504 et
471 2446 770 2504 honorem
814 2449 1172 2526 consequuti
1216 2455 1448 2518 essent,
1507 2466 1705 2526 neque
1748 2447 1964 2506 heroes

181 2547 382 2607 solum
453 2554 515 2604 et
581 2543 888 2605 semideos
949 2545 1059 2605 sed
1114 2544 1335 2608 Jovem
1387 2548 1597 2626 ipsum
1653 2556 1715 2606 et
1768 2556 1964 2612 totam

185 2647 317 2724 ejus
373 2646 726 2726 progeniem
781 2645 1050 2707 humano
1095 2648 1300 2724 generi
1346 2655 1406 2705 et
1448 2646 1811 2707 mortalibus
1858 2646 1963 2706 ad-

302 2831 376 2888 [e]
422 2831 472 2872 In
503 2829 630 2873 simili
658 2830 906 2874 narratione
934 2831 1009 2875 Fr.
1043 2832 1176 2874 CLV.
1209 2832 1305 2874 180.
1349 2845 1426 2888 pro
1458 2830 1708 2891 Ἀκαρίωνοι
1739 2831 1963 2875 Weicher-

188 2893 258 2932 tus
286 2890 341 2932 de
371 2889 565 2947 Apollon.
595 2903 638 2946 p.
667 2888 767 2933 253.
810 2887 1010 2949 Χάρωνα
1041 2891 1275 2933 substituit.
1885 2902 1890 2910 ·

309 2958 384 3018 [f]
441 2962 696 3018 Fulgentius
734 2962 787 3005 L.
829 2963 865 3006 I.
908 2962 977 3005 26.
1049 2964 1091 3006 T
1105 2964 1166 3005 he
1181 2978 1205 3005 o
1221 2963 1398 3005 oritus
1451 2962 1607 3019 antiq
1622 2962 1827 3006 uitatis
1874 2963 1962 3006 hi-

194 3020 521 3078 storiograp
536 3022 634 3064 hus
676 3023 886 3075 refert,
928 3022 1200 3064 Phorcum
1239 3022 1427 3064 fuisse
1464 3035 1670 3078 regem,
1712 3021 1806 3078 qui
1843 3025 1962 3065 tres

192 3077 329 3121 filia
342 3092 362 3120 s
416 3078 468 3122 lo
480 3093 540 3122 cu
553 3080 606 3137 pl
621 3084 709 3123 ete
721 3095 742 3122 s
791 3094 814 3122 r
826 3079 899 3123 eli
911 3081 1041 3137 quit.
1125 3080 1561 3136 Schweighaueserus
1604 3079 1673 3136 ad,
1698 3081 1853 3123 Athen.
1883 3080 1961 3124 XI.

194 3149 241 3235 g:
264 3136 336 3180 91.
378 3136 435 3179 T.
463 3138 539 3181 vl.
598 3138 859 3195 Theolytum
901 3139 1248 3196 Methymnaeum
1260 3172 1272 3192 ,
1314 3139 1387 3195 qui
1426 3139 1613 3183 Annales
1650 3139 1843 3196 scripsit,
1886 3139 1964 3182 alii

242 3193 473 3239 heocritum
503 3195 655 3240 Chium
688 3199 965 3256 Θαυμασίων
994 3198 1245 3254 scriptorem
1281 3197 1344 3252 (v.
1375 3196 1530 3244 Ebert.
1569 3197 1750 3240 Dissert.
1781 3197 1871 3243 Sic.
1903 3197 1961 3240 Τ.

196 3251 236 3294 1.
264 3266 307 3310 p.
338 3253 459 3310 174.)
497 3255 733 3312 significari
773 3262 941 3314 putant.
980 3251 1196 3316 Εὔκριτος
1236 3268 1315 3313 pro
1360 3252 1594 3318 Θεόκριτος
1631 3256 1831 3300 mendose
1870 3257 1962 3299 edi-

196 3310 378 3410 }uaemin
430 3313 565 3357 Bekk.
613 3315 770 3364 Anecd.
824 3330 864 3373 p.
920 3314 1044 3359 1198.
1101 3315 1173 3358 ubi
1230 3328 1376 3358 versus
1427 3329 1482 3358 ex
1534 3315 1599 3359 Id.
1651 3315 1752 3358 VII.
1801 3315 1842 3358 2.
1894 3316 1955 3357 af—

221 3382 244 3409 ε
341 3400 350 3409 .
