2184 3840
769 174 1229 223 ossrnlca.
1753 162 1880 223 897

0 278 2 343 7
107 311 435 370 utilitatem
496 309 815 368 hominum
850 317 853 319 ’
884 312 946 362 et
1011 301 1092 361 ad
1160 301 1590 363 inculcandum
1659 310 1878 370 animis

0 413 1 434 ¹
108 410 378 470 deorum,
407 417 638 468 metum
681 422 751 462 ac
792 403 1149 481 religionem
1192 404 1445 463 inventa
1489 403 1667 463 dicat.
1756 407 1882 468 Sed

106 521 314 569 tamen
365 508 569 566 nescio
624 522 704 562 an
758 502 910 562 haec
963 503 1030 561 in
1071 501 1446 561 instituendo
1490 505 1676 582 vulgo
1719 509 1879 568 ratio

106 609 187 668 ad
255 606 410 666 illud
478 604 792 685 plebejum
859 621 1047 679 genus
1101 602 1581 681 philosophandi
1633 606 1883 666 inclinet

15 683 22 691 “
106 705 270 787 quod
330 725 368 764 a
422 706 559 764 colu
615 704 876 781 lanaque
936 721 1159 763 nomen
1214 701 1399 761 habet
1439 697 1883 785 propriumque

105 815 199 865 est
240 807 544 864 nutricum
591 813 896 874 veterum,
942 821 1098 880 quae
1139 821 1383 881 pueros,
1428 823 1615 882 quum
1660 806 1884 865 cultros

104 906 440 977 ventilant,
503 903 813 963 dehortari
855 902 1085 972 solent,
1142 920 1232 958 ne
1276 901 1516 961 bonos
1562 906 1882 982 angelos

103 1004 561 1086 pungant[‘³].
649 1002 807 1061 Sunt
849 1018 998 1061 vero
1043 1009 1288 1077 praeter
1332 1000 1440 1058 has
1485 1006 1884 1064 sententiolas

104 1105 404 1185 quaedam
461 1101 841 1177 Pythagorae
897 1098 1060 1156 dicta
1114 1101 1204 1158 ita
1255 1098 1536 1158 fabulose
1579 1111 1648 1160 ut
1692 1105 1887 1162 mani-

102 1206 332 1264 festum
403 1203 485 1260 sit
538 1219 678 1259 eum
734 1217 860 1258 non
916 1197 1134 1257 docere
1190 1198 1507 1259 audientes
1564 1200 1675 1259 sed
1720 1201 1886 1260 oble-

102 1313 268 1369 ctare
327 1301 615 1362 voluisse.
721 1297 918 1371 Quale
989 1308 1082 1358 est
1138 1298 1324 1373 illud,
1401 1299 1568 1379 quod
1633 1300 1887 1362 Alimon

101 1402 384 1482 suam[¹]
456 1399 711 1468 Herculi
775 1401 841 1457 in
896 1399 1134 1476 Libyae
1195 1399 1437 1458 deserta
1492 1411 1887 1479 penetratum

102 1521 142 1562 a
186 1500 404 1561 Cerere
447 1501 663 1560 viatici
706 1499 842 1558 loco
889 1498 1096 1558 datam
1143 1518 1276 1558 esse
1320 1499 1705 1578 praedicavit
1743 1502 1887 1560 Por-

102 1603 280 1683 phyr.
338 1621 385 1659 c.
429 1599 718 1659 XXXIV.
763 1598 929 1678 quod
971 1618 1167 1678 neque
1210 1601 1347 1677 ipse
1390 1600 1649 1659 credidit
1691 1621 1887 1680 neque

58 1691 181 1760 *ab
259 1701 396 1760 aliis
469 1699 634 1758 credi
689 1699 892 1759 voluit
946 1698 1056 1756 sed
1111 1699 1356 1776 poetica
1410 1699 1666 1758 levitate
1718 1701 1885 1772 lusit,

103 1819 258 1880 quae
300 1798 486 1857 hodie
528 1798 676 1856 solis
722 1797 1073 1856 conceditur
1128 1798 1673 1871 versificatoribus,
1735 1784 1886 1857 olim

101 1919 251 1962 vero
307 1897 709 1958 scribentibus
764 1897 1113 1975 promiscue
1168 1895 1662 1971 condonabatur,
1704 1898 1887 1958 nulli-

102 2019 218 2081 que
299 1999 508 2077 generi
585 1994 1099 2077 philosophorum
1169 2006 1298 2056 tam
1364 1997 1686 2058 familiaris
1756 2007 1886 2056 erat

103 2119 289 2180 quam
342 2098 774 2174 PythagoreiS,
828 2105 1154 2177 poetarum
1207 2098 1272 2155 in
1331 2095 1590 2156 dicendo
1646 2098 1885 2157 similli-

101 2199 240 2271 mis,
285 2207 356 2256 ut
397 2196 740 2274 Dionysius
785 2196 875 2255 ait
917 2197 983 2256 in
1027 2193 1200 2256 Gens,
1235 2195 1337 2257 IV.
1381 2197 1557 2271 430„
1602 2206 1665 2256 et
1707 2215 1880 2276 gran-

106 2296 386 2377 diloquiS.

879 2554 931 2636 ξ.
1024 2554 1118 2618 15.

273 2723 397 2784 Sed
452 2743 573 2806 quo
616 2725 855 2804 longius
899 2728 964 2787 in
1007 2728 1121 2787 hac
1160 2730 1265 2790 via
1306 2728 1760 2808 progredimur,
1805 2749 1879 2788 eo

100 2824 307 2904 plures
387 2825 659 2905 undique
723 2828 1024 2903 mysticae
1102 2827 1416 2888 doctrinae
1484 2829 1880 2907 scaturigines

103 2925 385 2984 emicant.
482 2925 644 2986 Nam
699 2928 858 2986 inter
916 2927 1040 2986 alia
1089 2932 1406 2991 sanctioris
1459 2931 1629 2992 vitae
1684 2927 1881 2989 officia

104 3023 292 3083 etiam
345 3025 462 3084 hoc
517 3045 556 3084 a
608 3026 955 3105 Pythagora
1006 3036 1401 3108 praeceptum
1455 3029 1710 3107 legimus
1753 3034 1877 3111 si'p-

220 3224 296 3283 [¹1]
344 3228 397 3270 V.
427 3228 734 3286 Wytoeubach.
766 3229 820 3274 ad
851 3230 966 3274 Plut.
998 3230 1118 3287 Sept.
1150 3231 1253 3288 Sap.
1287 3231 1421 3275 Conv.
1451 3247 1494 3290 p.
1525 3231 1624 3275 968.

220 3322 296 3379 [ἲ]
343 3326 411 3369 ef.
443 3327 662 3373 Plutarch.
695 3330 875 3381 Quam.
909 3331 1026 3373 Rom.
1070 3345 1106 3371 c.
1137 3331 1206 3372 ΞΘ.
1284 3331 1286 3334 ’

193 3397 250 3447 11.
1507 3408 1547 3463 8
