<?xml version="1.0" encoding="UTF-8"?>
<!DOCTYPE html PUBLIC "-//W3C//DTD XHTML 1.0 Transitional//EN"
    "http://www.w3.org/TR/xhtml1/DTD/xhtml1-transitional.dtd">
<html xmlns="http://www.w3.org/1999/xhtml" xml:lang="en" lang="en">
 <head>
  <title>
</title>
<meta http-equiv="Content-Type" content="text/html;charset=utf-8" />
  <meta name='ocr-system' content='tesseract 3.04.00' />
  <meta name='ocr-capabilities' content='ocr_page ocr_carea ocr_par ocr_line ocrx_word'/>
</head>
<body>
  <div class='ocr_page' id='page_1' title='image "./aglaophamussived02lobeuoft_0348.png"; bbox 0 0 2150 3814; ppageno 0'>
   <div class='ocr_carea' id='block_1_1' title="bbox 182 203 1377 263">
    <p class='ocr_par' dir='ltr' id='par_1_1' title="bbox 182 203 1377 263">
     <span class='ocr_line' id='line_1_1' title="bbox 182 203 1377 263; baseline -0.008 1"><span class='ocrx_word' id='word_1_1' title='bbox 182 203 346 263; x_wconf 87' lang='lat'>1124</span> <span class='ocrx_word' id='word_1_2' title='bbox 755 212 971 256; x_wconf 74' lang='lat' dir='ltr'><strong>LIBER</strong></span> <span class='ocrx_word' id='word_1_3' title='bbox 1029 212 1377 257; x_wconf 78' lang='lat' dir='ltr'><strong>TERTIUS.</strong></span> 
     </span>
    </p>
   </div>
   <div class='ocr_carea' id='block_1_2' title="bbox 179 342 2001 3328">
    <p class='ocr_par' dir='ltr' id='par_1_2' title="bbox 179 342 2001 3328">
     <span class='ocr_line' id='line_1_2' title="bbox 180 342 1960 427; baseline 0.001 -21"><span class='ocrx_word' id='word_1_4' title='bbox 180 355 513 406; x_wconf 82' lang='lat' dir='ltr'><strong>coerceant.</strong></span> <span class='ocrx_word' id='word_1_5' title='bbox 572 342 899 422; x_wconf 74' lang='lat' dir='ltr'>Strabo-p.</span> <span class='ocrx_word' id='word_1_6' title='bbox 935 342 1078 403; x_wconf 87' lang='lat'><strong>201.</strong></span> <span class='ocrx_word' id='word_1_7' title='bbox 1126 345 1185 404; x_wconf 81' lang='grc' dir='ltr'>οἱ</span> <span class='ocrx_word' id='word_1_8' title='bbox 1225 343 1289 405; x_wconf 74' lang='grc' dir='ltr'>δ’</span> <span class='ocrx_word' id='word_1_9' title='bbox 1337 346 1412 406; x_wconf 82' lang='grc' dir='ltr'>οὐ</span> <span class='ocrx_word' id='word_1_10' title='bbox 1460 345 1598 414; x_wconf 79' lang='grc' dir='ltr'><em>τοὺς</em></span> <span class='ocrx_word' id='word_1_11' title='bbox 1638 354 1960 427; x_wconf 82' lang='grc' dir='ltr'><em>Κουρῆτας</em></span> 
     </span>
     <span class='ocr_line' id='line_1_3' title="bbox 182 439 1967 526; baseline -0.003 -16"><span class='ocrx_word' id='word_1_12' title='bbox 182 448 334 510; x_wconf 77' lang='grc' dir='ltr'><em>ἀλλὰ</em></span> <span class='ocrx_word' id='word_1_13' title='bbox 380 446 525 513; x_wconf 76' lang='grc' dir='ltr'><em>τοὺς</em></span> <span class='ocrx_word' id='word_1_14' title='bbox 569 441 982 523; x_wconf 77' lang='grc' dir='ltr'><em>Κορύβαντας</em></span> <span class='ocrx_word' id='word_1_15' title='bbox 1029 439 1324 526; x_wconf 77' lang='grc' dir='ltr'><em>Φρύγας,</em></span> <span class='ocrx_word' id='word_1_16' title='bbox 1373 444 1640 514; x_wconf 75' lang='grc' dir='ltr'><strong><em>ἐκείνους</em></strong></span> <span class='ocrx_word' id='word_1_17' title='bbox 1683 444 1752 507; x_wconf 73' lang='grc' dir='ltr'>δὲ</span> <span class='ocrx_word' id='word_1_18' title='bbox 1796 452 1967 525; x_wconf 52' lang='grc' dir='ltr'>Κρῆω</span> 
     </span>
     <span class='ocr_line' id='line_1_4' title="bbox 179 541 1968 621; baseline 0.003 -20"><span class='ocrx_word' id='word_1_19' title='bbox 179 572 307 617; x_wconf 71' lang='grc' dir='ltr'>τας,</span> <span class='ocrx_word' id='word_1_20' title='bbox 368 555 430 603; x_wconf 89' lang='lat' dir='ltr'>et</span> <span class='ocrx_word' id='word_1_21' title='bbox 471 544 776 603; x_wconf 90' lang='lat' dir='ltr'>Lucianus</span> <span class='ocrx_word' id='word_1_22' title='bbox 823 541 899 600; x_wconf 89' lang='lat' dir='ltr'>de</span> <span class='ocrx_word' id='word_1_23' title='bbox 946 542 1161 600; x_wconf 89' lang='lat' dir='ltr'>Saltat.</span> <span class='ocrx_word' id='word_1_24' title='bbox 1206 542 1264 600; x_wconf 89' lang='lat'>8.</span> <span class='ocrx_word' id='word_1_25' title='bbox 1307 561 1368 621; x_wconf 88' lang='lat' dir='ltr'>p.</span> <span class='ocrx_word' id='word_1_26' title='bbox 1405 544 1543 603; x_wconf 87' lang='grc'><strong>127.</strong></span> <span class='ocrx_word' id='word_1_27' title='bbox 1589 543 1657 603; x_wconf 90' lang='grc' dir='ltr'>Τ.</span> <span class='ocrx_word' id='word_1_28' title='bbox 1684 543 1756 602; x_wconf 90' lang='lat' dir='ltr'>V.</span> <span class='ocrx_word' id='word_1_29' title='bbox 1792 545 1968 607; x_wconf 78' lang='grc' dir='ltr'><em>Ῥέαν</em></span> 
     </span>
     <span class='ocr_line' id='line_1_5' title="bbox 181 641 1969 729; baseline -0.002 -19"><span class='ocrx_word' id='word_1_30' title='bbox 181 651 248 712; x_wconf 80' lang='grc' dir='ltr'>ἐν</span> <span class='ocrx_word' id='word_1_31' title='bbox 295 643 549 729; x_wconf 69' lang='grc' dir='ltr'><em>Φρυγία</em></span> <span class='ocrx_word' id='word_1_32' title='bbox 604 641 752 710; x_wconf 80' lang='grc' dir='ltr'><em>τοὺς</em></span> <span class='ocrx_word' id='word_1_33' title='bbox 794 641 1246 725; x_wconf 76' lang='grc' dir='ltr'><em>Κορύβαντας,</em></span> <span class='ocrx_word' id='word_1_34' title='bbox 1303 646 1369 704; x_wconf 78' lang='grc' dir='ltr'>ἐν</span> <span class='ocrx_word' id='word_1_35' title='bbox 1426 643 1635 727; x_wconf 85' lang='grc' dir='ltr'><em>Κρήτῃ</em></span> <span class='ocrx_word' id='word_1_36' title='bbox 1691 643 1761 707; x_wconf 71' lang='grc' dir='ltr'>δὲ</span> <span class='ocrx_word' id='word_1_37' title='bbox 1821 644 1969 713; x_wconf 79' lang='grc' dir='ltr'><em>τοὺς</em></span> 
     </span>
     <span class='ocr_line' id='line_1_6' title="bbox 180 740 1975 827; baseline -0.004 -18"><span class='ocrx_word' id='word_1_38' title='bbox 180 752 504 827; x_wconf 81' lang='grc' dir='ltr'><em>Κουρῆτας</em></span> <span class='ocrx_word' id='word_1_39' title='bbox 563 744 889 823; x_wconf 78' lang='grc' dir='ltr'><em>ὀρχεῖσθαι</em></span> <span class='ocrx_word' id='word_1_40' title='bbox 943 740 1248 804; x_wconf 19' lang='grc' dir='ltr'><em>κελεῦσαί,</em></span> <span class='ocrx_word' id='word_1_41' title='bbox 1282 764 1454 823; x_wconf 84' lang='grc' dir='ltr'><em>φασι.</em></span> <span class='ocrx_word' id='word_1_42' title='bbox 1554 742 1708 803; x_wconf 79' lang='lat' dir='ltr'>Utra</span> <span class='ocrx_word' id='word_1_43' title='bbox 1761 745 1975 805; x_wconf 78' lang='lat' dir='ltr'>verior</span> 
     </span>
     <span class='ocr_line' id='line_1_7' title="bbox 180 838 1973 923; baseline -0.001 -19"><span class='ocrx_word' id='word_1_44' title='bbox 180 845 518 916; x_wconf 87' lang='lat' dir='ltr'>sententia,</span> <span class='ocrx_word' id='word_1_45' title='bbox 590 843 910 923; x_wconf 84' lang='lat' dir='ltr'>explorate</span> <span class='ocrx_word' id='word_1_46' title='bbox 959 838 1228 920; x_wconf 87' lang='lat' dir='ltr'>judicari</span> <span class='ocrx_word' id='word_1_47' title='bbox 1288 844 1518 921; x_wconf 89' lang='lat' dir='ltr'>nequit.</span> <span class='ocrx_word' id='word_1_48' title='bbox 1623 842 1750 901; x_wconf 87' lang='lat' dir='ltr'>Sed</span> <span class='ocrx_word' id='word_1_49' title='bbox 1781 862 1973 903; x_wconf 18' lang='lat' dir='ltr'>*com-</span> 
     </span>
     <span class='ocr_line' id='line_1_8' title="bbox 179 940 1976 1020; baseline -0.002 -15"><span class='ocrx_word' id='word_1_50' title='bbox 179 946 425 1006; x_wconf 86' lang='lat' dir='ltr'>munior</span> <span class='ocrx_word' id='word_1_51' title='bbox 469 943 639 1002; x_wconf 90' lang='lat' dir='ltr'>fama</span> <span class='ocrx_word' id='word_1_52' title='bbox 682 940 951 1010; x_wconf 50' lang='lat' dir='ltr'>Curetes,¹</span> <span class='ocrx_word' id='word_1_53' title='bbox 982 942 1041 1000; x_wconf 91' lang='lat' dir='ltr'>ei</span> <span class='ocrx_word' id='word_1_54' title='bbox 1084 948 1285 998; x_wconf 89' lang='lat' dir='ltr'>terrae</span> <span class='ocrx_word' id='word_1_55' title='bbox 1329 941 1578 1013; x_wconf 85' lang='lat' dir='ltr'>asserit,</span> <span class='ocrx_word' id='word_1_56' title='bbox 1637 943 1809 1020; x_wconf 86' lang='lat' dir='ltr'>cujus</span> <span class='ocrx_word' id='word_1_57' title='bbox 1863 960 1976 1001; x_wconf 81' lang='lat' dir='ltr'>no·-</span> 
     </span>
     <span class='ocr_line' id='line_1_9' title="bbox 179 1038 1976 1124; baseline -0.003 -18"><span class='ocrx_word' id='word_1_58' title='bbox 179 1065 322 1106; x_wconf 92' lang='lat' dir='ltr'>men</span> <span class='ocrx_word' id='word_1_59' title='bbox 366 1063 517 1124; x_wconf 92' lang='lat' dir='ltr'>prae</span> <span class='ocrx_word' id='word_1_60' title='bbox 561 1062 627 1103; x_wconf 91' lang='lat' dir='ltr'>se</span> <span class='ocrx_word' id='word_1_61' title='bbox 671 1043 909 1117; x_wconf 89' lang='lat' dir='ltr'>ferunt,</span> <span class='ocrx_word' id='word_1_62' title='bbox 978 1060 1177 1122; x_wconf 86' lang='lat' dir='ltr'>neque</span> <span class='ocrx_word' id='word_1_63' title='bbox 1221 1039 1511 1099; x_wconf 88' lang='lat' dir='ltr'>abhorret</span> <span class='ocrx_word' id='word_1_64' title='bbox 1555 1059 1739 1114; x_wconf 87' lang='lat' dir='ltr'>vero,</span> <span class='ocrx_word' id='word_1_65' title='bbox 1787 1038 1976 1101; x_wconf 89' lang='lat' dir='ltr'>Cure-</span> 
     </span>
     <span class='ocr_line' id='line_1_10' title="bbox 181 1140 1978 1220; baseline -0.001 -17"><span class='ocrx_word' id='word_1_66' title='bbox 181 1155 312 1205; x_wconf 90' lang='lat' dir='ltr'>tum</span> <span class='ocrx_word' id='word_1_67' title='bbox 358 1163 584 1204; x_wconf 90' lang='lat' dir='ltr'>nomen</span> <span class='ocrx_word' id='word_1_68' title='bbox 633 1142 854 1202; x_wconf 91' lang='lat' dir='ltr'>dehinc</span> <span class='ocrx_word' id='word_1_69' title='bbox 911 1141 992 1201; x_wconf 90' lang='lat' dir='ltr'>ad</span> <span class='ocrx_word' id='word_1_70' title='bbox 1035 1142 1366 1219; x_wconf 83' lang='lat' dir='ltr'>Phrygiam</span> <span class='ocrx_word' id='word_1_71' title='bbox 1424 1151 1487 1199; x_wconf 92' lang='lat' dir='ltr'>et</span> <span class='ocrx_word' id='word_1_72' title='bbox 1540 1140 1622 1201; x_wconf 90' lang='lat' dir='ltr'>ad</span> <span class='ocrx_word' id='word_1_73' title='bbox 1678 1141 1978 1220; x_wconf 80' lang='lat' dir='ltr'>Phrygios</span> 
     </span>
     <span class='ocr_line' id='line_1_11' title="bbox 184 1241 1976 1321; baseline -0.002 -16"><span class='ocrx_word' id='word_1_74' title='bbox 184 1242 455 1321; x_wconf 84' lang='lat' dir='ltr'>Cybelae</span> <span class='ocrx_word' id='word_1_75' title='bbox 512 1245 774 1303; x_wconf 86' lang='lat' dir='ltr'>cultores</span> <span class='ocrx_word' id='word_1_76' title='bbox 829 1253 974 1302; x_wconf 92' lang='lat' dir='ltr'>tunc</span> <span class='ocrx_word' id='word_1_77' title='bbox 1016 1241 1366 1302; x_wconf 93' lang='lat' dir='ltr'>traductum</span> <span class='ocrx_word' id='word_1_78' title='bbox 1424 1259 1558 1300; x_wconf 89' lang='lat' dir='ltr'>esse</span> <span class='ocrx_word' id='word_1_79' title='bbox 1613 1260 1815 1321; x_wconf 86' lang='lat' dir='ltr'>quum</span> <span class='ocrx_word' id='word_1_80' title='bbox 1865 1241 1976 1302; x_wconf 85' lang='lat' dir='ltr'>Sa-</span> 
     </span>
     <span class='ocr_line' id='line_1_12' title="bbox 182 1340 1979 1423; baseline -0.003 -17"><span class='ocrx_word' id='word_1_81' title='bbox 182 1347 400 1406; x_wconf 85' lang='lat' dir='ltr'>bazius</span> <span class='ocrx_word' id='word_1_82' title='bbox 446 1363 556 1405; x_wconf 90' lang='lat' dir='ltr'>seu</span> <span class='ocrx_word' id='word_1_83' title='bbox 603 1361 967 1423; x_wconf 91' lang='lat' dir='ltr'>quocunque</span> <span class='ocrx_word' id='word_1_84' title='bbox 1012 1343 1262 1400; x_wconf 88' lang='lat' dir='ltr'>nomine</span> <span class='ocrx_word' id='word_1_85' title='bbox 1318 1341 1423 1399; x_wconf 92' lang='lat' dir='ltr'>ille</span> <span class='ocrx_word' id='word_1_86' title='bbox 1480 1340 1632 1401; x_wconf 89' lang='lat' dir='ltr'>deae</span> <span class='ocrx_word' id='word_1_87' title='bbox 1677 1342 1979 1420; x_wconf 84' lang='lat' dir='ltr'>Phrygiae</span> 
     </span>
     <span class='ocr_line' id='line_1_13' title="bbox 183 1439 1978 1520; baseline -0.002 -14"><span class='ocrx_word' id='word_1_88' title='bbox 183 1464 459 1506; x_wconf 85' lang='lat' dir='ltr'>assessor</span> <span class='ocrx_word' id='word_1_89' title='bbox 516 1442 715 1502; x_wconf 91' lang='lat' dir='ltr'>dictus</span> <span class='ocrx_word' id='word_1_90' title='bbox 775 1452 899 1515; x_wconf 90' lang='lat' dir='ltr'>est,</span> <span class='ocrx_word' id='word_1_91' title='bbox 967 1439 1145 1502; x_wconf 83' lang='lat' dir='ltr'>Jovis</span> <span class='ocrx_word' id='word_1_92' title='bbox 1205 1441 1590 1500; x_wconf 84' lang='lat' dir='ltr'>Graeciensis</span> <span class='ocrx_word' id='word_1_93' title='bbox 1646 1461 1978 1520; x_wconf 87' lang='lat' dir='ltr'>personam</span> 
     </span>
     <span class='ocr_line' id='line_1_14' title="bbox 182 1539 1981 1625; baseline -0.003 -19"><span class='ocrx_word' id='word_1_94' title='bbox 182 1546 552 1625; x_wconf 83' lang='lat' dir='ltr'>titulumque</span> <span class='ocrx_word' id='word_1_95' title='bbox 605 1542 939 1615; x_wconf 84' lang='lat' dir='ltr'>induisset3</span> <span class='ocrx_word' id='word_1_96' title='bbox 1001 1539 1167 1620; x_wconf 93' lang='lat' dir='ltr'>quod</span> <span class='ocrx_word' id='word_1_97' title='bbox 1225 1559 1346 1620; x_wconf 92' lang='lat' dir='ltr'>quo</span> <span class='ocrx_word' id='word_1_98' title='bbox 1403 1551 1684 1620; x_wconf 91' lang='lat' dir='ltr'>tempore</span> <span class='ocrx_word' id='word_1_99' title='bbox 1747 1541 1981 1602; x_wconf 86' lang='lat' dir='ltr'>accide-</span> 
     </span>
     <span class='ocr_line' id='line_1_15' title="bbox 182 1639 2001 1720; baseline -0.003 -14"><span class='ocrx_word' id='word_1_100' title='bbox 182 1649 297 1720; x_wconf 88' lang='lat' dir='ltr'>rit,</span> <span class='ocrx_word' id='word_1_101' title='bbox 355 1665 432 1705; x_wconf 88' lang='lat' dir='ltr'>ex</span> <span class='ocrx_word' id='word_1_102' title='bbox 475 1643 722 1704; x_wconf 87' lang='lat' dir='ltr'>Eumeli</span> <span class='ocrx_word' id='word_1_103' title='bbox 768 1651 831 1702; x_wconf 91' lang='lat' dir='ltr'>et</span> <span class='ocrx_word' id='word_1_104' title='bbox 873 1639 1243 1701; x_wconf 89' lang='lat' dir='ltr'>Phoronidis</span> <span class='ocrx_word' id='word_1_105' title='bbox 1303 1640 1380 1699; x_wconf 92' lang='lat' dir='ltr'>de</span> <span class='ocrx_word' id='word_1_106' title='bbox 1437 1639 1614 1702; x_wconf 87' lang='lat' dir='ltr'>Jovis</span> <span class='ocrx_word' id='word_1_107' title='bbox 1672 1651 1734 1699; x_wconf 92' lang='lat' dir='ltr'>et</span> <span class='ocrx_word' id='word_1_108' title='bbox 1782 1639 2001 1701; x_wconf 71' lang='lat' dir='ltr'>‚Cure-‘</span> 
     </span>
     <span class='ocr_line' id='line_1_16' title="bbox 184 1738 1987 1822; baseline -0.006 -17"><span class='ocrx_word' id='word_1_109' title='bbox 184 1755 318 1805; x_wconf 92' lang='lat' dir='ltr'>tum</span> <span class='ocrx_word' id='word_1_110' title='bbox 370 1755 509 1805; x_wconf 89' lang='lat' dir='ltr'>ortu</span> <span class='ocrx_word' id='word_1_111' title='bbox 551 1744 820 1821; x_wconf 89' lang='lat' dir='ltr'>Phrygio</span> <span class='ocrx_word' id='word_1_112' title='bbox 867 1742 1241 1802; x_wconf 88' lang='lat' dir='ltr'>testimoniis</span> <span class='ocrx_word' id='word_1_113' title='bbox 1277 1738 1740 1821; x_wconf 89' lang='lat' dir='ltr'>quodammodo</span> <span class='ocrx_word' id='word_1_114' title='bbox 1781 1743 1987 1822; x_wconf 81' lang='lat' dir='ltr'>suspi-.</span> 
     </span>
     <span class='ocr_line' id='line_1_17' title="bbox 185 1838 1983 1923; baseline -0.002 -19"><span class='ocrx_word' id='word_1_115' title='bbox 185 1845 311 1904; x_wconf 89' lang='lat' dir='ltr'>cari</span> <span class='ocrx_word' id='word_1_116' title='bbox 345 1845 504 1904; x_wconf 91' lang='lat' dir='ltr'>licet.</span> <span class='ocrx_word' id='word_1_117' title='bbox 548 1843 701 1903; x_wconf 89' lang='lat' dir='ltr'>Inde</span> <span class='ocrx_word' id='word_1_118' title='bbox 735 1862 927 1923; x_wconf 86' lang='lat' dir='ltr'>usque</span> <span class='ocrx_word' id='word_1_119' title='bbox 966 1840 1219 1901; x_wconf 89' lang='lat' dir='ltr'>Curetes</span> <span class='ocrx_word' id='word_1_120' title='bbox 1266 1851 1328 1899; x_wconf 90' lang='lat' dir='ltr'>et</span> <span class='ocrx_word' id='word_1_121' title='bbox 1365 1838 1750 1917; x_wconf 86' lang='lat' dir='ltr'>Corybantes</span> <span class='ocrx_word' id='word_1_122' title='bbox 1786 1844 1983 1920; x_wconf 91' lang='lat' dir='ltr'>magis</span> 
     </span>
     <span class='ocr_line' id='line_1_18' title="bbox 186 1938 1985 2022; baseline -0.001 -19"><span class='ocrx_word' id='word_1_123' title='bbox 186 1953 256 2003; x_wconf 79' lang='lat' dir='ltr'>et&#39;</span> <span class='ocrx_word' id='word_1_124' title='bbox 293 1945 487 2022; x_wconf 89' lang='lat' dir='ltr'>magis</span> <span class='ocrx_word' id='word_1_125' title='bbox 533 1944 873 2004; x_wconf 84' lang='lat' dir='ltr'>coalescere</span> <span class='ocrx_word' id='word_1_126' title='bbox 936 1952 996 2001; x_wconf 94' lang='lat' dir='ltr'>et</span> <span class='ocrx_word' id='word_1_127' title='bbox 1043 1942 1200 2000; x_wconf 89' lang='lat' dir='ltr'>ritus</span> <span class='ocrx_word' id='word_1_128' title='bbox 1250 1940 1549 2017; x_wconf 85' lang='lat' dir='ltr'>Phrygios</span> <span class='ocrx_word' id='word_1_129' title='bbox 1591 1938 1985 2020; x_wconf 90' lang='lat' dir='ltr'>Creticosque</span> 
     </span>
     <span class='ocr_line' id='line_1_19' title="bbox 185 2040 1988 2106; baseline -0.001 -2"><span class='ocrx_word' id='word_1_130' title='bbox 185 2045 351 2104; x_wconf 91' lang='lat' dir='ltr'>ultro</span> <span class='ocrx_word' id='word_1_131' title='bbox 395 2046 546 2102; x_wconf 91' lang='lat' dir='ltr'>citro</span> <span class='ocrx_word' id='word_1_132' title='bbox 587 2041 935 2103; x_wconf 82' lang='lat' dir='ltr'>transfundi</span> <span class='ocrx_word' id='word_1_133' title='bbox 979 2041 1283 2102; x_wconf 74' lang='lat' dir='ltr'>videmus,</span> <span class='ocrx_word' id='word_1_134' title='bbox 1326 2041 1397 2099; x_wconf 91' lang='lat' dir='ltr'>In</span> <span class='ocrx_word' id='word_1_135' title='bbox 1440 2041 1551 2099; x_wconf 91' lang='lat' dir='ltr'>illa</span> <span class='ocrx_word' id='word_1_136' title='bbox 1595 2040 1988 2106; x_wconf 86' lang='lat' dir='ltr'>Olontiorum</span> 
     </span>
     <span class='ocr_line' id='line_1_20' title="bbox 184 2141 1984 2220; baseline -0.001 -18"><span class='ocrx_word' id='word_1_137' title='bbox 184 2144 400 2204; x_wconf 85' lang='lat' dir='ltr'>tabula</span> <span class='ocrx_word' id='word_1_138' title='bbox 441 2141 695 2203; x_wconf 90' lang='lat' dir='ltr'>Curetes</span> <span class='ocrx_word' id='word_1_139' title='bbox 746 2153 807 2202; x_wconf 91' lang='lat' dir='ltr'>et</span> <span class='ocrx_word' id='word_1_140' title='bbox 846 2141 1232 2218; x_wconf 86' lang='lat' dir='ltr'>Corybantes</span> <span class='ocrx_word' id='word_1_141' title='bbox 1282 2141 1651 2201; x_wconf 88' lang='lat' dir='ltr'>invocantur</span> <span class='ocrx_word' id='word_1_142' title='bbox 1688 2150 1984 2220; x_wconf 89' lang='lat' dir='ltr'>tanquam</span> 
     </span>
     <span class='ocr_line' id='line_1_21' title="bbox 191 2237 1984 2315; baseline -0.002 -12"><span class='ocrx_word' id='word_1_143' title='bbox 191 2243 531 2304; x_wconf 91' lang='lat' dir='ltr'>domestica</span> <span class='ocrx_word' id='word_1_144' title='bbox 573 2246 830 2303; x_wconf 90' lang='lat' dir='ltr'>numina</span> <span class='ocrx_word' id='word_1_145' title='bbox 865 2241 976 2302; x_wconf 88' lang='lat' dir='ltr'>sed</span> <span class='ocrx_word' id='word_1_146' title='bbox 1010 2240 1365 2300; x_wconf 90' lang='lat' dir='ltr'>nominibus</span> <span class='ocrx_word' id='word_1_147' title='bbox 1403 2239 1702 2315; x_wconf 78' lang='lat' dir='ltr'>diversiS,</span> <span class='ocrx_word' id='word_1_148' title='bbox 1745 2248 1807 2300; x_wconf 91' lang='lat' dir='ltr'>et</span> <span class='ocrx_word' id='word_1_149' title='bbox 1843 2237 1984 2300; x_wconf 90' lang='lat' dir='ltr'>Cal-</span> 
     </span>
     <span class='ocr_line' id='line_1_22' title="bbox 187 2338 1985 2424; baseline 0.001 -21"><span class='ocrx_word' id='word_1_150' title='bbox 187 2344 485 2404; x_wconf 89' lang='lat' dir='ltr'>limachus</span> <span class='ocrx_word' id='word_1_151' title='bbox 511 2344 846 2404; x_wconf 89' lang='lat' dir='ltr'>nutriculas</span> <span class='ocrx_word' id='word_1_152' title='bbox 873 2342 1123 2423; x_wconf 90' lang='lat' dir='ltr'>quidem</span> <span class='ocrx_word' id='word_1_153' title='bbox 1151 2339 1328 2403; x_wconf 88' lang='lat' dir='ltr'>Jovis</span> <span class='ocrx_word' id='word_1_154' title='bbox 1356 2338 1662 2401; x_wconf 88' lang='lat' dir='ltr'>Cretensis</span> <span class='ocrx_word' id='word_1_155' title='bbox 1687 2339 1985 2424; x_wconf 80' lang='grc' dir='ltr'><em>Κυρβάν-</em></span> 
     </span>
     <span class='ocr_line' id='line_1_23' title="bbox 185 2440 1984 2530; baseline -0.005 -21"><span class='ocrx_word' id='word_1_156' title='bbox 185 2470 315 2509; x_wconf 85' lang='grc' dir='ltr'>των</span> <span class='ocrx_word' id='word_1_157' title='bbox 355 2445 579 2530; x_wconf 78' lang='grc' dir='ltr'><em>ἑτάροις</em></span> <span class='ocrx_word' id='word_1_158' title='bbox 616 2444 892 2524; x_wconf 90' lang='lat' dir='ltr'>appellat</span> <span class='ocrx_word' id='word_1_159' title='bbox 928 2442 1037 2501; x_wconf 89' lang='lat' dir='ltr'>sed</span> <span class='ocrx_word' id='word_1_160' title='bbox 1074 2440 1329 2501; x_wconf 89' lang='lat' dir='ltr'>Curetes</span> <span class='ocrx_word' id='word_1_161' title='bbox 1365 2442 1490 2500; x_wconf 91' lang='lat' dir='ltr'>alio</span> <span class='ocrx_word' id='word_1_162' title='bbox 1526 2443 1664 2501; x_wconf 92' lang='lat' dir='ltr'>loco</span> <span class='ocrx_word' id='word_1_163' title='bbox 1704 2459 1984 2500; x_wconf 87' lang='lat' dir='ltr'>seorsum</span> 
     </span>
     <span class='ocr_line' id='line_1_24' title="bbox 187 2540 1985 2626; baseline -0.003 -20"><span class='ocrx_word' id='word_1_164' title='bbox 187 2545 491 2626; x_wconf 89' lang='lat' dir='ltr'>producit.</span> <span class='ocrx_word' id='word_1_165' title='bbox 582 2544 807 2604; x_wconf 86' lang='lat' dir='ltr'>Strabo</span> <span class='ocrx_word' id='word_1_166' title='bbox 856 2552 1065 2603; x_wconf 89' lang='lat' dir='ltr'>autem</span> <span class='ocrx_word' id='word_1_167' title='bbox 1108 2541 1423 2601; x_wconf 89' lang='lat' dir='ltr'>nonnullis</span> <span class='ocrx_word' id='word_1_168' title='bbox 1471 2540 1726 2600; x_wconf 86' lang='lat' dir='ltr'>eosdem</span> <span class='ocrx_word' id='word_1_169' title='bbox 1782 2541 1985 2603; x_wconf 85' lang='lat' dir='ltr'>videri</span> 
     </span>
     <span class='ocr_line' id='line_1_25' title="bbox 188 2641 1977 2721; baseline 0.001 -17"><span class='ocrx_word' id='word_1_170' title='bbox 188 2645 368 2706; x_wconf 87' lang='lat' dir='ltr'>docet</span> <span class='ocrx_word' id='word_1_171' title='bbox 426 2657 488 2705; x_wconf 91' lang='lat' dir='ltr'>et</span> <span class='ocrx_word' id='word_1_172' title='bbox 547 2645 950 2704; x_wconf 88' lang='lat' dir='ltr'>Germanicus</span> <span class='ocrx_word' id='word_1_173' title='bbox 1009 2662 1083 2701; x_wconf 91' lang='lat' dir='ltr'>eo</span> <span class='ocrx_word' id='word_1_174' title='bbox 1141 2644 1310 2715; x_wconf 90' lang='lat' dir='ltr'>loco,</span> <span class='ocrx_word' id='word_1_175' title='bbox 1369 2660 1490 2721; x_wconf 89' lang='lat' dir='ltr'>quo</span> <span class='ocrx_word' id='word_1_176' title='bbox 1549 2641 1778 2701; x_wconf 90' lang='lat' dir='ltr'>Aratus</span> <span class='ocrx_word' id='word_1_177' title='bbox 1834 2647 1977 2706; x_wconf 83' lang='grc' dir='ltr'><em>Δικ-</em></span> 
     </span>
     <span class='ocr_line' id='line_1_26' title="bbox 186 2740 1983 2829; baseline -0.004 -19"><span class='ocrx_word' id='word_1_178' title='bbox 186 2747 402 2817; x_wconf 82' lang='grc' dir='ltr'><em>ταίους</em></span> <span class='ocrx_word' id='word_1_179' title='bbox 445 2753 773 2829; x_wconf 80' lang='grc' dir='ltr'><em>Κουρῆτας</em></span> <span class='ocrx_word' id='word_1_180' title='bbox 817 2745 1199 2816; x_wconf 90' lang='lat' dir='ltr'>nominavit,</span> <span class='ocrx_word' id='word_1_181' title='bbox 1255 2743 1550 2802; x_wconf 90' lang='lat' dir='ltr'>Dictaeos</span> <span class='ocrx_word' id='word_1_182' title='bbox 1598 2740 1983 2819; x_wconf 90' lang='lat' dir='ltr'>Corybantes</span> 
     </span>
     <span class='ocr_line' id='line_1_27' title="bbox 187 2842 1986 2928; baseline -0.003 -21"><span class='ocrx_word' id='word_1_183' title='bbox 187 2848 546 2928; x_wconf 85' lang='lat' dir='ltr'>supposuit,</span> <span class='ocrx_word' id='word_1_184' title='bbox 600 2854 895 2924; x_wconf 87' lang='lat' dir='ltr'>tanquam</span> <span class='ocrx_word' id='word_1_185' title='bbox 941 2844 1095 2903; x_wconf 87' lang='lat' dir='ltr'>nihil</span> <span class='ocrx_word' id='word_1_186' title='bbox 1138 2845 1478 2903; x_wconf 87' lang='lat' dir='ltr'>interesset.</span> <span class='ocrx_word' id='word_1_187' title='bbox 1569 2842 1986 2924; x_wconf 85' lang='lat' dir='ltr'>Similiterque</span> 
     </span>
     <span class='ocr_line' id='line_1_28' title="bbox 189 2942 1985 3006; baseline -0.002 0"><span class='ocrx_word' id='word_1_188' title='bbox 189 2947 421 3006; x_wconf 88' lang='lat' dir='ltr'>Seneca</span> <span class='ocrx_word' id='word_1_189' title='bbox 483 2945 664 3005; x_wconf 89' lang='lat' dir='ltr'>Herc.</span> <span class='ocrx_word' id='word_1_190' title='bbox 725 2945 859 3005; x_wconf 90' lang='lat' dir='ltr'>Oet.</span> <span class='ocrx_word' id='word_1_191' title='bbox 923 2945 1103 3003; x_wconf 86' lang='lat'><strong>1872.</strong></span> <span class='ocrx_word' id='word_1_192' title='bbox 1162 2944 1361 3004; x_wconf 87' lang='lat' dir='ltr'>fleat</span> <span class='ocrx_word' id='word_1_193' title='bbox 1420 2942 1756 3003; x_wconf 89' lang='lat' dir='ltr'>Alciden</span> <span class='ocrx_word' id='word_1_194' title='bbox 1815 2963 1985 3003; x_wconf 89' lang='lat' dir='ltr'>cae-</span> 
     </span>
     <span class='ocr_line' id='line_1_29' title="bbox 187 3040 1983 3120; baseline -0.001 -15"><span class='ocrx_word' id='word_1_195' title='bbox 187 3047 360 3106; x_wconf 92' lang='lat' dir='ltr'>rula</span> <span class='ocrx_word' id='word_1_196' title='bbox 404 3044 662 3120; x_wconf 88' lang='lat' dir='ltr'>Crete,</span> <span class='ocrx_word' id='word_1_197' title='bbox 707 3065 906 3105; x_wconf 91' lang='lat' dir='ltr'>nunc</span> <span class='ocrx_word' id='word_1_198' title='bbox 952 3042 1306 3118; x_wconf 86' lang='lat' dir='ltr'>Curetes,</span> <span class='ocrx_word' id='word_1_199' title='bbox 1351 3062 1545 3103; x_wconf 91' lang='lat' dir='ltr'>nunc</span> <span class='ocrx_word' id='word_1_200' title='bbox 1590 3040 1983 3120; x_wconf 88' lang='lat' dir='ltr'>Coryban-</span> 
     </span>
     <span class='ocr_line' id='line_1_30' title="bbox 187 3143 1982 3225; baseline 0 -21"><span class='ocrx_word' id='word_1_201' title='bbox 187 3156 306 3204; x_wconf 89' lang='lat' dir='ltr'>tes</span> <span class='ocrx_word' id='word_1_202' title='bbox 366 3165 575 3204; x_wconf 90' lang='lat' dir='ltr'>arma</span> <span class='ocrx_word' id='word_1_203' title='bbox 631 3146 867 3205; x_wconf 87' lang='lat' dir='ltr'>Idaea</span> <span class='ocrx_word' id='word_1_204' title='bbox 929 3155 1297 3225; x_wconf 86' lang='lat' dir='ltr'>quassate</span> <span class='ocrx_word' id='word_1_205' title='bbox 1357 3161 1599 3203; x_wconf 90' lang='lat' dir='ltr'>manu.</span> <span class='ocrx_word' id='word_1_206' title='bbox 1716 3143 1982 3205; x_wconf 87' lang='lat' dir='ltr'>Ovidius</span> 
     </span>
     <span class='ocr_line' id='line_1_31' title="bbox 188 3243 1984 3328; baseline 0.001 -23"><span class='ocrx_word' id='word_1_207' title='bbox 188 3256 401 3328; x_wconf 83' lang='lat' dir='ltr'>contra</span> <span class='ocrx_word' id='word_1_208' title='bbox 456 3246 624 3305; x_wconf 86' lang='lat' dir='ltr'>Fast.</span> <span class='ocrx_word' id='word_1_209' title='bbox 670 3245 773 3309; x_wconf 90' lang='lat' dir='ltr'>IV.</span> <span class='ocrx_word' id='word_1_210' title='bbox 837 3246 974 3305; x_wconf 83' lang='lat'><strong>180.</strong></span> <span class='ocrx_word' id='word_1_211' title='bbox 1020 3264 1105 3324; x_wconf 90' lang='lat' dir='ltr'>sq.</span> <span class='ocrx_word' id='word_1_212' title='bbox 1164 3245 1270 3304; x_wconf 91' lang='lat' dir='ltr'>ubi</span> <span class='ocrx_word' id='word_1_213' title='bbox 1326 3243 1801 3322; x_wconf 87' lang='lat' dir='ltr'>Megalesiorum</span> <span class='ocrx_word' id='word_1_214' title='bbox 1862 3246 1984 3308; x_wconf 52' lang='lat' dir='ltr'>ori—</span> 
     </span>
    </p>
   </div>
   <div class='ocr_carea' id='block_1_3' title="bbox 88 3335 1979 3425">
    <p class='ocr_par' dir='ltr' id='par_1_3' title="bbox 88 3335 1979 3425">
     <span class='ocr_line' id='line_1_32' title="bbox 88 3335 1979 3425; baseline -0.003 -19"><span class='ocrx_word' id='word_1_215' title='bbox 88 3335 93 3339; x_wconf 36' lang='lat'><em>*</em></span> <span class='ocrx_word' id='word_1_216' title='bbox 189 3348 389 3406; x_wconf 59' lang='lat' dir='ltr'>&lt;tinem</span> <span class='ocrx_word' id='word_1_217' title='bbox 450 3348 733 3425; x_wconf 84' lang='lat' dir='ltr'>exponit,</span> <span class='ocrx_word' id='word_1_218' title='bbox 800 3357 1090 3424; x_wconf 86' lang='lat' dir='ltr'>utrosque</span> <span class='ocrx_word' id='word_1_219' title='bbox 1145 3347 1209 3404; x_wconf 88' lang='lat' dir='ltr'>in</span> <span class='ocrx_word' id='word_1_220' title='bbox 1270 3345 1598 3422; x_wconf 89' lang='lat' dir='ltr'>Phrygiam</span> <span class='ocrx_word' id='word_1_221' title='bbox 1674 3345 1979 3415; x_wconf 88' lang='lat' dir='ltr'>transfert,</span> 
     </span>
    </p>
   </div>
  </div>
 </body>
</html>
