2184 3840
272 276 396 335 866
804 284 1038 328 moun
1086 281 1513 327 sEoUNDUS.

277 419 389 492 do,
451 414 789 477 similitudo
847 422 1051 472 autem
1112 412 1280 470 nulla
1333 412 1601 468 nominis
1633 412 1701 486 [t]
1770 405 1847 465 ad
1906 423 2045 484 pro-

277 516 544 578 bandum
605 515 952 582 levissima,
1021 514 1138 570 nisi
1198 510 1355 567 forte
1412 527 1631 567 arcus
1687 517 1747 566 et
1805 503 2047 587 φαρκίς,

277 620 469 677 imus
513 629 573 675 et
613 612 818 698 φιμός,
866 611 1082 669 ulcus
1110 619 1170 667 et
1194 608 1439 690 φολκός,
1487 609 1707 666 Pales
1734 616 1796 664 et
1822 601 2051 687 φαλλός

278 715 521 777 easdem
582 732 678 772 res
736 711 1421 786 significare-putamus
1509 707 1630 768 Sed
1678 706 1753 764 de
1797 703 2052 762 deorum

280 815 570 884 dialecto,
616 828 769 890 quae
814 807 891 867 ad
935 827 1064 866 rem
1111 808 1435 886 pertinent,
1480 806 1707 865 dixisse
1750 804 2053 874 videmur,

283 907 771 982 omissossvidii
815 909 950 967 lusu
997 908 1141 966 Met.
1196 905 1306 965 XI.
1351 904 1492 964 640.
1550 906 1744 963 hunc
1794 903 2056 962 Icelon

281 1011 573 1091 superi,
628 1009 972 1087 mortale
1029 1006 1448 1066 Pholetora
1505 1004 1784 1080 vulgus
1830 1002 2057 1060 nomi-

282 1118 443 1182 nat,
511 1118 572 1168 et
626 1109 762 1168 aliis
820 1108 898 1167 ad
954 1115 1223 1166 nostram
1285 1124 1525 1166 causam
1585 1122 1709 1161 non
1770 1100 2059 1161 uberiori-

284 1209 395 1269 bus
410 1209 501 1288 [²¹].

1076 1433 1128 1513 ξ.
1215 1436 1273 1492 8.

458 1619 631 1679 Nunc
674 1636 822 1679 vero
867 1616 1191 1679 advertere
1233 1618 1401 1690 libet,
1446 1618 1595 1676 haec
1619 1624 1942 1696 poetarum
1976 1610 2066 1668 lu-

292 1718 459 1778 dicra
501 1737 684 1797 quam
729 1720 887 1777 serio
932 1719 1330 1779 tractaverint
1370 1715 1743 1805 philosophi.
1823 1710 2068 1770 Etenim

291 1837 388 1876 res
431 1827 578 1876 nota
622 1828 742 1890 est,
789 1818 1200 1895 etymologiae
1242 1816 1514 1876 studium
1571 1834 1608 1874 a
1649 1809 2070 1890 Pythagoricis

414 2000 483 2057 [t]
530 2001 801 2055 Hesychius:
858 1998 1058 2058 Φύρκος,
1103 2005 1259 2057 τεῖχος.
1337 2002 1566 2057 Φοῦρκος,
1621 1994 1850 2055 ὀχύρωμα.
1901 1991 2068 2048 Ὅρκοι,

300 2057 476 2117 δεσμοί.
533 2055 696 2117 ’Υρχή,
740 2057 809 2116 ἐφ’
843 2052 895 2113 ἧς
926 2057 979 2101 τὰ
1021 2063 1186 2116 φορτία
1230 2062 1448 2117 φέρουσιν
1490 2059 1534 2101 οἱ
1573 2059 1746 2100 ναῦται.
1788 2052 1901 2110 quod
1943 2050 2069 2093 aliter

299 2117 449 2159 scribit
478 2117 784 2172 Theognostus
813 2117 856 2158 in
890 2117 1045 2159 Anecd.
1075 2118 1215 2160 Bekk.
1244 2117 1339 2160 Iud.
1383 2132 1424 2173 p.
1467 2113 1592 2158 1428.
1639 2111 1775 2174 ῧργαι
1807 2113 2069 2167 ἰπιθέματα

300 2173 412 2233 πρὸς
441 2174 701 2232 κουφισμὸν
738 2177 828 2217 τῶν
858 2179 1080 2233 φορτίων,
1124 2175 1170 2218 id
1206 2182 1292 2227 est,
1338 2177 1552 2217 furcae.
1623 2173 1803 2215 Festus:
1846 2170 2070 2210 Aerum-

300 2232 470 2274 nulas
520 2232 822 2285 furcillae,
875 2234 1079 2289 quibus
1171 2234 1401 2277 iatores
1452 2231 1718 2274 sarcinas
1769 2223 2068 2284 gerebant.

300 2291 423 2333 Haec
452 2304 549 2332 num
579 2291 691 2332 inter
720 2305 767 2332 se
797 2295 842 2332 et
871 2305 964 2334 culn
996 2248 1188 2350 nornek,
1219 2289 1413 2351 πόρκης,
1453 2287 1708 2349 κάρκαρον,
1750 2291 1912 2347 εἴργω,
1945 2279 2069 2344 φάρ-

300 2363 464 2407 γνυμι,
507 2355 692 2403 cognata
721 2349 829 2401 sint,
875 2350 930 2391 ab
961 2364 1011 2391 eo
1042 2351 1205 2392 demum
1235 2350 1348 2392 serio
1380 2349 1531 2405 quaeri
1559 2347 1743 2405 poterit,
1786 2344 1858 2401 qui
1888 2355 2071 2400 graecae

302 2407 473 2463 linguae
501 2409 670 2469 radices
698 2407 922 2462 indigenas
951 2414 995 2450 et
1023 2408 1275 2463 peregrinas
1306 2408 1612 2463 literarumque
1647 2404 1904 2461 multiplices
1931 2401 2070 2444 flexus

302 2464 628 2517 etsmutationes
658 2466 851 2517 noverit3
893 2479 1082 2521 quarumx
1099 2480 1239 2508 rerum
1272 2465 1389 2507 nulla
1429 2479 1514 2507 non
1551 2466 1689 2506 dicam
1729 2462 1956 2518 explorata
1995 2458 2070 2500 sed

303 2536 356 2564 ne
384 2526 550 2565 tentata
580 2522 747 2578 quidem
779 2531 846 2564 est
874 2537 952 2564 nec
980 2523 1140 2564 tentari
1171 2524 1300 2565 debet
1341 2523 1422 2564 nisi
1461 2536 1514 2564 ea
1556 2523 1652 2573 via,
1697 2533 1822 2576 quam
1866 2516 2070 2560 sermonis

305 2581 435 2637 patrii
466 2580 835 2644 Technographus
863 2586 1190 2636 praemonstrat.

423 2666 498 2723 [ὓ]
530 2667 630 2709 Huc
656 2681 740 2709 non
768 2668 951 2709 referam
982 2668 1206 2710 obscurum
1236 2666 1414 2710 Arcadii
1441 2666 1783 2709 adnotamentum
1812 2663 1867 2706 de
1897 2665 2072 2705 Accent.

307 2737 348 2796 p.
383 2725 477 2767 122.
507 2725 577 2767 26.
621 2728 770 2783 φῆρον
796 2728 956 2785 βρῶμα
986 2729 1132 2782 θεῶν,
1165 2727 1234 2768 cui
1265 2725 1466 2769 convenit
1491 2724 1683 2780 Hesych.
1748 2724 1900 2781 Φῆρος
1928 2718 1954 2774 ἡ
1984 2721 2072 2762 τῶν

310 2786 511 2841 αρχαίων
548 2787 672 2826 θεῶν
711 2781 883 2842 τροφή,
929 2784 1039 2826 unde
1077 2785 1167 2826 far
1205 2785 1442 2827 derivatum
1481 2783 1667 2826 videtur.
1720 2781 1850 2824 ‘Huic
1886 2781 2072 2822 fortasse

307 2842 456 2895 generi
507 2842 779 2897 subjecerunt
830 2842 1005 2885 herbam
1053 2842 1195 2896 illam,
1249 2844 1370 2898 cujus
1419 2847 1548 2898 gustu
1588 2841 1781 2883 Glaucus
1822 2835 2071 2881 immortalis

308 2900 449 2940 factus
477 2905 554 2941 est.
598 2915 642 2943 v.
672 2899 853 2957 Interpr.
891 2900 1019 2944 Boes.
1066 2901 1121 2943 ad
1160 2901 1258 2944 Ibin
1302 2901 1399 2943 558.
1442 2898 1673 2944 ἀθάνατον
1713 2893 1906 2953 βοτάνην
1944 2900 2074 2938 vocat

310 2955 453 2999 Schol.
489 2957 685 3013 Apollon.
727 2959 762 3001 Ι.
806 2957 931 3002 1310.
989 2957 1172 3009 ἀείζωον
1211 2959 1355 3002 Schol.
1397 2958 1505 3014 Lyc.
1546 2957 1647 3000 750.
1688 2956 1795 3000 Eur.
1840 2955 1932 2997 Alc·
1972 2951 2070 2995 352·

308 3014 461 3057 Athen.
491 3014 585 3059 XV.
614 3015 713 3058 679.
742 3018 794 3059 A.
825 3017 1146 3074 Aeschylusque
1173 3019 1266 3074 ipse
1301 3017 1461 3060 Anecd.
1500 3015 1639 3058 Bekk.
1679 3029 1720 3071 p.
1751 3011 1851 3057 347.
1908 3011 2071 3054 Nican-

311 3072 387 3113 der
417 3077 558 3115 autem
584 3073 804 3117 in.insulis
833 3076 1053 3118 beatorum
1082 3077 1139 3118 ad
1166 3077 1404 3133 pascendos
1433 3074 1548 3116 Solis
1572 3087 1712 3130 'equos
1755 3087 1781 3115 a
1819 3077 1938 3114 terra
1971 3082 2072 3126 pro-¹

311 3130 410 3172 duci
437 3133 569 3174 refert
595 3133 750 3175 Athen.
780 3134 878 3177 VH.
908 3133 1007 3177 296.
1036 3133 1091 3176 Ε.
1122 3135 1177 3177 cf.
1211 3136 1332 3176 Voss.
1370 3134 1483 3190 Epp.
1513 3131 1653 3188 Myth.
1685 3131 1744 3174 Τ.
1775 3131 1808 3173 Ι.
1839 3128 1939 3171 277.
1968 3127 2070 3169 diis-

310 3188 538 3289 3⁰32&ss
575 3205 658 3290 ΞΞΡ
659 3186 1656 3308 zitfloezhfiizz³⁶“1‘2203133t‘i35‘3'4u155m'53
1661 3186 2071 3304 &225255555'550525

307 3311 463 3347 vocant
491 3305 685 3349 Dioscor.
715 3308 849 3354 Noth.
891 3325 932 3366 p.
962 3309 1060 3352 372.
1093 3321 1132 3352 a.
1163 3310 1239 3351 sed
1270 3308 1462 3365 agrostin
1490 3307 1670 3363 primum
1698 3304 1908 3347 hominum
1937 3303 2073 3359 pabu-

304 3365 389 3406 lum
417 3364 551 3406 fuisse
579 3366 783 3422 Aegyptii
811 3368 1082 3410 crediderunt
1110 3367 1235 3410 Diod.
1262 3368 1297 3409 I.
1327 3366 1397 3409 43.
1428 3366 1482 3407 de
1523 3379 1605 3419 quo
1650 3379 1689 3405 v.
1721 3363 1902 3405 Wessel·
1939 3360 1996 3403 ad
2029 3359 2070 3400 h·

308 3426 336 3466 l.
369 3420 571 3464 Schmidt.
598 3423 651 3468 de
674 3425 851 3469 Sacerd.
878 3441 918 3481 p.
944 3427 1039 3468 229.
1091 3425 1310 3468 Jablonski
1334 3424 1511 3467 Collect.
1539 3424 1663 3464 Voce.
1699 3423 1835 3478 Aegg.
1868 3434 1908 3476 p-
1935 3419 1974 3461 9·
2005 3416 2071 3459 De
