2150 3814
253 205 416 268 11:94
837 214 1477 260 LissER·T13R'rius,

247 353 434 412 etiam
485 352 767 411 'veterum
826 347 1084 408 Finniae
1142 357 1203 406 et
1271 347 1638 429 Lapponiae
1683 347 2024 410 incolarum

248 462 311 511 et
362 460 591 511 sortem
636 457 698 507 et
740 446 972 507 famam
1015 447 1239 519 fuisse,
1293 447 1543 508 is1sciat
1586 447 1664 506 de
1705 446 2025 526 hivi-ehu

248 551 481 611 nullam
539 558 669 608 tam
712 549 927 606 scitam
974 547 1383 623 conjecturam
1428 566 1563 608 esse
1607 563 1763 627 quae
1803 547 2025 606 intelli-

248 649 530 729 gentibus
573 664 688 727 pro
713 664 882 721 ‘vera
922 645 1205 725 probari,
1249 647 1482 707 nullam
1524 657 1654 706 tam
1695 645 2028 708 absurdam

251 766 406 827 quae
449 747 841 825 argumentim
865 744 1229 826 apodicticis
1266 745 1464 804 refelli
1507 747 1720 826 possit.

1013 976 1091 1056 ξ.
1180 974 1235 1035 5.
1289 975 1291 978 ⁴

321 1150 327 1157 ’
411 1151 671 1209 Restant
702 1219 705 1222 y
737 1148 1139 1207 Grammatici
1199 1156 1269 1205 ‘et
1327 1143 1824 1226 chronographi,
1881 1161 2028 1224 quo-

247 1267 388 1308 rum
440 1249 623 1309 aetas'
654 1249 778 1308 illis
821 1248 1112 1320 inferior,
1169 1246 1499 1306 auctoritas
1543 1265 1659 1325 par
1701 1255 1825 1318 est,
1856 1261 2030 1324 quo-

248 1348 417 1405 niam
474 1347 711 1406 aditum
769 1347 851 1406 ad
904 1344 1156 1406 eosdem
1205 1345 1555 1404 ¹habuerunt
1597 1345 1815 1407 fontes,
1903 1343 2031 1421 He—

249 1446 526 1522 sychius:
582 1444 814 1516 Μύλας
870 1447 954 1516 εἷς
1006 1453 1135 1508 τῶν
1199 1444 1506 1523 Τελχίνων
1561 1445 1752 1514 ὃςτοὶ
1795 1448 1861 1507 ἓν
1904 1452 2031 1506 Κα-

249 1545 445 1630 μείρῳ
501 1545 904 1610 Μυλαντίων
949 1545 1083 1626 ἱερὰ
1127 1542 1456 1626 ἱδρύσατο·
1504 1544 1604 1602 cui
1648 1543 2032 1623 appositissi-

247 1664 353 1706 ma
412 1655 506 1706 est
563 1647 862 1728 Stephani
896 1655 1084 1713 nota:
1127 1643 1469 1708 Μυλαντία
1513 1646 1676 1728 ἄκρα
1719 1648 1801 1713 ἐν,
1828 1643 2031 1725 Καμί-

248 1750 340 1829 ρῳ
405 1754 514 1824 τῆς
571 1746 822 1821 Ῥόδου·
891 1744 1253 1810 Μυλάντιοι
1319 1745 1462 1807 θεοὶ
1523 1741 1836 1825 ἐπιμύλιο,
1881 1743 2030 1812 Ι,οῗπὸ

247 1844 590 1916 Μύλαντος
657 1844 1013 1929 ἀμφότερα,
1078 1854 1192 1908 τοῦ
1260 1845 1366 1907 καὶ
1398 1847 1400 1850 ’
1429 1843 1680 1928 πρώτου
1740 1842 2032 1927 εὑρόντος

246 1948 362 2027 τὴν
414 1955 528 2010 τοῦ
582 1944 790 2028 μύλου
833 1954 1090 2029 χρῆσιν,
1149 1944 1315 2026 quod
1375 1944 1484 2017 alii
1527 1943 1749 2021 Myleti
1791 1943 2032 2021 Lelegis

249 2048 375 2106 filio
445 2055 765 2126 acceptum
834 2046 1045 2105 ferunt
1082 2046 1289 2105 ¹Faus..
1357 2044 1463 2103 111.
1537 2045 1640 2102 20.
1697 2042 1883 2102 Plura
1932 2041 2032 2102 ·de

246 2148 344 2206 his
399 2143 524 2204 dici
578 2164 704 2204 non
759 2156 1034 2226 possunt.
1080 2147 1083 2150 ’
1131 2144 1304 2204 Idem
1356 2142 1828 2221 Ethnographus
1882 2142 2032 2203 Ata-

246 2247 472 2324 byrum
517 2245 721 2305 Rhodi
775 2265 814 2305 a
837 2318 843 2321 -
870 2246 1159 2304 Telchine
1200 2243 1504 2321 Atabyrio
1549 2241 2033 2315 denominatum,

250 2347 579 2424 Sicyonem
636 2365 787 2407 vero
845 2347 995 2406 olim
1050 2364 1278 2405 nomen
1322 2343 1701 2404 Telchiniam
1743 2341 2032 2403 habuisse

247 2446 438 2506 refert
479 2482 563 2491 —
607 2447 714 2508 διὰ
757 2447 827 2508 τὸ
872 2447 1018 2516 τοὺς
1062 2447 1406 2527 ᾀδομένους
1449 2449 1740 2523 Τελχῖνας
1779 2443 1886 2505 καὶ
1911 2444 2029 2506 αὗ-

248 2544 398 2609 τόθι
453 2551 696 2626 οἰκῆσαι
747 2546 1106 2605 Eustathius
1162 2544 1335 2603 addit
1388 2563 1449 2623 p.
1504 2542 1670 2621 291..
1704 2541 1805 2602 29.
1864 2541 2030 2622 quod

250 2718 331 2770 κῆς
357 2717 436 2759 καὶ
465 2717 701 2776 φθονεροῦ
738 2718 951 2773 Τελχῖνος
978 2715 1057 2758 καὶ
1085 2711 1342 2770 ἐπιβούλου.
1403 2713 1521 2756 Idem
1549 2712 1670 2754 XIV.
1700 2709 1741 2754 5.
1771 2709 1871 2753 370.
1913 2713 2030 2759 τίνες

250 2770 515 2833 ἀλάστορες,
548 2776 773 2833 φθονεροὶ
803 2777 879 2817 καὶ
918 2773 1166 2832 ἀμείλικτοι
1206 2773 1442 2831 δαίμονες,
1485 2766 1692 2831 ἀνάρσιοι
1729 2770 1806 2811 καὶ
1846 2765 2027 2828 μανιώ-

251 2830 344 2883 δεις
378 2834 600 2890 Τελχῖνες,
633 2847 717 2890 quo
747 2834 938 2890 epitheto
1005 2828 1208 2881 ανιώδεις
1236 2833 1415 2874 Nonnus
1446 2843 1616 2887 quoque
1643 2827 1795 2870 utitur.
1839 2828 2026 2884 Niceph.

253 2892 390 2948 Greg.
419 2891 538 2935 Hist.
567 2892 686 2935 VIII.
719 2891 788 2937 12.
818 2891 918 2934 222.
949 2849 1002 2933 ἔ
1058 2888 1161 2939 τοὺς
1198 2893 1273 2942 τῆς
1300 2892 1547 2945 βασκανίας
1582 2887 1798 2942 Τελχῖνας
1834 2882 2027 2929 ἀπωσά-

251 2965 402 3007 μενος.
444 2954 489 2992 et
524 2949 578 2992 L.
619 2950 714 2994 XX.
744 2948 786 2994 4.
826 2950 928 2999 615.
955 2949 1021 2993 VC.
1068 2945 1291 3005 Ἐριννύες
1332 2947 1660 3004 κακοδαίμονες
1697 2946 1775 2987 καὶ
1813 2947 2028 3002 πονηρῶν

260 3010 489 3065 Τελχίνων
517 3011 680 3058 θίασος
708 3009 763 3054 cf.
794 3010 869 3051 IV.
899 3008 941 3052 3.
972 3007 1044 3050 52.
1074 3007 1171 3050 VII.
1207 3007 1275 3050 12.
1306 3007 1407 3049 222.
1466 3003 1675 3047 Libanius
1704 3001 1829 3045 Decl.
1862 3002 1918 3045 T.
1948 3003 2025 3045 IV.

255 3065 355 3109 611.
399 3067 576 3110 ἐκεῖνον
617 3066 697 3111 τὸν
735 3064 893 3126 γάμον
932 3067 1140 3123 Τελχῖνες
1177 3066 1380 3120 ἔζευξαν,
1421 3057 1643 3122 Ἐριννύες
1681 3057 1902 3113 ἐπήξαντο
1944 3059 2027 3116 τὴν

255 3121 481 3168 παστάδα.
513 3125 720 3168 Similiter
749 3126 989 3183 Gregorius
1018 3125 1129 3169 Naz.
1164 3124 1241 3166 Or.
1271 3124 1354 3166 III.
1386 3123 1455 3166 96.
1488 3121 1545 3167 D.
1587 3119 1778 3177 Simglic.
1818 3120 1865 3162 in
1894 3121 2024 3162 Auso.

253 3182 378 3225 VIII.
407 3182 508 3226 251.
541 3197 581 3227 a.
622 3184 877 3241 Pachymer.
905 3184 1021 3227 Hist.
1049 3184 1127 3225 IV.
1160 3183 1258 3225 170.
1317 3182 1470 3224 Tzetz.
1507 3179 1661 3234 Exeg:
1690 3177 1844 3235 pT‘ifi.
1904 3178 2025 3221 The-

256 3241 412 3294 misffi,
442 3241 637 3298 Synesii,
680 3243 952 3301 Alciphronis
979 3242 1097 3284 locos
1127 3241 1395 3286 contulerunt
1423 3237 1499 3282 alii
1527 3253 1570 3280 v.
1600 3236 1775 3282 Jacobs.
1806 3236 1863 3300 ᾳιΙ
1892 3236 2022 3297 Δῃὼ.

256 3299 314 3341 Τ.
343 3299 424 3346 ΙΧ.
467 3314 511 3356 p.
545 3299 642 3345 177.
689 3302 801 3344 unde
839 3306 960 3359 patet
999 3299 1066 3344 his
1106 3301 1259 3343 seculis
1298 3296 1685 3354 frequentissimum
1724 3295 1856 3338 fuisse
1895 3294 2022 3352 hujus

256 3358 432 3401 nominis
463 3371 607 3412 usum,
650 3365 778 3405 antea
805 3361 976 3404 nullum.
