2150 3814
214 183 340 246 954
753 199 986 243 1213ssss
1031 197 1460 242 SECUNDUS.

212 331 347 390 loco
393 332 496 408 qui
541 329 926 387 continentur
969 344 1216 399 verSUS‚
1277 347 1311 384 e
1355 327 1682 407 Porphyrii
1727 332 1992 388 carmine

211 430 479 509 excerpti
522 438 691 502 sunt,
736 426 902 506 quod
943 427 1215 505 primum
1262 426 1560 487 Steuchus
1602 428 1709 487 ΙΙΙ.
1760 426 1856 486 14.
1891 427 1992 488 65.

210 538 432 610 postea
501 527 704 603 Majus
770 520 893 580 una
962 542 1100 583 cum
1166 524 1450 604 Epistola
1503 526 1583 587 ad
1639 526 1995 586 Marcellam

209 629 406 690 edidit
448 648 508 708 p.
554 620 747 703 63.[¹’]
794 623 1022 701 partim
1065 624 1316 699 melius,
1359 629 1588 706 partim
1631 614 1895 708 sequius.

376 727 511 788 XV.
601 721 1085 802 olympiodorus
1154 723 1221 782 in
1285 724 1482 785 Alcib.
1538 747 1598 806 p.
1661 728 1756 788 19.
1818 726 1992 789 Ἀλλὰ

209 828 335 908 μὴν
391 826 497 888 καὶ
550 825 740 906 ὑλῷοι
798 823 1080 907 λέγονται
1135 825 1195 885 οἱ
1251 821 1436 903 τήνδε
1490 825 1605 904 τὴν
1658 827 1814 905 ὕλην
1858 824 1992 898 ἐξά-
2080 878 2082 880 ι

210 950 464 997 πτοντες
517 933 625 1005 τῆς
679 931 810 987 τῶν
864 923 1180 1006 οὐρανίων
1222 924 1329 986 καὶ
1370 923 1477 992 διὰ
1522 922 1749 989 τούτου
1794 951 1994 1010 φρου-

209 1036 462 1110 ροῦντες
516 1025 713 1105 αὐτὴν
769 1023 874 1086 καὶ
927 1024 1013 1106 μὴ
1070 1033 1539 1109 συγχωροῦντες
1581 1026 1843 1106 ῥευστὴν
1887 1023 1994 1090 οὗ-

206 1149 326 1192 σαν
367 1124 572 1207 πάντῃ
616 1123 1027 1209 φθείρεσθαι·
1073 1124 1227 1207 ’φησὶ
1267 1125 1392 1210 γὰρ
1436 1124 1542 1188 καὶ
1576 1125 1842 1211 Ὀρφεὺς

336 1239 496 1307 “Yam
531 1238 772 1309 οὐρανίης
807 1239 891 1289 καὶ
928 1236 1166 1305 ἀστερίης
1202 1238 1289 1289 καὶ
1327 1234 1578 1304 ἀβύσσου.

206 1342 290 1411 ὥς
331 1349 439 1420 τῆς
480 1340 628 1419 ὕλης
674 1347 919 1421 τριττῆς
963 1340 1168 1418 οὔσης.
1226 1337 1458 1399 Verum
1501 1334 1601 1401 hic
1642 1340 1810 1401 idem
1859 1359 1993 1403 ver-

205 1459 309 1500 sus
373 1440 596 1518 legitur
658 1440 726 1497 in
785 1438 1032 1497 oraculo
1089 1457 1186 1518 ap.
1243 1439 1491 1516 Lydum
1547 1460 1609 1520 p.
1667 1441 1768 1501 32.
1827 1439 1992 1521 quod

206 1559 344 1600 cum
400 1540 538 1599 aliis
591 1539 668 1598 ab
726 1538 1058 1619 Obsopoeo
1105 1540 1350 1598 omissis
1393 1541 1631 1618 primus
1675 1542 1993 1618 evulgavit

202 1641 502 1702 Boivinus
556 1640 622 1698 in
677 1638 819 1700 Not.
864 1637 945 1698 ad
988 1637 1241 1719 Niceph.
1287 1639 1466 1717 Greg.
1509 1640 1672 1701 Hist.
1716 1639 1882 1701 XIV.
1927 1659 1990 1721 p.

207 1740 315 1801 57.
352 1750 414 1799 et
454 1759 514 1820 p.
558 1739 703 1799 786.

345 1862 568 1936 Νύμφαι
603 1869 816 1933 πηγαῖαι
851 1864 936 1914 καὶ
973 1860 1179 1934 ἕνῦδρια
1215 1864 1480 1932 πνεύματα
1517 1863 1686 1918 πάντα

343 1952 428 2004 καὶ
455 1947 667 2018 χθόνιοι
700 1945 881 2001 κόλποι
915 1949 1000 2001 καὶ
1034 1949 1192 2020 ὦέριοι
1227 1952 1311 2002 καὶ
1346 1948 1581 2020 ὕπαυγοι,

344 2044 584 2105 μηναῖοι,
621 2034 791 2103 πάσης
829 2033 1126 2106 ἐπιβήτορες
1160 2035 1252 2103 ἧδ’
1294 2036 1530 2105 ἐπιβῆται

341 2121 467 2190 ὕλης
502 2120 742 2192 οὐρανίης
774 2121 859 2171 καὶ
896 2118 1134 2189 ἀστερίης
1168 2123 1252 2172 καὶ
1290 2118 1539 2187 ἀβύσσου.

204 2238 444 2300 Nomen
497 2241 759 2317 μηναῖος
813 2234 1061 2314 saepius
1116 2235 1184 2293 in
1238 2235 1406 2294 hisce
1449 2235 1710 2295 oraculis
1752 2226 1992 2313 legitur,

204 2337 491 2421 μηναίων
533 2321 940 2415 καναχισμῶν
981 2332 1230 2399 κόλπων
1262 2337 1314 2398 τ’
1348 2337 1572 2419 ἠερίων
1605 2336 1797 2396 Procl.
1833 2335 1988 2396 Tim.

205 2438 306 2499 IV.
363 2435 506 2497 257.
575 2440 837 2516 μηναῖος
903 2433 1137 2517 δρόμος
1201 2436 1283 2494 ib.
1348 2442 1618 2516 μηναῖον
1695 2436 1990 2520 δρόμημα

204 2537 349 2600 275.
404 2556 517 2596 nec
559 2552 700 2594 raro
745 2532 974 2615 κόσμος
1016 2531 1341 2616 ἐμπύριος,
1405 2539 1712 2620 αἰθέριος,
1757 2539 1986 2608 ὗλαΐος.

206 2659 265 2702 v.
309 2628 705 2698 ProcLTim.
747 2635 822 2694 11.
873 2633 1010 2693 138.
1057 2633 1333 2714 simplic.
1379 2638 1445 2696 in
1484 2637 1668 2700 Auso.
1702 2636 1806 2697 IV.
1849 2638 1986 2699 143.

206 2760 259 2801 a.
305 2757 489 2820 quem
532 2752 857 2796 numerum
892 2732 1266 2794 mundorum
1300 2755 1498 2817 neque
1535 2738 1832 2799 Proculus
1865 2742 1988 2819 pri-

205 2859 344 2900 mus
387 2839 635 2900 invexit
667 2844 874 2916 neque
919 2834 1154 2894 Statius
1198 2838 1593 2919 anticipavit,
1655 2847 1727 2898 ut
1769 2838 1987 2898 Tiede-

206 2957 434 3000 manno
477 2940 702 3012 visum,
745 2939 861 2998 hoc
885 2936 1316 2998 Gnosticorum
1349 2948 1762 3021 commentum
1789 2938 1982 2998 adeo

208 3050 500 3100 mature
543 3038 634 3099 ad
668 3038 1079 3118 gentilium
1114 3040 1581 3118 pervenisse
1615 3041 1984 3100 notitiam

329 3237 390 3295 [b]
439 3239 501 3281 Et
530 3239 584 3281 de
615 3239 694 3280 hoc
724 3238 912 3281 carmine
942 3241 987 3280 et
1016 3236 1069 3278 de
1099 3240 1190 3279 toto
1222 3237 1457 3295 Porphyrii
1487 3250 1617 3293 opere
1657 3237 1802 3293 Majus
1843 3238 1982 3280 incre-

211 3299 402 3342 dibiliter
431 3302 572 3350 errat,
615 3297 721 3339 illud
760 3297 815 3339 de
857 3295 1003 3339 uxoris
1044 3295 1305 3339 christianae
1345 3295 1588 3339 constantia
1628 3297 1856 3353 scriptum,
1901 3297 1980 3339 hoc

213 3357 674 3415 copiosissimum
715 3355 1028 3413 Porphyrii
1074 3368 1296 3398 carmen
1341 3355 1474 3398 fuisse
1519 3354 1777 3399 existimans.
