2184 3840
253 233 379 293 816
783 245 1010 290 LIBER
1054 245 1479 290 SECUNDUS.

501 378 749 447 παρθένοι
782 377 1007 447 ὠκείῃσιν
1044 371 1376 444 ἀγαλλόμεναι
1413 376 1705 448 πτερύγεσσι

502 470 648 532 τρεῖς·
684 462 814 514 κατὰ
848 462 903 513 δὲ
933 459 1118 531 κρατὸς
1149 461 1525 530 πεπαλαγμέναι
1561 460 1751 532 ἄλφιτα
1783 455 1934 510 λευκά
1948 456 2008 524 {¹¹}

500 547 631 598 οἰκία
664 542 976 598 ναιετάουσιν
1007 541 1104 596 ὑπὸ
1143 545 1289 611 πτυχὶ
1323 549 1639 616 Παρνησοῖο.

250 648 321 706 In
376 646 506 706 cod.
561 647 756 724 Mosq.
811 646 1056 727 Σεμναί
1107 646 1352 722 legitur,
1407 646 1573 725 quod
1615 645 2011 705 Ruhnkenius

250 747 547 824 suscepit,
602 747 667 803 in
721 743 878 803 Edd.
934 751 1208 826 Μοῖραι,
1275 747 1372 803 cui
1412 745 1710 804 Matthiae
1751 745 2015 824 patroci-

250 853 461 915 natur,
521 843 757 926 puellas
813 844 961 903 istas
1004 845 1091 902 sic
1134 844 1476 924 appellatas
1517 853 1741 923 putans
1786 842 1866 916 ob
1907 861 2016 904 va-

248 939 542 1002 ticinandi
595 942 973 1016 facultatem,
1032 962 1213 1022 quam
1255 962 1368 1003 nos
1412 962 1607 1022 neque
1649 942 2015 1020 denegamus

247 1043 480 1116 Parcis,
523 1060 719 1122 neque
760 1044 850 1102 ita
891 1044 1207 1123 propriam
1251 1043 1440 1103 fuisse
1483 1041 1904 1114 concedimuS‚
1945 1048 2017 1100 ut

249 1141 556 1221 quaelibet
608 1151 784 1205 vates
837 1150 1080 1227 Μοῖραι
1123 1143 1244 1202 dici
1286 1144 1628 1223 potuerint,
1671 1142 2016 1220 frustraque

248 1250 425 1314 esset,
468 1243 523 1301 si
566 1243 700 1322 quis
745 1241 826 1301 ad
869 1262 1004 1303 eam
1046 1263 1177 1303 rem
1221 1252 1489 1302 uteretur
1512 1241 1808 1318 Hesychii
1837 1241 2016 1300 Glos-

247 1343 364 1414 sis‚
417 1358 541 1401 una
593 1342 874 1425 Μορίὸες
913 1342 1194 1426 μάντεις·
1250 1341 1415 1422 quod
1458 1342 1746 1422 explicari
1787 1343 2015 1420 nequit,

245 1442 439 1501 altera
496 1440 1019 1527 Παντομάντειρα
1085 1450 1274 1526 μοῖρα
1287 1489 1309 1516 ,
1375 1441 1483 1500 ubi
1542 1439 2014 1523 πανὸαμάτειρα

244 1541 632 1601 scribendum
687 1551 822 1615 aut,
877 1551 946 1600 ut
1001 1543 1137 1602 aliis
1192 1543 1422 1621 placet,
1466 1540 2012 1624 παντοκρᾶντειρα.

243 1639 369 1700 Nec
410 1642 615 1700 minus
661 1659 886 1721 operae
929 1644 1044 1701 erit
1087 1641 1453 1722 explanare,
1493 1641 1658 1699 unde
1699 1651 1880 1700 vetus
1923 1641 2016 1699 le-

246 1743 365 1800 ctio
422 1740 669 1821 Σεμνοιί
723 1750 857 1800 orta
900 1743 1013 1814 sit,
1074 1760 1258 1821 quam
1303 1739 1712 1800 consideranti
1754 1741 1907 1800 mihi
1948 1741 2016 1800 in

245 1842 598 1922 opinionem
651 1841 850 1914 venit,
908 1840 1025 1900 hoc
1079 1842 1683 1920 interpretamentum
1729 1859 1862 1900 esse
1902 1858 2015 1901 vo-

244 1940 443 2001 cabuli
470 1938 646 2022 Ἷραι,
692 1938 1067 2021 adscriptum
1111 1940 1456 2020 abaliquo,
1502 1942 1607 2019 qui
1650 1939 1731 2000 ad
1766 1939 2013 2018 adjecti-

243 2060 393 2103 vum
436 2040 566 2123 ἱραί
607 2041 973 2118 cogitatione
1018 2041 1382 2115 aberrasset3
1424 2043 1588 2122 Ἷρας
1630 2050 1834 2100 autem
1878 2041 2014 2101 sive

242 2146 432 2225 Εἴρας
473 2140 777 2220 nymphas
820 2140 1100 2200 fatidicas
1144 2141 1484 2220 appellatas
1528 2159 1680 2214 esse,
1724 2139 2013 2226 quasidi-

245 2259 344 2301 cas
387 2238 536 2318 Ajas
579 2239 867 2300 Locutias
912 2250 1020 2300 aut
1043 2240 1270 2313 Fadas‚
1313 2242 1367 2299 si
1407 2240 1596 2300 modo
1618 2241 1734 2300 hae
1765 2258 1803 2300 a
1825 2238 2011 2300 fando

244 2350 305 2401 et
345 2338 644 2399 fatuando
687 2358 912 2399 nomen
955 2349 1272 2400 mutuatae
1315 2349 1456 2399 sunt
1470 2341 1562 2422 [⁰].
1605 2340 1833 2402 Vocem
1858 2345 2011 2422 Εἴρη

245 2449 307 2499 et
331 2424 462 2522 Ἴρα
488 2437 834 2515 Hesychius
858 2440 1292 2518 interpretatur
1315 2437 1534 2520 Φήμη,
1578 2438 1840 2519 κληὸών.
1885 2439 2011 2499 Eu-

244 2538 504 2600 stathius
527 2557 587 2617 p.
620 2537 798 2597 1160.
823 2535 922 2598 35.
960 2541 1019 2600 οἱ
1057 2538 1307 2601 παλαιοί
1325 2561 1519 2622 φασιν
1549 2541 1643 2603 ὅτι
1665 2540 1736 2603 τὸ
1767 2540 1901 2622 εἶρα
1927 2576 2010 2585 ——

240 2639 354 2719 τὴν
393 2636 692 2720 μαντείαν
736 2637 1046 2718 σημαίνει,
1101 2637 1264 2697 unde
1305 2639 1612 2719 perfacilis
1653 2639 1773 2699 fuit
1812 2641 2011 2699 nomi-

242 2741 338 2799 nis
381 2737 463 2798 ad
503 2735 755 2820 νύμφας
794 2735 1095 2819 μαντικοίς
1136 2740 1472 2799 translatio.
1540 2730 1820 2813 CeteriS‚'
1852 2759 2008 2820 quae

241 2840 456 2916 hymni
504 2846 713 2897 cantor
767 2835 844 2896 de
899 2836 994 2897 his
1050 2838 1184 2899 sive
1236 2839 1351 2900 Iris
1405 2840 1538 2900 sive
1594 2839 1796 2899 Thriis
1839 2838 2006 2912 dicit,

360 2976 421 3035 [d]
452 2977 695 3033 Hesychius
731 2975 1052 3038 Ἀλφιτόχρως,
1083 2976 1237 3034 λευκή,
1269 2977 1419 3023 πολιᾶ.

362 3038 425 3093 [θ]
456 3051 497 3079 v.
539 3036 714 3092 Menag.
755 3037 922 3093 Origin.
963 3037 1017 3079 de
1058 3036 1102 3080 la
1130 3038 1246 3093 lang.
1276 3039 1412 3080 franc.
1442 3051 1475 3080 s.
1506 3052 1547 3081 v.
1578 3037 1693 3081 Fee
1723 3043 1768 3082 et
1795 3036 2006 3092 DuCang.

242 3096 286 3138 in
317 3096 461 3140 Gloss.
491 3109 525 3137 s.
555 3094 714 3136 Fadus.
755 3095 826 3137 Ex
855 3096 1114 3139 Nereidibus
1154 3102 1270 3139 certe
1309 3101 1430 3139 ortae
1460 3101 1559 3138 sunt
1588 3098 1853 3139 Graecorum
1883 3096 2005 3137 novi-

242 3154 400 3204 tiorum
425 3152 705 3211 Ναγαρίδες,
747 3167 856 3208 quae
895 3154 1022 3197 etiam
1062 3155 1195 3197 καλαὶ
1235 3150 1522 3215 ἀρχόντισσαι
1551 3160 1785 3207 vocantur,
1815 3167 2005 3210 quasque

243 3211 334 3254 Leo
373 3212 556 3255 Allatius
595 3211 650 3253 de
679 3212 886 3257 Graecor.
918 3213 1045 3270 Opin.
1075 3228 1118 3269 p.
1152 3211 1248 3255 159.
1279 3226 1342 3268 sq.
1382 3213 1589 3256 simillime
1617 3219 1667 3256 ut
1695 3213 1808 3255 Feas
1837 3213 1880 3254 in
1909 3211 2004 3254 val-

244 3270 355 3313 libus
396 3276 441 3312 et
479 3269 535 3312 ad
572 3269 690 3312 rivos
730 3274 963 3327 puteosque
1002 3270 1200 3328 tripudiis
1229 3276 1273 3313 et
1302 3271 1466 3314 choreis
1496 3286 1591 3314 sese
1620 3271 1851 3323 oblectare,
1877 3270 2004 3325 juve-

245 3342 341 3371 num
369 3330 645 3372 formosorum
675 3342 819 3371 amore
847 3330 958 3386 capi,
990 3335 1200 3374 amatores
1228 3329 1338 3373 dites
1367 3334 1413 3372 et
1441 3331 1684 3374 fortunatos
1713 3329 1907 3381 reddere,
1937 3329 2004 3370 of-

244 3388 484 3431 fensoribus
512 3386 706 3443 graviter
734 3387 863 3437 irasci
894 3388 1056 3432 scribit.
