2184 3840
1051 52 1075 99 f

797 195 1252 239 ORPHICA.
1792 180 1915 242 83¹1

130 334 389 412 phyrius
443 330 519 389 A.
574 326 648 387 N.
707 326 947 386 v1.‹7.‡
1018 325 1101 383 Et
1144 322 1403 383 verbum
1448 340 1762 382 movere
1796 344 1919 402 pro

131 435 392 513 aperire,
442 445 760 510 capessere
804 425 944 485 dici:
971 423 1226 484 Servius
1271 422 1451 481 docet
1494 421 1577 482 ad
1617 421 1771 483 Aen.
1815 422 1920 482 IV.

130 532 271 592 301.
339 529 644 591 Moveri
699 544 917 586 sacra
958 522 1473 595 dicebantur,
1528 542 1758 603 quum
1812 542 1922 582 so-

129 630 513 690 lemnibus
581 626 894 687 diebus‘
931 625 1402 705 aperiuntur
1447 619 1542 704 [α]
1614 625 1922 683 instau—

126 730 358 791 randi
426 728 823 790 sacrificii
882 743 1142 801 causa,
1213 736 1426 803 estque
1480 724 1788 784 solemnis.
1821 725 1923 783 lo-

128 833 343 911 quutio
387 849 606 890 sacra
650 836 993 907 movere,
1047 827 1265 903 orgia
1307 844 1651 903 movere,
1688 825 1922 901 ‚crebro

130 950 248 992 usu
306 933 467 991 trita.
532 949 593 990 v.
640 924 948 987 Gebhard.
995 923 1302 1007 Crepund.
1346 925 1421 983 11.
1468 924 1527 984 5.
1570 925 1716 985 418.
1774 926 1925 985 Bur-

129 1051 335 1092 mann.
392 1030 474 1092 ad
535 1028 586 1087 V
586 1029 731 1088 aler.
787 1028 894 1112 ΠΙ.
939 1026 1085 1086 230.
1129 1035 1192 1084 et
1235 1023 1318 1084 ad
1357 1023 1612 1084 Anthol.
1659 1024 1729 1085 Τ.
1773 1026 1821 1084 I.
1863 1046 1925 1104 p.

130 1133 275 1194 601.
320 1133 436 1191 cui*
461 1129 849 1188 simillimum
895 1135 991 1185 est
1032 1126 1112 1188 τὰ
1156 1127 1639 1211 μέγαραιικινεῒν
1659 1126 1756 1206 [Ἣ.

297 1232 473 1291 Hinc*
514 1229 922 1310 proficiscitur
974 1226 1096 1286 loci
1152 1232 1353 1307 supra
1399 1228 1721 1307 propositi?
1767 1226 1927 1286 lenis

132 1343 195 1392 et
263 1331 595 1411 perspicua
658 1327 1053 1388 emendatiot·
1111 1328 1208 1390 δι’
1239 1328 1348 1408 ’ἣν
1410 1327 1619 1392 αἰτίαν
1677 1331 1760 1391 ἐν’
1798 1335 1929 1397 τοῖς

138 1431 593 1515 Θεσμοφορίοις
634 1429 930 1516 μεγάροις
974 1430 1215 1506 ζῶντας
1250 1428 1507 1512 χοίρους
1549 1426 1930 1511 ἐμβάλλουσι

130 1552 247 1615 pro
304 1533 739 1618 μεγαρίζοντες
791 1531 1045 1613 χοίρους
1088 1528 1493 1608 ἐκβάλλουσι,
1539 1528 1708 1610 quod
1746 1529 1930 1588 intel-

131 1635 295 1694 lectu
338 1642 504 1693 caret
518 1626 605 1714 [Ἴ.
664 1631 872 1708 Hujus
916 1631 1184 1690 instituti
1228 1631 1334 1708 qui
1381 1648 1630 1690 causam
1671 1629 1932 1689 reddere

133 1735 498 1806 voluerunt,
556 1732 890 1792 commenti
947 1739 1094 1789 sunt
1143 1730 1322 1788 illum
1382 1730 1551 1812 ἱερὸν
1608 1727 1831 1814 λόγον,
1893 1748 1933 1788 a

135 1832 451 1895 Clemente
491 1833 789 1905 relatum,
845 1831 1017 1908 cujus
1074 1829 1228 1892 haec
1282 1840 1376 1889 est
1431 1831 1768 1901 sententia,
1823 1830 1932 1911 με’-

132 1961 299 2021 γαρα
351 1935 501 1994 ista>
530 1937 667 1992 esse
719 1931 1052 1992 simulacra
1096 1931 1425 1991 chasmatis
1468 1931 1637 1991 Ditis
1691 1933 1932 2011 impetu

140 2163 143 2166 y
257 2114 328 2173 [d]
358 2113 525 2170 Injuria
553 2113 821 2156 Burmannus
862 2112 972 2154 hanc
996 2127 1151 2158 vocem,
1174 2118 1422 2171 suspectat:
1462 2113 1571 2156 Hic
1599 2113 1807 2156 iterum
1837 2126 1934 2166 mo-

138 2173 554 2217 nachrnanum
594 2171 1037 2228 deprehendere
1076 2171 1242 2224 licet3
1295 2179 1415 2214 nam
1458 2171 1788 2228 apertionis
1827 2185 1934 2227 my-

142 2234 383 2276 sterium
426 2235 562 2273 erat
614 2230 959 2282 cerimonia,
1008 2242 1116 2286 qua
1167 2231 1438 2276 sacerdos
1482 2229 1823 2274 accedentis
1867 2231 1935 2273 ad

138 2290 483 2349 baptismum
510 2301 692 2330 nares
734 2292 792 2330 et
832 2302 997 2331 aures
1036 2289 1255 2344 tangit,
1299 2289 1500 2332 dicens
1530 2289 1772 2350 Ephetaa.
1832 2289 1933 2332 Hoc

140 2351 250 2393 satis
278 2347 442 2394 refellit
469 2347 648 2391 Festus:
679 2347 863 2390 Penus
893 2347 1056 2389 locus
1085 2348 1324 2390 intimus
1354 2349 1410 2391 i'n
1440 2348 1581 2390 aede
1611 2348 1825 2391 Vestae
1853 2353 1935 2394 te-

140 2408 383 2465 getibus
411 2410 642 2463 septim,
674 2405 770 2461 qui
802 2405 988 2447 certis
1019 2406 1224 2448 diebus
1256 2407 1419 2449 circa
1449 2405 1719 2449 vestalia
1749 2406 1935 2464 aperi-

138 2471 229 2508 tur
258 2468 305 2508 et
330 2462 601 2521 Porphyrius
629 2463 800 2506 Abstin.
825 2462 902 2505 IV.
924 2462 1025 2506 374.
1055 2466 1133 2507 καὶ
1161 2464 1339 2509 νῦνέτι
1369 2465 1421 2508 ἐν
1449 2467 1503 2521 τῆ
1533 2464 1701 2515 ἀνοίξει
1729 2465 1810 2509 τοῦ
1830 2466 1934 2513 ’Σα-

137 2520 344 2627 ἰιῐὶἑῖιδρᾶ
359 2520 643 2625 ἱῚξϋξραπεία
672 2520 749 2566 διὰ
778 2519 923 2581 πυρὸς
951 2525 1029 2566 καὶ
1058 2520 1236 2573 ὕδατος.
1276 2539 1320 2570 v.
1352 2513 1646 2569 Elmehhorst.
1676 2523 1733 2568 ad
1763 2524 1935 2583 Apulej.

258 2670 321 2728 [e]
355 2668 488 2721 Quod
526 2668 633 2712 viri·
654 2667 772 2711 docti
812 2655 1061 2712 exisitimant
1099 2683 1295 2713 camaras
1335 2671 1665 2723 subterraneas,
1702 2669 1934 2727 inquibus

142 2743 270 2774 sacra
313 2728 662 2781 celebrarentur,
703 2726 913 2779 machinis
941 2728 1198 2785 quibusdam
1240 2734 1549 2787 conquassatas
1578 2744 1698 2783 esse,
1738 2729 1935 2787 equidem

141 2786 293 2832 dubito
333 2801 434 2831 num
471 2785 669 2830 mulieres
706 2783 877 2829 'tantam
918 2801 1008 2830 rem
1048 2787 1241 2834 efficere¹
1262 2789 1494 2847 potuerint.
1570 2787 1743 2832 Moveri
1774 2787 1935 2832 dicitur

143 2847 358 2907 templum,
376 2859 507 2905 quum
534 2842 642 2890 deus
671 2844 729 2891 ad
757 2845 1076 2893 vaticinandum
1105 2847 1242 2892 intrat

395 2909 496 2961 οἷον
525 2913 549 2961 ὃ
581 2918 644 2960 τῶ
668 2913 948 2967 Ἀπόλλωνος
975 2917 1179 2963 ἐσείσατο
1211 2914 1435 2976 ὃάφνινος
1462 2914 1608 2978 ὅρπηξ

401 2969 477 3020 οἷα
507 2972 549 3019 δ’
581 2972 690 3020 ὅλον
716 2973 767 3019 τὸ
797 2977 1056 3035 μέλαθρονέ

146 3045 221 3088 sed
253 3058 376 3090 nemo
406 3045 454 3090 id
483 3045 668 3096 humana
697 3050 794 3091 arte
824 3045 940 3091 effici
968 3046 1162 3103 potuisse
1192 3044 1352 3088 credet.

260 3129 327 3234 [1¹7⁸]
360 3132 432 3176 Du
463 3133 596 3177 Theil
624 3134 671 3177 in
697 3133 813 3178 Dies.
845 3134 899 3179 de
930 3133 1288 3191 Thesmophoriis
1328 3132 1459 3176 Mem.
1501 3132 1638 3176 Acad.
1677 3132 1819 3178 Paris.
1860 3132 1933 3175 In-

149 3204 234 3233 scr-
308 3223 318 3234 .
347 3190 553 3236 XXXIX.
582 3190 684 3236 230.
727 3192 866 3236 locum
906 3193 972 3236 sic
1000 3193 1168 3235 reddit:
1214 3192 1297 3234 On
1327 3192 1601 3235 chassait
1630 3190 1700 3234 du
1729 3191 1935 3249 temple

149 3261 433 3351 &algol-c*
461 3265 524 3295 en
563 3251 794 3297 imitant
831 3252 885 3296 le
931 3252 1136 3310 pateis
1176 3250 1497 3307 Megarien!
1556 3250 1694 3298 Miror
1733 3251 1808 3308 qui
1849 3251 1933 3293 hoc

293 3322 397 3352 uero
433 3309 488 3353 de
529 3311 793 3370 Thesmoph.
823 3325 866 3371 p.
896 3309 967 3354 44.
997 3315 1043 3354 et
1072 3310 1283 3354 Muellero
1313 3309 1367 3354 de
1397 3310 1600 3354 Orchom.
1629 3324 1672 3369 p.
1705 3309 1801 3353 159.
1832 3323 1930 3368 pro-

149 3365 246 3409 bari
275 3366 476 3423 potuerit.
