<?xml version="1.0" encoding="UTF-8"?>
<!DOCTYPE html PUBLIC "-//W3C//DTD XHTML 1.0 Transitional//EN"
    "http://www.w3.org/TR/xhtml1/DTD/xhtml1-transitional.dtd">
<html xmlns="http://www.w3.org/1999/xhtml" xml:lang="en" lang="en">
 <head>
  <title>
</title>
<meta http-equiv="Content-Type" content="text/html;charset=utf-8" />
  <meta name='ocr-system' content='tesseract 3.04.00' />
  <meta name='ocr-capabilities' content='ocr_page ocr_carea ocr_par ocr_line ocrx_word'/>
</head>
<body>
  <div class='ocr_page' id='page_1' title='image "./aglaophamussived02lobeuoft_0244.png"; bbox 0 0 2150 3814; ppageno 0'>
   <div class='ocr_carea' id='block_1_1' title="bbox 242 219 1459 282">
    <p class='ocr_par' dir='ltr' id='par_1_1' title="bbox 242 219 1459 282">
     <span class='ocr_line' id='line_1_1' title="bbox 242 219 1459 282; baseline -0.005 -2"><span class='ocrx_word' id='word_1_1' title='bbox 242 219 404 280; x_wconf 88' lang='grc'><strong>1020</strong></span> <span class='ocrx_word' id='word_1_2' title='bbox 760 231 993 282; x_wconf 66' lang='lat' dir='ltr'>mnan</span> <span class='ocrx_word' id='word_1_3' title='bbox 1036 231 1459 278; x_wconf 75' lang='lat' dir='ltr'>SECUNDUS.</span> 
     </span>
    </p>
   </div>
   <div class='ocr_carea' id='block_1_2' title="bbox 148 357 2004 3122">
    <p class='ocr_par' dir='ltr' id='par_1_2' title="bbox 148 357 2004 3122">
     <span class='ocr_line' id='line_1_2' title="bbox 234 357 1994 444; baseline 0 -21"><span class='ocrx_word' id='word_1_4' title='bbox 234 364 533 444; x_wconf 81' lang='lat' dir='ltr'><strong>piscinam</strong></span> <span class='ocrx_word' id='word_1_5' title='bbox 576 357 1020 420; x_wconf 80' lang='lat' dir='ltr'>descendebant</span> <span class='ocrx_word' id='word_1_6' title='bbox 1040 357 1176 438; x_wconf 66' lang='grc'><strong>[19].</strong></span> <span class='ocrx_word' id='word_1_7' title='bbox 1234 360 1464 420; x_wconf 90' lang='lat' dir='ltr'>Romae</span> <span class='ocrx_word' id='word_1_8' title='bbox 1493 359 1771 439; x_wconf 43' lang='lat' dir='ltr'>quidem,</span> <span class='ocrx_word' id='word_1_9' title='bbox 1783 386 1793 419; x_wconf 75' lang='lat'>1.</span> <span class='ocrx_word' id='word_1_10' title='bbox 1803 378 1994 438; x_wconf 83' lang='lat' dir='ltr'>quum</span> 
     </span>
     <span class='ocr_line' id='line_1_3' title="bbox 148 449 1995 537; baseline -0.001 -14"><span class='ocrx_word' id='word_1_11' title='bbox 148 449 151 451; x_wconf 33' lang='grc'><strong><em>’</em></strong></span> <span class='ocrx_word' id='word_1_12' title='bbox 237 463 388 523; x_wconf 88' lang='lat' dir='ltr'>deae</span> <span class='ocrx_word' id='word_1_13' title='bbox 430 460 849 522; x_wconf 86' lang='lat' dir='ltr'>Pessinuntiae</span> <span class='ocrx_word' id='word_1_14' title='bbox 891 477 1062 517; x_wconf 89' lang='lat' dir='ltr'>sacra</span> <span class='ocrx_word' id='word_1_15' title='bbox 1104 457 1346 537; x_wconf 89' lang='lat' dir='ltr'>publice</span> <span class='ocrx_word' id='word_1_16' title='bbox 1387 461 1848 530; x_wconf 82' lang='lat' dir='ltr'>asciscerentun,</span> <span class='ocrx_word' id='word_1_17' title='bbox 1880 469 1995 521; x_wconf 62' lang='lat' dir='ltr'>,sos-</span> 
     </span>
     <span class='ocr_line' id='line_1_4' title="bbox 234 554 1995 638; baseline 0 -18"><span class='ocrx_word' id='word_1_18' title='bbox 234 561 456 620; x_wconf 83' lang='lat' dir='ltr'>dalicia</span> <span class='ocrx_word' id='word_1_19' title='bbox 519 554 800 618; x_wconf 84' lang='lat' dir='ltr'>instituta</span> <span class='ocrx_word' id='word_1_20' title='bbox 855 568 1024 629; x_wconf 89' lang='lat' dir='ltr'>sunt,</span> <span class='ocrx_word' id='word_1_21' title='bbox 1083 556 1299 636; x_wconf 90' lang='lat' dir='ltr'>quibus</span> <span class='ocrx_word' id='word_1_22' title='bbox 1362 559 1656 638; x_wconf 85' lang='lat' dir='ltr'>adscripti</span> <span class='ocrx_word' id='word_1_23' title='bbox 1714 576 1995 638; x_wconf 63' lang='lat' dir='ltr'>proceres</span> 
     </span>
     <span class='ocr_line' id='line_1_5' title="bbox 235 655 1998 737; baseline -0.003 -18"><span class='ocrx_word' id='word_1_24' title='bbox 235 661 500 720; x_wconf 87' lang='lat' dir='ltr'>civitatis</span> <span class='ocrx_word' id='word_1_25' title='bbox 560 666 774 716; x_wconf 88' lang='lat' dir='ltr'>mutua</span> <span class='ocrx_word' id='word_1_26' title='bbox 843 657 1002 715; x_wconf 88' lang='lat' dir='ltr'>inter</span> <span class='ocrx_word' id='word_1_27' title='bbox 1065 674 1131 715; x_wconf 87' lang='lat' dir='ltr'>se</span> <span class='ocrx_word' id='word_1_28' title='bbox 1191 660 1476 718; x_wconf 90' lang='lat' dir='ltr'>convivia</span> <span class='ocrx_word' id='word_1_29' title='bbox 1541 661 1838 735; x_wconf 83' lang='lat' dir='ltr'>agitarent</span> <span class='ocrx_word' id='word_1_30' title='bbox 1889 655 1998 737; x_wconf 73' lang='lat'><strong>[2⁰]·.</strong></span> 
     </span>
     <span class='ocr_line' id='line_1_6' title="bbox 235 753 1997 835; baseline 0.002 -19"><span class='ocrx_word' id='word_1_31' title='bbox 235 757 398 830; x_wconf 79' lang='lat' dir='ltr'>Quid</span> <span class='ocrx_word' id='word_1_32' title='bbox 441 756 663 833; x_wconf 63' lang='lat' dir='ltr'>igiturs.l</span> <span class='ocrx_word' id='word_1_33' title='bbox 718 757 772 814; x_wconf 92' lang='lat' dir='ltr'>si</span> <span class='ocrx_word' id='word_1_34' title='bbox 815 753 1072 814; x_wconf 87' lang='lat' dir='ltr'>Athenis</span> <span class='ocrx_word' id='word_1_35' title='bbox 1116 773 1353 835; x_wconf 88' lang='lat' dir='ltr'>quoque</span> <span class='ocrx_word' id='word_1_36' title='bbox 1396 758 1694 818; x_wconf 87' lang='lat' dir='ltr'>cultorum</span> <span class='ocrx_word' id='word_1_37' title='bbox 1739 755 1997 833; x_wconf 69' lang='lat' dir='ltr'>Cybeles</span> 
     </span>
     <span class='ocr_line' id='line_1_7' title="bbox 231 839 1998 935; baseline -0.001 -20"><span class='ocrx_word' id='word_1_38' title='bbox 231 839 483 933; x_wconf 89' lang='lat' dir='ltr'>collegia</span> <span class='ocrx_word' id='word_1_39' title='bbox 526 864 589 913; x_wconf 91' lang='lat' dir='ltr'>et</span> <span class='ocrx_word' id='word_1_40' title='bbox 631 854 904 913; x_wconf 89' lang='lat' dir='ltr'>dominia</span> <span class='ocrx_word' id='word_1_41' title='bbox 945 854 1133 927; x_wconf 87' lang='lat' dir='ltr'>fuere,</span> <span class='ocrx_word' id='word_1_42' title='bbox 1175 855 1597 935; x_wconf 87' lang='lat' dir='ltr'>thiasotaeque</span> <span class='ocrx_word' id='word_1_43' title='bbox 1653 856 1754 917; x_wconf 83' lang='lat' dir='ltr'>die</span> <span class='ocrx_word' id='word_1_44' title='bbox 1775 856 1998 932; x_wconf 71' lang='lat' dir='ltr'>Mega-</span> 
     </span>
     <span class='ocr_line' id='line_1_8' title="bbox 228 953 1997 1032; baseline -0.001 -17"><span class='ocrx_word' id='word_1_45' title='bbox 228 957 491 1015; x_wconf 86' lang='lat' dir='ltr'>lensium</span> <span class='ocrx_word' id='word_1_46' title='bbox 539 955 879 1031; x_wconf 84' lang='lat' dir='ltr'>congregati</span> <span class='ocrx_word' id='word_1_47' title='bbox 916 963 1061 1013; x_wconf 90' lang='lat' dir='ltr'>sunt</span> <span class='ocrx_word' id='word_1_48' title='bbox 1103 962 1173 1012; x_wconf 90' lang='lat' dir='ltr'>ut</span> <span class='ocrx_word' id='word_1_49' title='bbox 1214 963 1463 1032; x_wconf 84' lang='lat' dir='ltr'>peracta</span> <span class='ocrx_word' id='word_1_50' title='bbox 1499 953 1819 1016; x_wconf 70' lang='lat' dir='ltr'>ref-divina</span> <span class='ocrx_word' id='word_1_51' title='bbox 1849 955 1997 1014; x_wconf 84' lang='lat' dir='ltr'>vino</span> 
     </span>
     <span class='ocr_line' id='line_1_9' title="bbox 231 1053 2001 1134; baseline -0.001 -19"><span class='ocrx_word' id='word_1_52' title='bbox 231 1066 310 1120; x_wconf 69' lang='lat' dir='ltr'>et,</span> <span class='ocrx_word' id='word_1_53' title='bbox 336 1055 533 1134; x_wconf 88' lang='lat' dir='ltr'>epulis</span> <span class='ocrx_word' id='word_1_54' title='bbox 586 1053 970 1131; x_wconf 86' lang='lat' dir='ltr'>indulgerent</span> <span class='ocrx_word' id='word_1_55' title='bbox 1025 1054 1349 1133; x_wconf 89' lang='lat' dir='ltr'>animoque</span> <span class='ocrx_word' id='word_1_56' title='bbox 1404 1071 1516 1112; x_wconf 93' lang='lat' dir='ltr'>suo</span> <span class='ocrx_word' id='word_1_57' title='bbox 1571 1054 1859 1132; x_wconf 78' lang='lat' dir='ltr'>facerent</span> <span class='ocrx_word' id='word_1_58' title='bbox 1891 1070 2001 1114; x_wconf 75' lang='lat' dir='ltr'>vo.-</span> 
     </span>
     <span class='ocr_line' id='line_1_10' title="bbox 228 1150 2002 1234; baseline -0.002 -21"><span class='ocrx_word' id='word_1_59' title='bbox 228 1154 416 1234; x_wconf 61' lang='lat' dir='ltr'>lupe?</span> <span class='ocrx_word' id='word_1_60' title='bbox 513 1151 714 1225; x_wconf 66' lang='lat' dir='ltr'>Quidit</span> <span class='ocrx_word' id='word_1_61' title='bbox 775 1155 830 1212; x_wconf 89' lang='lat' dir='ltr'>si</span> <span class='ocrx_word' id='word_1_62' title='bbox 883 1152 1232 1220; x_wconf 83' lang='lat' dir='ltr'>Alcibiades</span> <span class='ocrx_word' id='word_1_63' title='bbox 1289 1150 1574 1229; x_wconf 89' lang='lat' dir='ltr'>Cotyttus</span> <span class='ocrx_word' id='word_1_64' title='bbox 1634 1171 1805 1213; x_wconf 90' lang='lat' dir='ltr'>sacra</span> <span class='ocrx_word' id='word_1_65' title='bbox 1849 1150 2002 1211; x_wconf 91' lang='lat' dir='ltr'>obiit</span> 
     </span>
     <span class='ocr_line' id='line_1_11' title="bbox 227 1250 1999 1332; baseline -0.002 -18"><span class='ocrx_word' id='word_1_66' title='bbox 227 1273 354 1316; x_wconf 83' lang='lat' dir='ltr'>non</span> <span class='ocrx_word' id='word_1_67' title='bbox 397 1252 478 1312; x_wconf 91' lang='lat' dir='ltr'>ad</span> <span class='ocrx_word' id='word_1_68' title='bbox 519 1251 938 1332; x_wconf 90' lang='lat' dir='ltr'>impudentiae</span> <span class='ocrx_word' id='word_1_69' title='bbox 981 1250 1315 1310; x_wconf 86' lang='lat' dir='ltr'>ludibrium</span> <span class='ocrx_word' id='word_1_70' title='bbox 1357 1251 1468 1312; x_wconf 91' lang='lat' dir='ltr'>sed</span> <span class='ocrx_word' id='word_1_71' title='bbox 1523 1252 1604 1312; x_wconf 88' lang='lat' dir='ltr'>ad</span> <span class='ocrx_word' id='word_1_72' title='bbox 1661 1253 1999 1314; x_wconf 85' lang='lat' dir='ltr'>simulatio—</span> 
     </span>
     <span class='ocr_line' id='line_1_12' title="bbox 228 1351 1876 1428; baseline -0.005 -16"><span class='ocrx_word' id='word_1_73' title='bbox 228 1372 369 1412; x_wconf 88' lang='lat' dir='ltr'>nem</span> <span class='ocrx_word' id='word_1_74' title='bbox 412 1351 762 1428; x_wconf 61' lang='lat' dir='ltr'>religionis?</span> <span class='ocrx_word' id='word_1_75' title='bbox 1873 1406 1876 1410; x_wconf 63' lang='grc'><strong><em>,</em></strong></span> 
     </span>
     <span class='ocr_line' id='line_1_13' title="bbox 397 1448 2002 1530; baseline 0 -21"><span class='ocrx_word' id='word_1_76' title='bbox 397 1448 616 1509; x_wconf 88' lang='lat' dir='ltr'>Adhuc</span> <span class='ocrx_word' id='word_1_77' title='bbox 682 1450 836 1510; x_wconf 89' lang='lat' dir='ltr'>nihil</span> <span class='ocrx_word' id='word_1_78' title='bbox 905 1449 1174 1510; x_wconf 87' lang='lat' dir='ltr'>diximus</span> <span class='ocrx_word' id='word_1_79' title='bbox 1239 1453 1360 1510; x_wconf 90' lang='lat' dir='ltr'>nisi</span> <span class='ocrx_word' id='word_1_80' title='bbox 1428 1450 1602 1530; x_wconf 32' lang='lat' dir='ltr'>quod*</span> <span class='ocrx_word' id='word_1_81' title='bbox 1647 1452 2002 1530; x_wconf 76' lang='lat' dir='ltr'>planiss&#39;nne</span> 
     </span>
     <span class='ocr_line' id='line_1_14' title="bbox 227 1546 2000 1631; baseline -0.001 -21"><span class='ocrx_word' id='word_1_82' title='bbox 227 1550 479 1631; x_wconf 90' lang='lat' dir='ltr'>probari</span> <span class='ocrx_word' id='word_1_83' title='bbox 522 1557 758 1629; x_wconf 90' lang='lat' dir='ltr'>potest,</span> <span class='ocrx_word' id='word_1_84' title='bbox 814 1546 1090 1625; x_wconf 86' lang='lat' dir='ltr'>Cotyttia</span> <span class='ocrx_word' id='word_1_85' title='bbox 1133 1551 1412 1628; x_wconf 85' lang='lat' dir='ltr'>Phrygiis</span> <span class='ocrx_word' id='word_1_86' title='bbox 1457 1553 1644 1610; x_wconf 89' lang='lat' dir='ltr'>sacris</span> <span class='ocrx_word' id='word_1_87' title='bbox 1701 1569 1776 1609; x_wconf 89' lang='lat' dir='ltr'>ea</span> <span class='ocrx_word' id='word_1_88' title='bbox 1817 1551 2000 1611; x_wconf 87' lang='lat' dir='ltr'>simi-</span> 
     </span>
     <span class='ocr_line' id='line_1_15' title="bbox 228 1648 2003 1732; baseline -0.002 -21"><span class='ocrx_word' id='word_1_89' title='bbox 228 1649 487 1712; x_wconf 88' lang='lat' dir='ltr'>litudine</span> <span class='ocrx_word' id='word_1_90' title='bbox 547 1650 762 1727; x_wconf 87' lang='lat' dir='ltr'>juncta</span> <span class='ocrx_word' id='word_1_91' title='bbox 827 1648 1052 1721; x_wconf 87' lang='lat' dir='ltr'>fuisse,</span> <span class='ocrx_word' id='word_1_92' title='bbox 1116 1658 1186 1707; x_wconf 91' lang='lat' dir='ltr'>ut</span> <span class='ocrx_word' id='word_1_93' title='bbox 1254 1651 1504 1709; x_wconf 88' lang='lat' dir='ltr'>omnino</span> <span class='ocrx_word' id='word_1_94' title='bbox 1575 1649 2003 1732; x_wconf 77' lang='lat' dir='ltr'>discerni-ne-</span> 
     </span>
     <span class='ocr_line' id='line_1_16' title="bbox 229 1747 2002 1828; baseline -0.001 -19"><span class='ocrx_word' id='word_1_95' title='bbox 229 1759 484 1828; x_wconf 86' lang='lat' dir='ltr'>queant3</span> <span class='ocrx_word' id='word_1_96' title='bbox 553 1767 744 1827; x_wconf 91' lang='lat' dir='ltr'>eaque</span> <span class='ocrx_word' id='word_1_97' title='bbox 787 1747 1261 1807; x_wconf 84' lang='lat' dir='ltr'>Atheniensibus</span> <span class='ocrx_word' id='word_1_98' title='bbox 1310 1749 2002 1812; x_wconf 70' lang='lat' dir='ltr'>tribuimusStrabonis</span> 
     </span>
     <span class='ocr_line' id='line_1_17' title="bbox 227 1847 2002 1927; baseline 0 -19"><span class='ocrx_word' id='word_1_99' title='bbox 227 1850 590 1909; x_wconf 89' lang='lat' dir='ltr'>auctoritate</span> <span class='ocrx_word' id='word_1_100' title='bbox 632 1848 794 1919; x_wconf 88' lang='lat' dir='ltr'>freti,</span> <span class='ocrx_word' id='word_1_101' title='bbox 832 1857 895 1906; x_wconf 90' lang='lat' dir='ltr'>et</span> <span class='ocrx_word' id='word_1_102' title='bbox 931 1847 1257 1927; x_wconf 88' lang='lat' dir='ltr'>Eupolidis</span> <span class='ocrx_word' id='word_1_103' title='bbox 1302 1851 1492 1908; x_wconf 90' lang='lat' dir='ltr'>aetati</span> <span class='ocrx_word' id='word_1_104' title='bbox 1535 1851 2002 1927; x_wconf 80' lang='lat' dir='ltr'>assignavimus,</span> 
     </span>
     <span class='ocr_line' id='line_1_18' title="bbox 228 1947 2001 2028; baseline -0.001 -20"><span class='ocrx_word' id='word_1_105' title='bbox 228 1950 372 2028; x_wconf 84' lang='lat' dir='ltr'>quia</span> <span class='ocrx_word' id='word_1_106' title='bbox 413 1967 536 2007; x_wconf 89' lang='lat' dir='ltr'>non</span> <span class='ocrx_word' id='word_1_107' title='bbox 592 1956 827 2006; x_wconf 88' lang='lat' dir='ltr'>constat</span> <span class='ocrx_word' id='word_1_108' title='bbox 882 1958 1026 2026; x_wconf 88' lang='lat' dir='ltr'>post</span> <span class='ocrx_word' id='word_1_109' title='bbox 1079 1967 1217 2008; x_wconf 93' lang='lat' dir='ltr'>eum</span> <span class='ocrx_word' id='word_1_110' title='bbox 1272 1947 1619 2008; x_wconf 90' lang='lat' dir='ltr'>introducta</span> <span class='ocrx_word' id='word_1_111' title='bbox 1675 1968 1839 2022; x_wconf 84' lang='lat' dir='ltr'>esse,</span> <span class='ocrx_word' id='word_1_112' title='bbox 1897 1948 2001 2007; x_wconf 88' lang='lat' dir='ltr'>de-</span> 
     </span>
     <span class='ocr_line' id='line_1_19' title="bbox 228 2047 2003 2128; baseline -0.002 -19"><span class='ocrx_word' id='word_1_113' title='bbox 228 2051 413 2128; x_wconf 89' lang='lat' dir='ltr'>nique</span> <span class='ocrx_word' id='word_1_114' title='bbox 457 2048 718 2107; x_wconf 86' lang='lat' dir='ltr'>cultores</span> <span class='ocrx_word' id='word_1_115' title='bbox 763 2065 974 2106; x_wconf 89' lang='lat' dir='ltr'>eorum</span> <span class='ocrx_word' id='word_1_116' title='bbox 1010 2047 1240 2126; x_wconf 88' lang='lat' dir='ltr'>Baptas</span> <span class='ocrx_word' id='word_1_117' title='bbox 1285 2050 1666 2120; x_wconf 84' lang='lat' dir='ltr'>vocavimus,</span> <span class='ocrx_word' id='word_1_118' title='bbox 1711 2049 2003 2128; x_wconf 81' lang='lat' dir='ltr'>quiahoc</span> 
     </span>
     <span class='ocr_line' id='line_1_20' title="bbox 228 2145 2001 2225; baseline -0.001 -19"><span class='ocrx_word' id='word_1_119' title='bbox 228 2148 428 2206; x_wconf 89' lang='lat' dir='ltr'>solum</span> <span class='ocrx_word' id='word_1_120' title='bbox 471 2164 698 2204; x_wconf 88' lang='lat' dir='ltr'>nomen</span> <span class='ocrx_word' id='word_1_121' title='bbox 742 2145 1056 2225; x_wconf 90' lang='lat' dir='ltr'>proditum</span> <span class='ocrx_word' id='word_1_122' title='bbox 1099 2164 1296 2224; x_wconf 88' lang='lat' dir='ltr'>neque</span> <span class='ocrx_word' id='word_1_123' title='bbox 1334 2148 1758 2205; x_wconf 90' lang='lat' dir='ltr'>commenticio</span> <span class='ocrx_word' id='word_1_124' title='bbox 1787 2147 2001 2206; x_wconf 82' lang='lat' dir='ltr'>simile</span> 
     </span>
     <span class='ocr_line' id='line_1_21' title="bbox 228 2245 2001 2327; baseline 0 -21"><span class='ocrx_word' id='word_1_125' title='bbox 228 2256 337 2309; x_wconf 91' lang='lat' dir='ltr'>est.</span> <span class='ocrx_word' id='word_1_126' title='bbox 426 2245 550 2305; x_wconf 86' lang='lat' dir='ltr'>Sed</span> <span class='ocrx_word' id='word_1_127' title='bbox 592 2247 734 2306; x_wconf 89' lang='lat' dir='ltr'>licet</span> <span class='ocrx_word' id='word_1_128' title='bbox 776 2245 1088 2324; x_wconf 88' lang='lat' dir='ltr'>aliquanto</span> <span class='ocrx_word' id='word_1_129' title='bbox 1131 2245 1371 2323; x_wconf 89' lang='lat' dir='ltr'>longius</span> <span class='ocrx_word' id='word_1_130' title='bbox 1415 2245 1730 2327; x_wconf 87' lang='lat' dir='ltr'>progredi;</span> <span class='ocrx_word' id='word_1_131' title='bbox 1783 2264 2001 2326; x_wconf 61' lang='lat' dir='ltr'>POSSU‘?</span> 
     </span>
     <span class='ocr_line' id='line_1_22' title="bbox 226 2342 2004 2426; baseline -0.002 -19"><span class='ocrx_word' id='word_1_132' title='bbox 226 2346 363 2407; x_wconf 85' lang='lat' dir='ltr'>mus</span> <span class='ocrx_word' id='word_1_133' title='bbox 406 2345 807 2426; x_wconf 87' lang='lat' dir='ltr'>probabiliter</span> <span class='ocrx_word' id='word_1_134' title='bbox 852 2344 1203 2418; x_wconf 87' lang='lat' dir='ltr'>ostendere,</span> <span class='ocrx_word' id='word_1_135' title='bbox 1263 2365 1383 2425; x_wconf 88' lang='lat' dir='ltr'>qua</span> <span class='ocrx_word' id='word_1_136' title='bbox 1436 2348 1674 2406; x_wconf 88' lang='lat' dir='ltr'>ratione</span> <span class='ocrx_word' id='word_1_137' title='bbox 1729 2342 2004 2423; x_wconf 89' lang='lat' dir='ltr'>Cotyttia</span> 
     </span>
     <span class='ocr_line' id='line_1_23' title="bbox 227 2445 2002 2524; baseline 0 -19"><span class='ocrx_word' id='word_1_138' title='bbox 227 2466 266 2505; x_wconf 92' lang='lat' dir='ltr'>a</span> <span class='ocrx_word' id='word_1_139' title='bbox 309 2446 562 2504; x_wconf 91' lang='lat' dir='ltr'>deorum</span> <span class='ocrx_word' id='word_1_140' title='bbox 607 2445 772 2504; x_wconf 92' lang='lat' dir='ltr'>cultu</span> <span class='ocrx_word' id='word_1_141' title='bbox 817 2454 879 2503; x_wconf 95' lang='lat' dir='ltr'>et</span> <span class='ocrx_word' id='word_1_142' title='bbox 919 2445 1212 2520; x_wconf 91' lang='lat' dir='ltr'>religione</span> <span class='ocrx_word' id='word_1_143' title='bbox 1267 2445 1349 2503; x_wconf 92' lang='lat' dir='ltr'>ad</span> <span class='ocrx_word' id='word_1_144' title='bbox 1391 2463 1696 2504; x_wconf 90' lang='lat' dir='ltr'>summam</span> <span class='ocrx_word' id='word_1_145' title='bbox 1740 2445 2002 2524; x_wconf 91' lang='lat' dir='ltr'>turpitu-</span> 
     </span>
     <span class='ocr_line' id='line_1_24' title="bbox 229 2542 2000 2624; baseline -0.001 -20"><span class='ocrx_word' id='word_1_146' title='bbox 229 2545 437 2604; x_wconf 88' lang='lat' dir='ltr'>dinem</span> <span class='ocrx_word' id='word_1_147' title='bbox 479 2544 1010 2621; x_wconf 87' lang='lat' dir='ltr'>degeneraverint,</span> <span class='ocrx_word' id='word_1_148' title='bbox 1067 2552 1128 2600; x_wconf 90' lang='lat' dir='ltr'>et</span> <span class='ocrx_word' id='word_1_149' title='bbox 1180 2543 1290 2601; x_wconf 89' lang='lat' dir='ltr'>illa</span> <span class='ocrx_word' id='word_1_150' title='bbox 1332 2546 1471 2622; x_wconf 87' lang='lat' dir='ltr'>ipsa</span> <span class='ocrx_word' id='word_1_151' title='bbox 1513 2542 1838 2624; x_wconf 86' lang='lat' dir='ltr'>Eupolidis</span> <span class='ocrx_word' id='word_1_152' title='bbox 1889 2545 2000 2604; x_wconf 88' lang='lat' dir='ltr'>cri-</span> 
     </span>
     <span class='ocr_line' id='line_1_25' title="bbox 226 2642 1999 2724; baseline -0.002 -19"><span class='ocrx_word' id='word_1_153' title='bbox 226 2646 487 2705; x_wconf 89' lang='lat' dir='ltr'>minatio</span> <span class='ocrx_word' id='word_1_154' title='bbox 542 2643 705 2703; x_wconf 89' lang='lat' dir='ltr'>unde</span> <span class='ocrx_word' id='word_1_155' title='bbox 758 2642 1036 2724; x_wconf 88' lang='lat' dir='ltr'>profecta</span> <span class='ocrx_word' id='word_1_156' title='bbox 1091 2650 1152 2699; x_wconf 90' lang='lat' dir='ltr'>et</span> <span class='ocrx_word' id='word_1_157' title='bbox 1208 2661 1392 2721; x_wconf 86' lang='lat' dir='ltr'>quam</span> <span class='ocrx_word' id='word_1_158' title='bbox 1450 2663 1577 2703; x_wconf 91' lang='lat' dir='ltr'>non</span> <span class='ocrx_word' id='word_1_159' title='bbox 1631 2653 1863 2702; x_wconf 90' lang='lat' dir='ltr'>temere</span> <span class='ocrx_word' id='word_1_160' title='bbox 1926 2644 1999 2702; x_wconf 84' lang='lat' dir='ltr'>il-</span> 
     </span>
     <span class='ocr_line' id='line_1_26' title="bbox 226 2740 1997 2823; baseline -0.003 -18"><span class='ocrx_word' id='word_1_161' title='bbox 226 2747 355 2805; x_wconf 88' lang='lat' dir='ltr'>lata</span> <span class='ocrx_word' id='word_1_162' title='bbox 396 2746 494 2804; x_wconf 86' lang='lat' dir='ltr'>sit.</span> <span class='ocrx_word' id='word_1_163' title='bbox 583 2744 682 2822; x_wconf 87' lang='lat' dir='ltr'>Si,</span> <span class='ocrx_word' id='word_1_164' title='bbox 727 2763 881 2823; x_wconf 88' lang='lat' dir='ltr'>quae</span> <span class='ocrx_word' id='word_1_165' title='bbox 923 2740 1269 2818; x_wconf 84' lang='lat' dir='ltr'>Hesychius</span> <span class='ocrx_word' id='word_1_166' title='bbox 1313 2762 1360 2802; x_wconf 87' lang='lat' dir='ltr'>s.</span> <span class='ocrx_word' id='word_1_167' title='bbox 1404 2742 1701 2807; x_wconf 81' lang='grc' dir='ltr'><strong><em>Κοτυττώ</em></strong></span> <span class='ocrx_word' id='word_1_168' title='bbox 1743 2742 1997 2803; x_wconf 88' lang='lat' dir='ltr'>adnota-</span> 
     </span>
     <span class='ocr_line' id='line_1_27' title="bbox 227 2841 1997 2923; baseline -0.002 -18"><span class='ocrx_word' id='word_1_169' title='bbox 227 2848 354 2918; x_wconf 87' lang='lat' dir='ltr'>vit,</span> <span class='ocrx_word' id='word_1_170' title='bbox 412 2844 493 2903; x_wconf 90' lang='lat' dir='ltr'>ad</span> <span class='ocrx_word' id='word_1_171' title='bbox 534 2842 858 2923; x_wconf 89' lang='lat' dir='ltr'>Eupolidis</span> <span class='ocrx_word' id='word_1_172' title='bbox 902 2842 1133 2922; x_wconf 89' lang='lat' dir='ltr'>Baptas</span> <span class='ocrx_word' id='word_1_173' title='bbox 1175 2845 1512 2920; x_wconf 86' lang='lat' dir='ltr'>pertinent,</span> <span class='ocrx_word' id='word_1_174' title='bbox 1555 2842 1744 2922; x_wconf 69' lang='lat' dir='ltr'>eaque</span> <span class='ocrx_word' id='word_1_175' title='bbox 1785 2841 1997 2902; x_wconf 72' lang='lat' dir='ltr'>fabula</span> 
     </span>
     <span class='ocr_line' id='line_1_28' title="bbox 228 2940 1996 3021; baseline -0.002 -17"><span class='ocrx_word' id='word_1_176' title='bbox 228 2964 352 3004; x_wconf 89' lang='lat' dir='ltr'>non</span> <span class='ocrx_word' id='word_1_177' title='bbox 394 2943 741 3005; x_wconf 89' lang='lat' dir='ltr'>Alcibiades</span> <span class='ocrx_word' id='word_1_178' title='bbox 798 2944 999 3003; x_wconf 88' lang='lat' dir='ltr'>solum</span> <span class='ocrx_word' id='word_1_179' title='bbox 1052 2940 1162 3000; x_wconf 85' lang='lat' dir='ltr'>sed</span> <span class='ocrx_word' id='word_1_180' title='bbox 1217 2944 1404 3002; x_wconf 90' lang='lat' dir='ltr'>etiam</span> <span class='ocrx_word' id='word_1_181' title='bbox 1463 2940 1763 3002; x_wconf 85' lang='lat' dir='ltr'>Corinthii</span> <span class='ocrx_word' id='word_1_182' title='bbox 1819 2943 1996 3021; x_wconf 89' lang='lat' dir='ltr'>petiti</span> 
     </span>
     <span class='ocr_line' id='line_1_29' title="bbox 232 3039 1996 3122; baseline -0.002 -19"><span class='ocrx_word' id='word_1_183' title='bbox 232 3053 402 3118; x_wconf 87' lang='lat' dir='ltr'>sunt,</span> <span class='ocrx_word' id='word_1_184' title='bbox 461 3062 708 3104; x_wconf 89' lang='lat' dir='ltr'>necesse</span> <span class='ocrx_word' id='word_1_185' title='bbox 763 3053 856 3104; x_wconf 88' lang='lat' dir='ltr'>est</span> <span class='ocrx_word' id='word_1_186' title='bbox 915 3060 1019 3101; x_wconf 89' lang='lat' dir='ltr'>eos</span> <span class='ocrx_word' id='word_1_187' title='bbox 1077 3051 1330 3122; x_wconf 88' lang='lat' dir='ltr'>propter</span> <span class='ocrx_word' id='word_1_188' title='bbox 1386 3044 1637 3107; x_wconf 77' lang='lat' dir='ltr'>effusam</span> <span class='ocrx_word' id='word_1_189' title='bbox 1693 3039 1996 3118; x_wconf 89' lang='lat' dir='ltr'>Cotyttio-</span> 
     </span>
    </p>
   </div>
   <div class='ocr_carea' id='block_1_3' title="bbox 234 3225 1994 3343">
    <p class='ocr_par' dir='ltr' id='par_1_3' title="bbox 234 3225 1994 3343">
     <span class='ocr_line' id='line_1_30' title="bbox 313 3225 1994 3329; baseline -0.002 -58"><span class='ocrx_word' id='word_1_190' title='bbox 313 3228 525 3329; x_wconf 46' lang='lat' dir='ltr'>12[1⁹]Tv.</span> <span class='ocrx_word' id='word_1_191' title='bbox 542 3230 681 3329; x_wconf 73' lang='lat' dir='ltr'>IVOSS.</span> <span class='ocrx_word' id='word_1_192' title='bbox 716 3229 771 3271; x_wconf 84' lang='lat' dir='ltr'>ad</span> <span class='ocrx_word' id='word_1_193' title='bbox 802 3228 954 3286; x_wconf 82' lang='lat' dir='ltr'>Sibyll.</span> <span class='ocrx_word' id='word_1_194' title='bbox 988 3229 1062 3270; x_wconf 89' lang='lat' dir='ltr'>IV.</span> <span class='ocrx_word' id='word_1_195' title='bbox 1095 3243 1136 3284; x_wconf 88' lang='lat' dir='ltr'>p.</span> <span class='ocrx_word' id='word_1_196' title='bbox 1169 3227 1267 3270; x_wconf 70' lang='lat'><strong>532.</strong></span> <span class='ocrx_word' id='word_1_197' title='bbox 1310 3227 1378 3268; x_wconf 90' lang='lat' dir='ltr'>Du</span> <span class='ocrx_word' id='word_1_198' title='bbox 1399 3226 1536 3281; x_wconf 84' lang='lat' dir='ltr'>Cang.</span> <span class='ocrx_word' id='word_1_199' title='bbox 1568 3226 1710 3269; x_wconf 85' lang='lat' dir='ltr'>Gloss.</span> <span class='ocrx_word' id='word_1_200' title='bbox 1745 3225 1861 3268; x_wconf 87' lang='lat' dir='ltr'>Med.</span> <span class='ocrx_word' id='word_1_201' title='bbox 1895 3225 1994 3268; x_wconf 77' lang='lat' dir='ltr'>Lat.</span> 
     </span>
     <span class='ocr_line' id='line_1_31' title="bbox 234 3302 576 3343; baseline 0.003 -14"><span class='ocrx_word' id='word_1_202' title='bbox 234 3302 274 3343; x_wconf 88' lang='lat' dir='ltr'>p.</span> <span class='ocrx_word' id='word_1_203' title='bbox 398 3320 407 3330; x_wconf 91' lang='lat'><strong><em>.</em></strong></span> <span class='ocrx_word' id='word_1_204' title='bbox 499 3319 510 3330; x_wconf 82' lang='lat'><strong>.</strong></span> <span class='ocrx_word' id='word_1_205' title='bbox 567 3320 576 3329; x_wconf 92' lang='lat'>.</span> 
     </span>
    </p>
   </div>
   <div class='ocr_carea' id='block_1_4' title="bbox 350 3355 1742 3415">
    <p class='ocr_par' dir='ltr' id='par_1_4' title="bbox 350 3355 1742 3415">
     <span class='ocr_line' id='line_1_32' title="bbox 350 3355 1742 3415; baseline -0.003 -13"><span class='ocrx_word' id='word_1_206' title='bbox 350 3361 441 3415; x_wconf 81' lang='lat'>[²0]</span> <span class='ocrx_word' id='word_1_207' title='bbox 487 3360 577 3402; x_wconf 85' lang='lat' dir='ltr'>Cic.</span> <span class='ocrx_word' id='word_1_208' title='bbox 613 3360 721 3403; x_wconf 78' lang='lat' dir='ltr'>Cato</span> <span class='ocrx_word' id='word_1_209' title='bbox 755 3376 789 3402; x_wconf 88' lang='lat' dir='ltr'>c.</span> <span class='ocrx_word' id='word_1_210' title='bbox 827 3358 892 3401; x_wconf 77' lang='lat'>13.</span> <span class='ocrx_word' id='word_1_211' title='bbox 938 3359 1051 3401; x_wconf 80' lang='lat' dir='ltr'>Gell.</span> <span class='ocrx_word' id='word_1_212' title='bbox 1085 3359 1142 3401; x_wconf 81' lang='lat' dir='ltr'>ll.</span> <span class='ocrx_word' id='word_1_213' title='bbox 1175 3357 1244 3401; x_wconf 80' lang='grc'>24.</span> <span class='ocrx_word' id='word_1_214' title='bbox 1289 3358 1416 3400; x_wconf 86' lang='lat' dir='ltr'>Ovid.</span> <span class='ocrx_word' id='word_1_215' title='bbox 1451 3358 1500 3398; x_wconf 77' lang='lat' dir='ltr'>F.</span> <span class='ocrx_word' id='word_1_216' title='bbox 1534 3357 1611 3399; x_wconf 88' lang='lat' dir='ltr'>IV.</span> <span class='ocrx_word' id='word_1_217' title='bbox 1643 3355 1742 3400; x_wconf 78' lang='lat'>353.</span> 
     </span>
    </p>
   </div>
  </div>
 </body>
</html>
