2150 3814
222 182 384 243 1204
772 198 1007 241 LIBER
1066 198 1427 243 TERTIUS.

215 334 465 387 auctore
507 342 695 405 usque
739 324 820 385 ad
859 326 1183 386 Tiberinae
1227 328 1503 387 coloniae
1547 327 1991 403 deductionem,

219 426 296 488 ab
354 425 638 499 Arctino‚
695 422 1077 500 Callistrato,
1145 425 1369 503 Satyro
1426 429 1766 509 aliisque
1817 429 1995 488 mul-

219 528 325 585 tis
370 524 586 584 eodem
632 523 820 583 modo
866 534 1145 584 enarrata
1188 544 1321 585 esse
1362 545 1580 606 parum
1624 529 1760 588 veri
1796 527 1997 587 simile

219 636 311 684 est
323 644 351 699 3,
383 643 578 703 neque
620 622 688 683 id
732 623 990 683 credidit
1031 623 1398 685 Niebuhrius
1417 623 1508 707 [b].
1592 628 1835 706 Itaque,
1877 627 1999 685 nisi

220 723 474 783 arbitria
516 722 594 782 de
637 742 877 804 quoque
921 742 1098 801 agere
1141 724 1422 799 velimuS‚
1464 726 1717 786 Arctino
1757 734 1998 785 tantum

217 820 406 881 modo
473 825 663 883 asseri
717 832 994 903 oportet,
1066 831 1359 902 quantum
1411 827 1711 903 praestari
1764 834 1998 904 potest;

217 921 336 981 hoc
391 930 599 982 autem
640 922 1058 982 Palladiorum
1113 926 1692 984 commemoratione
1736 922 2002 984 absolvi-

218 1029 319 1081 tur
387 1024 584 1103 priori
639 1021 1019 1103 Iliopersidis
1074 1023 1230 1084 libro
1284 1027 1544 1098 inserta,
1612 1041 1808 1103 neque
1859 1023 2002 1103 plus

220 1120 360 1179 hinc
402 1122 592 1181 refert
631 1121 940 1182 Johannes
969 1122 1261 1200 Magister
1287 1123 1662 1184 Canabutius
1698 1124 1766 1183 in
1795 1120 2001 1182 Com-

218 1223 614 1281 mentario
697 1221 1119 1301 epistolari
1185 1225 1260 1283 in
1316 1224 1684 1300 Dionysii
1748 1223 2000 1282 locum

222 1318 314 1377 de
357 1321 622 1378 insula
666 1320 1175 1380 Samothrace
1219 1333 1294 1381 et
1338 1323 1492 1382 diis
1528 1323 1856 1396 TroiciS‚
1901 1342 1996 1382 cu-

213 1418 318 1494 jus
375 1420 777 1478 summarium
835 1418 1083 1477 exhibet
1137 1421 1446 1481 Nesselius
1499 1424 1566 1480 in
1609 1419 1801 1481 Catal.
1844 1422 2000 1482 Bibl.

222 1515 403 1576 Vind.
463 1518 528 1577 P.
583 1518 654 1577 V.
710 1516 784 1578 N.
840 1515 1083 1577 CXVII.
1139 1539 1199 1598 p.
1250 1520 1388 1580 164.
1431 1539 1516 1599 sq.
1604 1519 1769 1580 Hinc
1807 1540 2002 1600 pauca

223 1617 430 1697 capita
492 1636 848 1699 excerpam,
907 1636 1064 1697 quae
1121 1619 1289 1679 haud
1345 1621 1660 1698 vulgarem
1703 1622 1825 1681 viri
1870 1641 2004 1682 eru-

225 1715 525 1778 ditionem
582 1717 912 1778 ostendant
969 1716 1034 1778 C.
1091 1718 1311 1779 XLIII.
1354 1721 1495 1803 περὶ
1522 1722 1848 1791 Ἄτλαντος
1888 1729 2003 1785 τοῦ

222 1818 541 1896 βασιλέως.
601 1815 667 1880 C.
713 1816 932 1877 XLVI.
987 1820 1344 1904 γενεαλογία
1387 1828 1501 1883 τοῦ
1545 1818 1905 1903 Δαρδάνου.
1952 1842 1999 1880 c.

224 1914 292 1974 L.
338 1917 433 1978 ὅτι
477 1917 510 1979 ὅ
556 1916 888 2001 Δάρδανος
932 1919 1198 1987 ἐξελθών
1245 1921 1365 1983 ἀπὸ
1407 1927 1515 1999 τῆς
1542 1920 1864 2002 Ἀρκαδίας
1888 1945 2002 1983 κα-

224 2013 522 2094 τήντησεν
593 2021 677 2086 εἷς
732 2016 846 2095 τὴν
901 2018 1341 2100 Σαμοθρᾴκην
1396 2040 1441 2079 c.
1486 2018 1640 2078 LIV.
1697 2020 1836 2103 περὶ
1888 2028 2001 2083 τοῦ

232 2112 520 2177 θανάτου
560 2113 761 2177 Ἰάσου
805 2116 926 2178 ὑπὸ
970 2127 1295 2199 κεραυνοῦ.
1342 2139 1389 2177 c.
1433 2117 1618 2177 LVII.
1663 2119 1828 2188 ὅπως
1866 2123 2005 2201 ἔμε--

226 2212 542 2293 ρίσθησαν
586 2212 916 2298 Δάρδανος
958 2218 1064 2279 καὶ
1106 2219 1138 2281 ὅ
1183 2219 1318 2288 υἱὸς
1362 2219 1557 2281 αὐτοῦ
1592 2218 1844 2293 Ἰδαῖος,
1898 2220 2005 2282 καὶ

225 2312 323 2374 ὅτι
367 2315 399 2376 ὃ
429 2315 648 2384 Ἰδαῖος
689 2314 1045 2399 κατῴκησεν
1088 2324 1173 2389 εἰς
1214 2318 1292 2381 τὰ
1338 2321 1450 2401 ὄρη
1493 2327 1600 2399 τῆς
1630 2318 1915 2403 Φρυγίας
1930 2319 2003 2400 [⁶]

229 2431 275 2469 c.
320 2412 506 2472 LXII.
563 2418 702 2499 περὶ
743 2425 851 2496 τῆς
875 2418 1123 2499 ’μητρὸς
1164 2426 1298 2482 τῶν
1338 2422 1513 2482 θεῶν
1569 2439 1616 2478 c.
1659 2417 1999 2482 LXXXIV.

227 2511 323 2573 ὅτι
379 2513 410 2575 ὃ
457 2511 789 2597 Δάρδανος
845 2518 1036 2577 ἔκτισε
1080 2517 1240 2580 ναὸν
1282 2523 1366 2587 εἰς
1407 2518 1520 2597 τὴν
1564 2516 2001 2601 Σαμοθρᾴκην

226 2612 332 2672 καὶ
389 2615 573 2692 ἔθηκε
623 2616 770 2686 τοὺς
822 2615 1011 2685 θεοὺς
1065 2616 1170 2677 καὶ
1210 2617 1288 2679 τὰ
1334 2615 1666 2680 Παλλάδια
1708 2654 1792 2663 —--
1833 2618 2000 2689 ὅπως

227 2714 482 2791 ἐξῆλθεν
539 2714 660 2775 ἀπὸ
716 2722 824 2794 τῆς
881 2712 1311 2798 Σαμοθρᾴκης
1364 2718 1469 2779 καὶ
1522 2717 1836 2780 κατέλιπεν
1879 2721 2002 2781 ἐκεῖ

222 2811 337 2875 τὸν
380 2810 666 2895 Σάμωνα
684 2809 759 2894 [⁶]
805 2828 963 2894 quae
1005 2815 1402 2877 manifestum
1445 2817 1677 2877 faciunt
1720 2814 1997 2879 Canabu-

345 2980 420 3038 [b]
464 2983 588 3030 Rdm.
616 2984 776 3027 Gesch.
808 2984 864 3027 T.
896 2984 929 3027 I.
962 2983 1057 3028 186.

346 3067 417 3123 [⁰]
460 3069 584 3112 Haec
614 3085 640 3113 a
670 3070 878 3127 Dionysio
907 3072 942 3114 I.
973 3071 1043 3113 61.
1083 3074 1273 3129 accepit3
1314 3073 1447 3116 Idaea
1485 3072 1677 3116 Dardani
1707 3073 1798 3117 filia
1827 3075 1992 3118 Phineo

228 3125 372 3181 nupsit
402 3140 444 3168 v.
473 3127 615 3184 Heyn.
647 3128 704 3171 ad
732 3129 874 3186 Apoll.
903 3145 945 3187 p.
973 3129 1073 3173 336.

347 3208 423 3267 [d]
471 3213 554 3255 His
581 3214 908 3272 interponuntur
934 3216 1060 3274 plura
1088 3217 1142 3260 de
1171 3217 1347 3270 Vestae,
1377 3217 1599 3261 Minervae
1627 3223 1672 3260 et
1701 3218 1855 3261 Martis
1884 3223 1992 3262 tem-

231 3268 315 3324 plis
354 3269 525 3327 aliaque
563 3287 656 3316 cum
695 3274 762 3316 his
800 3276 929 3318 rebus
967 3275 1102 3318 minus
1141 3277 1392 3332 conjuncta,
1432 3291 1542 3332 quae
1581 3282 1722 3320 tamen
1763 3276 1989 3333 aliquando

231 3326 301 3370 edi
331 3327 472 3372 velim:
503 3332 608 3390 περὶ
636 3333 851 3391 Νυμφῶν
879 3335 955 3377 καὶ
984 3330 1050 3378 ὅτι
1080 3337 1189 3391 γένη
1219 3330 1450 3392 δαιμόνων
1478 3337 1578 3390 εἰσι,
1610 3332 1638 3378 ἃ
1666 3336 1850 3382 καλοῦσι
1876 3339 1992 3390 βαρ-
