2150 3814
160 159 302 218 934·
716 170 949 214 LIBER
994 170 1420 214 saevimus.

163 303 256 364 ὅτι
299 308 599 365 κατιοῦσα
644 299 948 384 λαμβάνει
993 306 1059 365 ἐκ
1099 310 1213 366 τοῦ
1244 306 1497 388 αἰθέρος
1533 305 1603 367 τὸ
1642 307 1941 387 θυμικὸν,

161 403 232 464 τὸ
277 402 346 466 δὲ
393 402 846 485 ἐπιθυμητικὸν
903 405 968 464 ἐκ
1019 410 1128 481 τῆς
1185 404 1436 485 σελήνης
1494 405 1696 490 (ὑγρὰ
1739 405 1861 490 γὰρ
1903 407 1940 483 ἥ

166 502 420 583 σελήνη)
482 503 612 564 εἶτα
670 505 880 583 ἐφεξῆς
938 505 1004 563 ἐκ
1070 509 1202 565 τῶν
1268 504 1584 585 στοιχείων
1640 503 1946 586 λαμβάνει

160 603 274 681 τὴν
315 611 429 666 τοῦ
473 599 758 681 σώματος
802 598 1122 663 σύνθεσιν.
1203 609 1413 666 Ταῦτα
1457 603 1534 684 δή
1580 609 1788 687 φασινΙ
1809 605 1945 666 Ἕλ-

164 710 372 781 ληνες,
436 705 591 764 ἄλλα
652 698 738 763 δὲ.
776 698 1113 784 Αἰγύπτιοι
1168 704 1273 764 καὶ
1329 705 1663 767 Χαλδαῖοι·
1724 704 1946 784 quibus

162 800 391 860 similia
447 801 622 860 affert
676 798 891 876 Lydus
937 798 1014 858 de
1057 801 1251 861 Mens,
1295 802 1455 861 VIII.
1500 805 1601 863 46.
1687 805 1786 862 De
1829 803 1948 863 Ae-

161 901 390 978 gyptiis
458 882 724 960 testatur
782 899 1216 978 Trismegistus
1283 904 1419 982 ipse
1479 903 1839 961 Poemandr.
1901 915 1948 961 e.

162 998 270 1058 IX.
318 998 460 1061 576.
508 998 656 1080 Cap.
702 1002 748 1059 I.
793 999 846 1080 ς’.
893 1001 993 1060 24.
1038 1000 1133 1060 ed.
1177 1002 1440 1061 Flussat.
1486 1005 1553 1065 ἐν
1596 1011 1671 1084 τῇ
1717 1001 1951 1067 ἀναλύ-

164 1121 255 1160 σει
297 1107 411 1162 τοῦ
458 1099 745 1183 σώματος
789 1102 1186 1184 παραδίδωσι
1229 1104 1300 1165 τὸ
1348 1111 1529 1184 σῶμα
1565 1109 1649 1173 εἶς
1694 1103 1952 1166 ἀλλοίω-

164 1219 266 1261 σιν
293 1236 378 1244 -
411 1202 516 1262 καὶ
561 1200 757 1271 οὕτως
801 1202 966 1284 ὁρμᾷ
1013 1211 1227 1266 λοιπον
1273 1205 1406 1266 ἄνω
1449 1203 1556 1265 διὰ
1599 1212 1708 1283 τῆς
1740 1205 1951 1286 ,ἁρμο-

162 1296 333 1371 νίας,
378 1300 484 1361 καὶ
525 1309 598 1380 τῇ
645 1300 859 1383 πρώτῃ
905 1301 1070 1382 ζώνῃ
1115 1303 1364 1380 (lunari)
1411 1302 1637 1365 δίδωσι
1679 1303 1795 1382 τὴν
1835 1304 1950 1364 αὓ-

163 1399 412 1477 ξητικὴν
455 1401 767 1485 ἐνέργειαν
809 1402 916 1463 καὶ
956 1402 1072 1481 τὴν
1115 1403 1477 1483 μειωτικὴν,
1540 1403 1646 1463 καὶ
1686 1410 1761 1482 τῇ
1806 1390 1953 1464 δεύ-

171 1497 311 1577 τέρᾳ
369 1496 702 1579 (Mercur.)
760 1502 876 1581 τὴν
926 1502 1213 1582 μηχανὴν
1267 1510 1398 1565 τῶν
1441 1508 1652 1563 κακῶν
1693 1501 1799 1562 καὶ
1839 1501 1954 1564 τὸν

162 1594 352 1660 δόλον
365 1644 386 1670 ,
459 1607 535 1679 τῇ
601 1599 778 1684 τρίτῃ
840 1600 1114 1681 (Vener.)
1174 1602 1289 1681 τὴν
1344 1600 1798 1682 ἐπιθυμητικὴν
1848 1602 1956 1663 καὶ

163 1696 278 1774 τὴν
338 1696 616 1778 ἀπάτην,
681 1709 757 1781 τῇ
803 1700 1063 1782 τετάρτῃ
1121 1701 1366 1781 (Solis)
1421 1702 1537 1780 τὴν
1582 1701 1955 1781 ἄρχοντικὴν

163 1795 586 1878 προφάνειαν,
657 1807 732 1880 τῇ
785 1803 1028 1882 πέμπτῃ
1086 1801 1357 1881 (Martis)
1413 1801 1484 1862 τὸ
1542 1798 1820 1880 θράσος,
1876 1808 1951 1880 τῇ

166 1897 306 1976 ἑὲετῃ
352 1895 581 1978 (Jovis)
627 1900 739 1968 τὰς
784 1901 1078 1984 ἀφορμὰς
1119 1902 1231 1970 τὰς
1274 1899 1468 1968 κακὰς
1510 1907 1623 1960 τοῦ
1657 1888 1967 1973 πλούτου,

164 2004 240 2075 τῇ
285 1997 527 2078 ἕβδόμῃ
569 1999 640 2061 τὸ
687 2000 1011 2082 ἐνεδρεῦον
1044 2001 1298 2082 ψεῦδος,
1346 2017 1504 2078 quae
1549 2001 1701 2058 satis
1743 2001 1955 2080 inepte

164 2094 489 2175 Aegyptiis
549 2096 929 2176 affinguntur.
1026 2100 1121 2158 Eo
1181 2098 1428 2171 ordine,
1496 2118 1618 2176 quo
1689 2098 1822 2158 dies
1887 2102 1953 2158 in

165 2194 554 2256 hebdomade
622 2202 911 2259 retroacti
976 2218 1043 2258 se
1111 2200 1600 2278 subsequuntur,
1669 2199 1954 2278 planetas

166 2305 435 2374 septem,
497 2317 651 2377 quos
698 2302 906 2359 anima
949 2299 1423 2378 transgreditur,
1466 2302 1958 2378 repraesentavit

168 2395 332 2453 scala
376 2395 701 2466 Mithriaca
746 2400 1003 2479 (κλίμαξ
1045 2399 1460 2476 ἑπτάπυλος),
1504 2400 1675 2476 cujus
1717 2401 1956 2478 primus

166 2494 390 2571 gradus
442 2498 770 2577 plumbeus
834 2499 1103 2558 Saturno
1164 2508 1584 2571 consecratuS,
1639 2499 1956 2582 *secundus

169 2604 461 2654 stanneus
505 2597 761 2671 Veneri,
817 2601 1146 2679 proximus
1191 2616 1417 2657 aeneus
1462 2596 1641 2671 Jovi‚
1702 2609 1955 2678 quartus

169 2694 338 2754 ferro.
377 2699 771 2772 assimilatus,
815 2699 1140 2771 Mercurio,
1186 2707 1249 2757 et
1291 2700 1379 2758 sic
1421 2699 1671 2778 reliqui3
1717 2698 1796 2758 de
1834 2708 1955 2779 quo

170 2813 326 2873 quae
371 2796 492 2856 diei
534 2810 823 2877 possunt,
880 2801 1172 2881 pleraque
1217 2798 1381 2858 dicta
1423 2808 1567 2858 sunt
1609 2817 1646 2857 a
1686 2799 1955 2858 Beauso-

172 2893 309 2953 brio
347 2897 439 2977 [³].
526 2897 848 2958 Postremo
906 2901 1166 2958 occurrit
1221 2899 1592 2979 Ophitarum
1651 2897 1952 2976 diagram-

173 3012 306 3067 ma,
352 3006 562 3076 ‘preees
607 3010 670 3058 et
712 2997 1115 3060 salutationes
1159 3001 1506 3071 continens,
1567 2998 1788 3077 quibus
1825 3000 1955 3058 ani-

297 3193 370 3249 [a]
415 3196 778 3251 Wyttenbachius
818 3199 873 3242 ad
911 3198 1028 3241 Plut.
1059 3198 1106 3240 S.
1138 3197 1195 3239 N.
1228 3198 1280 3239 V.
1322 3211 1365 3254 p.
1398 3195 1493 3238 124,
1535 3198 1661 3252 putat
1700 3209 1812 3251 quae
1850 3195 1951 3238 Plu—

179 3250 354 3295 tarchus
391 3260 542 3297 narrat
578 3255 632 3297 de
667 3257 800 3299 ternis
839 3258 1018 3300 lacubus
1054 3255 1233 3298 infernis
1273 3255 1329 3299 ad
1368 3254 1605 3311 exemplum
1645 3254 1770 3310 hujus
1809 3253 1954 3298 scalae

178 3309 281 3354 ficta
310 3325 430 3361 esse3
475 3313 549 3355 sed
581 3314 810 3359 similitudo
842 3316 948 3358 haec
978 3328 1192 3372 perparva
1221 3314 1302 3357 est.
