2210 3886
283 232 410 291 800
812 240 1046 285 tumn
1092 204 1520 288 sncuNDUS.

284 374 409 454 qui
487 369 905 432 secundum
970 370 1430 447 dignitatem
1492 376 1848 437 omnibus
1907 377 2053 438 dis-

281 473 436 533 trib
457 474 600 544 uit,
683 468 1094 530 conditore
1167 470 1306 529 deo
1376 474 1452 531 in
1520 485 1695 534 rota
1763 476 1915 537 fati
1987 490 2058 536 et

280 571 850 652 generationis,
920 587 1138 647 quam
1198 573 1703 650 impossibile
1758 589 1875 637 est
1930 579 2056 637 im-

280 673 562 732 mutari
617 666 1035 729 secundum
1093 667 1476 748 Orpheum
1535 692 1684 733 non
1742 675 1929 736 deos
1972 678 2056 736 il-

278 773 396 832 los
464 773 903 839 misertum,
973 766 1249 846 quibus
1321 771 1681 832 instituit
1747 773 2057 855 Jupiter

278 870 589 932 circulo,
639 867 1166 944 malignitatis
1237 870 1543 928 variari
1611 883 1686 930 et
1739 875 2056 937 involvi

276 973 448 1032 hum
465 986 649 1029 anas
694 968 1004 1027 animas.
1050 1003 1134 1011 -
1178 966 1387 1027 Alium
1433 968 1663 1049 Orphei
1707 971 1908 1031 locum
1943 976 2056 1033 mi-

274 1090 388 1132 nus
455 1067 823 1130 mendosum
890 1069 1235 1129 asservavit
1302 1068 1594 1130 Proculus
1647 1072 1713 1130 in
1772 1070 1928 1132 Tim.
1983 1072 2055 1131 V.

275 1171 419 1233 330.
459 1171 574 1254 μία
629 1167 902 1251 σωτηρία
945 1175 1148 1251 ψυχῆς
1190 1176 1302 1230 τοῦ
1346 1167 1573 1234 κύκλου
1617 1179 1724 1252 τῆς
1765 1174 2056 1257 γενέσεως

274 1268 750 1336 ἀπαλλάττουσι»
804 1269 842 1348 ἢ
898 1268 1051 1352 πρὸς
1106 1269 1176 1330 τὸ
1236 1271 1455 1352 νοερὸν
1512 1272 1673 1342 εἶδος
1729 1273 2055 1356 ἅναὸρομὴ

276 1373 397 1436 ἀπὸ
452 1380 559 1453 τῆς
614 1370 766 1453 περὶ
796 1370 911 1449 τὴν
945 1370 1186 1455 γένεσιν
1231 1367 1495 1450 πλάνης,
1549 1367 1619 1451 ἧς
1662 1372 1766 1434 καὶ
1810 1375 1868 1434 οἱ
1909 1375 2051 1455 παρ’

266 1475 489 1556 Ὀρφεῖ
525 1480 614 1555 τῷ
647 1466 937 1551 Διονύσῳ
981 1469 1085 1531 καὶ
1127 1477 1200 1549 τῇ
1247 1467 1418 1553 Κόρῃ
1461 1469 1812 1553 τελούμενοι
1845 1479 2054 1554 τυχεῖν

270 1573 555 1652 εὔχονται

481 1681 687 1736 Κύκλου
725 1681 765 1734 τ’
807 1673 873 1732 αὗ
908 1683 1054 1748 λῆξαι
1091 1682 1173 1732 καὶ
1213 1679 1524 1735 ἀναπνεῦσαι
1563 1682 1845 1751 κακότητος
1866 1688 1946 1750 [0].

269 1784 478 1845 Liberi
512 1794 719 1844 autem
746 1782 944 1842 Patris
981 1782 1341 1841 cerimonias
1371 1784 1462 1842 ita
1489 1782 1815 1844 adornatas
1844 1785 2054 1858 fuisse,

270 1896 339 1946 ut
393 1904 569 1965 spem
626 1880 936 1962 quandam
992 1882 1472 1942 immortalitatis
1519 1883 1841 1944 ostendere
1885 1884 2054 1946 vide—

269 1995 481 2047 rentur
495 2028 512 2059 ,
583 1982 882 2043 indicium
935 1981 1233 2061 praebent
1300 1982 1609 2043 Plutarchi
1680 1985 1871 2047 verba
1926 1987 2051 2063 jam

269 2089 440 2167 prius
499 2085 686 2145 allata
727 2085 793 2142 in
839 2079 1083 2141 Consol.
1129 2082 1210 2142 ad
1253 2080 1439 2143 Uxor.
1481 2104 1541 2164 p.
1585 2082 1729 2143 411.
1776 2084 1844 2143 T.
1891 2085 2050 2145 VIII.

266 2188 495 2268 (morte
526 2184 778 2244 interire
811 2183 1052 2242 animos
1086 2202 1165 2242 ne
1195 2181 1435 2263 credas)
1478 2182 1698 2247 κωλύει
1742 2206 1807 2247 σε
1850 2186 1883 2248 ὁ
1929 2184 2050 2249 πά-

265 2313 436 2370 τριος
490 2281 669 2370 λόγος
689 2281 761 2364 [d]
823 2284 928 2347 καὶ
967 2283 1047 2346 τὰ
1090 2283 1363 2364 μυστικὰ
1393 2282 1697 2366 σύμβολα
1737 2292 1869 2349 τῶν
1912 2287 2050 2370 περὶ

266 2387 380 2451 τὸν
421 2384 734 2449 Διόνυσον
789 2387 1182 2468 ὀργιασμῶν,
1240 2385 1281 2444 ἃ
1326 2382 1624 2463 σύνισμεν
1668 2383 1947 2462 ἀλλήλοις
1991 2388 2050 2447 οἱ

270 2492 719 2554 συνοικοῦντες.

437 2583 616 2644 Hanc
675 2584 1039 2644 sententiam
1100 2592 1304 2642 utrum
1360 2582 1740 2659 Pythagoras
1797 2582 1875 2642 ab
1934 2581 2047 2642 Or-

251 2687 428 2768 'pheo
473 2685 830 2769 assumserit
873 2703 951 2742 an
996 2682 1406 2762 Orphicorum
1451 2682 1788 2741 carminum
1845 2692 1906 2742 et
1949 2697 2046 2742 or-

237 2768 239 2771 *
265 2790 506 2864 giorum
562 2795 840 2847 auctores
876 2803 932 2842 a
988 2783 1336 2861 Pythagora
1350 2828 1367 2857 ,
1425 2781 1604 2842 facile
1661 2781 2043 2860 dijudicabit,

387 2970 450 3026 [⁰]
482 2963 556 3013 AB
584 2986 663 3027 pro
694 2968 751 3014 ἂν
779 2969 999 3013 substituit
1030 2968 1143 3010 Gale
1174 2968 1228 3010 ad
1260 2967 1486 3011 Jamblich.
1518 2969 1571 3010 de
1601 2968 1735 3024 Myst.
1767 2982 1809 3024 p.
1840 2965 1942 3011 309.

388 3041 449 3099 [d]
483 3040 679 3102 Πάτριος
707 3042 862 3101 λόγος,
894 3057 947 3085 ne
977 3042 1072 3098 quis
1102 3041 1159 3084 ad
1189 3041 1414 3084 Plutarchi
1442 3042 1626 3098 patriam
1656 3041 1842 3093 referat,
1884 3039 2042 3082 dicitur

269 3101 343 3156 qui
379 3102 469 3156 jam
507 3101 664 3145 dudum
696 3103 878 3146 invaluit
906 3109 952 3144 et
981 3100 1186 3143 communi
1217 3100 1398 3142 omnium
1427 3100 1703 3156 persuasione
1731 3103 1930 3154 receptus
1960 3104 2038 3140 est.

268 3159 344 3201 Sic
381 3159 635 3203 Aristoteles
676 3161 871 3218 Metaph.
900 3159 1001 3203 XII.
1032 3159 1073 3202 8.
1103 3158 1202 3202 744.
1233 3158 1284 3200 F.
1317 3158 1419 3200 deos
1450 3173 1544 3200 esse
1574 3154 1764 3215 πάτριον
1793 3154 1932 3205 δόξαν
1960 3170 2038 3198 vo-

267 3223 350 3259 cat.
410 3218 527 3261 Idem
567 3219 620 3262 de
651 3219 773 3263 Coel.
803 3220 861 3262 II.
895 3219 932 3260 1.
967 3216 1060 3260 135.
1102 3215 1204 3267 τοὺς
1244 3216 1457 3276 ἀρχαίους
1486 3218 1563 3259 καὶ
1589 3212 1783 3274 μάλιστα
1813 3212 1916 3264 τοὺς
1943 3229 2037 3257 πα-

268 3279 417 3335 τρίους
458 3274 589 3334 ἡμῶν
631 3277 814 3332 ἀληθεῖς
851 3272 967 3321 εἶναι
1006 3273 1192 3334 λόγους,
1235 3273 1296 3324 ὥς
1324 3276 1446 3319 ἐστιν
1475 3271 1705 3318 ἀθάνατόν
1733 3289 1774 3315 τι
1805 3274 1882 3316 καὶ
1909 3277 2038 3316 θεῖον

266 3339 348 3375 etc.
387 3335 454 3376 De
485 3335 634 3379 Mund.
665 3337 741 3379 VI.
773 3336 840 3379 15.
871 3336 1068 3393 ’ἀρχαῖος
1088 3333 1228 3393 [λόγος
1258 3335 1334 3376 καὶ
1363 3329 1548 3391 πάτριός
1575 3334 1668 3376 ἐστι
1699 3334 1863 3387 πᾶσιν,
1897 3328 1958 3381 ὥς
1986 3330 2036 3374 ἐκ

266 3394 377 3435 θεοῦ
406 3391 459 3435 τὰ
489 3391 636 3438 πάντα
666 3397 742 3438 καὶ
772 3394 847 3438 διὰ
877 3397 989 3438 θεοῦ
1014 3391 1123 3452 ἡμῖν
1152 3395 1404 3447 συνέστηκε.
