2150 3814
670 208 1235 256 sAMo‘rnRAclA.
1697 197 1860 258 1207

86 341 304 407 λᾶδιον
367 344 748 425 καθιερῶσαι
805 337 1103 403 κτίσαντα
1155 338 1270 417 τὴν
1325 336 1538 412 πόλιν,
1599 341 1858 403 Αἰνείαν

85 442 156 507 δὲ
199 439 938 527 ἐκκλέψαντῢ>διασῶσαι
989 440 1166 521 μέχρι
1220 446 1328 519 τῆς
1387 443 1454 503 ἐν
1491 438 1714 520 Ἰταλία
1755 465 1862 501 κα-

85 542 425 622 τοικήσεως.
529 540 636 599 Etv
665 535 747 612 aij
806 559 942 599 eam
995 550 1128 598 rem
1171 539 1282 599 illa
1324 557 1564 620 quoque
1608 537 1687 597 de
1728 556 1861 598 ma-

85 657 356 718 gnorum·
383 640 639 700 deorum
680 641 918 720 ectypis
960 642 1214 701 inventa
1258 651 1350 700 est
1392 639 1634 713 fabula,
1688 649 1759 698 ut
1802 649 1865 698 et

87 738 581 800 Samothrffdbus
629 748 828 800 'suum
886 741 1327 821 relinqueretur
1380 741 1700 821 proprium
1761 738 1864 798 de-

86 857 189 898 cus
231 857 433 920 neque
453 841 1014 901 Romanis-‘deesset
1038 859 1158 920 quo
1187 842 1439 919 gloriari
1465 850 1719 921 possent
1732 840 1863 921 [**].

85 937 210 998 Sed
252 939 334 999 ad
374 959 667 1002 romanos
711 940 860 1002 deos
903 943 1148 1015 iterum,
1192 941 1297 1001 ubi
1341 941 1511 1001 locus
1555 939 1866 1021 deposcet,

83 1048 355 1101 revertet
397 1043 612 1122 oratio.

873 1297 925 1379 ξ.
1012 1300 1070 1358 2.

253 1467 551 1528 Nominis
591 1466 957 1529 Cabirorum
1014 1470 1282 1549 primum
1340 1468 1636 1529 indicium
1692 1490 1869 1552 prae-

87 1566 191 1626 bet
245 1566 536 1645 Aeschyli
592 1569 830 1643 fabula,
887 1571 952 1628 in
1010 1587 1131 1649 qua
1187 1568 1336 1628 deos
1391 1569 1682 1630 Lemnios
1729 1591 1870 1631 cum

84 1666 457 1746 Argonautis
526 1672 781 1729 comiter
837 1680 1267 1729 conversantes
1323 1669 1681 1750 largumque
1737 1672 1870 1732 vini

84 1779 486 1846 proventum
501 1769 768 1847 gratiose
811 1770 1163 1828 minitantes
1206 1766 1482 1841 induxit,
1526 1779 1596 1828 ut
1637 1769 1871 1830 Plutar-

88 1867 233 1927 chus
287 1869 475 1927 refert
530 1863 746 1974 Symp.
802 1868 879 1928 ΙΙ.
936 1865 1183 1941 Quaest.
1226 1868 1272 1927 Ι.
1316 1869 1375 1927 7.
1437 1873 1498 1931 εί
1530 1894 1623 1940 τις
1666 1871 1870 1934 ἄνθο-

89 1967 281 2049 σμίαν
315 1965 614 2053 δρέψας
619 1975 880 2053 αἰτιῷτο
936 1968 1083 2038 τοὺς
1124 1966 1443 2048 Αισχύλου
1499 1976 1596 2031 Ka
1559 1969 1869 2053 αβείρους,

90 2069 284 2154 λέγων
353 2070 534 2154 ὄξοῦς
589 2070 906 2146 σπανίζειν
963 2070 1148 2150 δῶμα
1202 2067 1611 2148 ποιησαντας,
1675 2071 1871 2153 ὥςπερ

91 2170 269 2231 αὐτοὶ
320 2169 640 2246 παίζοντες
681 2169 1033 2252 ἠπείλησαν.
1142 2168 1240 2227 Ex
1293 2168 1410 2227 hoc
1451 2168 1619 2242 loco,
1689 2189 1871 2250 quem

90 2266 600 2345 wyttenbachius
670 2289 890 2351 parum
963 2267 1175 2327 dextre
1242 2269 1507 2350 accepit,
1580 2268 1872 2348 Aeschyli

90 2365 359 2429 editores
401 2372 711 2430 senarium
754 2369 1214 2450 exsculpserunt
1244 2368 1621 2441 iambicum,
1677 2372 1874 2448 ignari

0 2541 1 2555 2
89 2468 239 2528 haec
294 2466 658 2530 Cabirorum
717 2470 906 2532 verba
962 2471 1315 2528 continuata
1368 2477 1431 2527 et
1482 2467 1705 2530 iisdem
1759 2489 1874 2530 nu-

0 2557 1 2583 ³
90 2571 278 2629 meris
348 2571 584 2631 inclusa
640 2589 773 2630 esse
830 2588 967 2631 cum
1028 2569 1152 2629 illis
1210 2588 1366 2651 quae
1423 2569 1642 2629 Pollux
1698 2571 1874 2630 affert

0 3731 9 3800 ’ἓ

93 2656 196 2730 νΪ.
262 2671 364 2731 23.
430 2669 911 2752 καὶἈἶσχύλος
975 2669 1167 2755 μηδὲ
1236 2667 1640 2753 κρώσσους
1705 2669 1869 2752 μήτ’

97 2771 462 2855 οἶνηροὺς
528 2771 702 2855 μήθ’
774 2771 1217 2856 ὗδατηροῦς
1288 2776 1541 2834 λιπεῖν
1610 2770 1871 2854 (λείψειν

97 2868 214 2930 vel'
255 2871 571 2957 λείψομεν)
641 2874 1007 2956 ἅφνεοῖσι
1062 2870 1419 2954 δόμοισι,
1477 2885 1553 2929 ex
1611 2867 1870 2946 CabiriS,

217 3067 253 3125 [
257 3069 293 3126 ]
334 3069 522 3116 Similem
561 3072 751 3117 fabulam
791 3079 940 3116 narrat
977 3072 1157 3116 Servius
1196 3072 1301 3114 Aen.
1338 3070 1418 3114 ΙΙΙ.
1462 3071 1530 3113 15.
1573 3085 1684 3113 cum
1728 3073 1870 3116 omni

102 3126 429 3173 hereditate
457 3132 723 3188 majorum
753 3130 1077 3175 diviserant
1107 3131 1276 3173 etiam
1308 3129 1439 3172 deos
1468 3130 1712 3172 Penates
1740 3131 1869 3174 Dar-

102 3185 277 3228 danus
317 3194 369 3231 et
408 3190 622 3247 Janius,
665 3203 898 3247 quorum
936 3191 1087 3235 alter
1124 3189 1424 3245 Phrygiam
1464 3187 1663 3231 habuit
1703 3204 1867 3233 occu—

103 3249 303 3300 putam.
360 3247 475 3291 Hinc
504 3247 701 3292 Clemens
729 3249 873 3292 Protr.
902 3264 946 3306 p.
977 3249 1019 3293 8.
1063 3248 1318 3305 deprecatur
1348 3247 1646 3318 mysteriorum
1676 3250 1867 3292 condito-

105 3317 173 3345 res
203 3306 290 3345 εἴτε
320 3303 604 3361 Δάρδανοςι
583 3323 608 3351 o
638 3300 823 3379 Μητρὸς
850 3310 941 3352 τῶν
969 3311 1091 3352 θεῶν
1122 3306 1382 3356 καταδείξας
1410 3304 1464 3349 τὰ
1487 3302 1740 3378 μυστήρια,
1782 3312 1867 3351 εἴτε

100 3364 285 3405 ’Πετίων
315 3363 340 3407 ὁ
370 3365 422 3407 τὰ
452 3362 812 3426 Σαμοθρᾴκων’
798 3363 933 3427 όργια
964 3370 1040 3411 καὶ
1069 3364 1243 3415 τελετὰς
1272 3363 1649 3422 ι·.ποστησαμενος
