2150 3814
687 209 1272 271 'SAMQTHRACIAL
1717 202 1881 262 1277

102 357 201 398 me
244 342 558 420 reperiri‚-
588 328 691 419 qui
738 340 804 395 in
847 339 1156 418 pauculis,
1211 357 1367 418 quae
1411 342 1469 398 ei
1513 340 1881 419 tribuuntur,

99 443 448 513 sententiis,
507 439 930 518 ‘antiquissimi
995 440 1272 517 omnium
1332 441 1649 519 scriptoris
1707 447 1882 522 quasi

99 541 391 615 genuinas
432 549 611 610 notas
653 550 717 598 et
762 540 1084 618 proprium
1119 538 1386 600 colorem
1399 540 1530 617 ‘sibi
1555 560 1882 619 agnoscere

94 638 438 699 videantur.
462 638 773 698 *Attamen
808 640 948 707 ,fieri
991 647 1227 718 potest,
1271 648 1345 699 ut
1381 640 1686 702 Eusebius
1730 662 1881 703 non-

90 738 264 796 nulla
297 756 355 796 a
409 757 698 816 germano
730 738 1012 811 oPhilone
1067 747 1131 797 et
1183 739 1287 798 hic
1339 737 1545 822 aliqua
1589 762 1628 803 a
1670 754 1879 806 vetere

90 837 628 899 Sanchuniathone
710 841 1026 918 acceperit.
1153 838 1317 899 Sane
1399 841 1679 921 quidem,
1746 843 1875 916 sed,

86 937 232 1015 quid
275 939 407 998 fieri
451 942 680 1019 possit,
726 958 1017 1020 quaerere
1059 940 1337 1019 ineptum
1381 951 1501 1015 est3
1546 947 1910 1022 quaeritur,‘

88 1036 236 1115 quid
282 1039 423 1098 sciri
461 1043 678 1120 possit.
947 1108 949 1110 ,

253 1137 428 1197 Haec
468 1139 648 1198 nobis
691 1137 1030 1219 praefanda
1071 1139 1273 1210 fuere,
1317 1141 1608 1218 quoniam
1653 1143 1719 1200 in
1764 1143 1872 1200 illo

82 1235 392 1296 Punicano
435 1240 629 1297 mimo
677 1235 1039 1309 cabirorum
1085 1257 1325 1318 quoque
1369 1241 1700 1302 nonnullae
1726 1261 1875 1322 par-

80 1344 173 1395 tes
217 1346 378 1396 sunt.
461 1338 623 1398 Nam
669 1357 745 1397 ex
789 1337 1040 1415 Sydyco
1088 1348 1149 1397 et
1191 1357 1315 1398 una
1358 1351 1596 1420 septem
1637 1341 1872 1403 Titani-

80 1434 259 1510 dum,
323 1456 476 1518 quas
522 1440 826 1499 Saturnus
868 1458 979 1497 rex
1033 1458 1170 1498 cum
1214 1438 1465 1500 Astarte
1509 1439 1702 1501 Urani
1747 1443 1873 1502 filia

77 1540 446 1616 procreavit,
489 1548 672 1598 natus
717 1548 811 1599 est
853 1538 1262 1620 Aesculapius
1307 1560 1445 1600 cum
1490 1552 1727 1622 septem
1756 1540 1872 1602 Ca-

77 1633 258 1694 biriS=
302 1642 368 1702 ἐκ
413 1648 526 1703 τοῦ
572 1641 800 1704 Συὸὐκ
844 1637 1207 1722 Διόςκουροι
1249 1641 1289 1720 ἢ
1333 1640 1632 1726 Κάβειροι
1674 1644 1713 1722 ἢ
1743 1651 1869 1705 Κο-

78 1733 387 1818 ρύβαντες
427 1739 466 1818 ἢ
511 1739 954 1824 Σαμόθρᾳκες,
1002 1750 1063 1799 et
1106 1739 1186 1799 ad
1230 1741 1345 1799 hos
1392 1743 1689 1820 expositis
1735 1743 1869 1802 Beli

73 1837 209 1896 sive
254 1836 503 1896 Saturni
527 1881 532 1884 «
557 1840 743 1899 rebus
787 1842 972 1918 gestis
1020 1841 1406 1919 Genealogus
1451 1851 1662 1900 noster
1704 1842 1867 1902 redit

72 1932 280 2016 itaque
335 1948 635 2018 peroratp
665 1948 866 2011 ταῦτα
894 1983 897 1986 «
921 1948 1157 2024 πρῶτοι
1198 1939 1457 2005 πάντων
1499 1942 1866 2025 ὑπεμνημα-

63 2036 328 2101 -τίσαντο
384 2040 442 2100 οἱ
498 2040 653 2101 ἑπτὰ
706 2040 934 2102 Συὸὐκ
989 2040 1205 2110 παῖδες
1260 2039 1562 2123 Κάβειροι
1604 2043 1710 2104 καὶ
1753 2045 1862 2128 ὄγ-

72 2137 218 2207 δοος
275 2139 486 2200 αὐτῶν
542 2137 811 2220 ἀδελφὸς
858 2139 1227 2218 Ἀσκληπιός.
1328 2139 1512 2199 Hunc
1566 2158 1604 2199 a
1645 2159 1861 2218 graeco

73 2235 316 2296 medico
382 2237 563 2315 longe
630 2246 906 2315 segregat
971 2237 1336 2299 Damascius
1390 2241 1456 2298 in
1514 2237 1585 2297 V.
1640 2239 1865 2301 Isidori
1908 2245 1910 2248 '

75 2332 368 2396 CCXLII.
425 2337 567 2397 573.
620 2339 653 2401 ὃ
711 2342 779 2403 ἐν
833 2343 1105 2421 Βηρυτῷ
1142 2340 1495 2419 Ἀσκληπιὸς
1538 2342 1651 2403 οὐκ
1696 2343 1861 2427 ἔστιν

70 2437 292 2516 ,Ἕλλην
335 2437 482 2502 οὐδὲ
524 2438 868 2525 Αἰγύπτιος
912 2438 1067 2502 ἄλλά
1109 2464 1201 2509 τις
1251 2437 1571 2523 ἐπιχώριος
1617 2445 1856 2512 Φοῖνιξ.

70 2535 350 2620 Σαὸύκῳ
416 2539 539 2624 γὰρ
606 2540 886 2625 ἐγένοντο
955 2539 1204 2614 παῖδες,
1266 2542 1385 2611 (οὓς
1445 2538 1858 2625 Διοςκούρους

71 2636 478 2720 ἑρμηνεύουσι
518 2639 624 2702 καὶ
664 2639 1039 2724 Καβείρους·
1088 2642 1312 2726 ὄγδοος
1355 2639 1424 2704 δὲ
1470 2641 1704 2724 ἐγένετο
1759 2641 1858 2703 ἐπὶ

70 2736 310 2809 τούτοις
363 2740 396 2801 ὃ
437 2742 811 2822 Ἒσμουνος,
872 2742 948 2805 ὃν
986 2742 1345 2820 Ἀσκληπιὸν
1389 2739 1852 2823 ἑρμηνεύουσιν.

67 2834 251 2899 Hunc
317 2841 406 2899 ait
469 2859 507 2900 a
574 2850 772 2901 matre
826 2840 1082 2902 deorum
1139 2841 1445 2902 Astronoe
1505 2841 1582 2901 de
1637 2851 1852 2922 stupro

69 2940 500 3019 compellatum
544 2940 874 3002 abscidisse
917 2943 1038 3003 sibi
1090 2944 1379 3021 genitalia
1435 2941 1544 3002 sed
1591 2943 1851 3004 Paeanis

69 3046 200 3097 arte
235 3049 318 3106 ,et
360 3042 552 3110 3vitali
605 3042 806 3103 calore
833 3041 910 3125 [†]
960 3046 1128 3107 vitae
1170 3045 1522 3103 restitutum
1568 3042 1851 3105 deorum-

191 3234 274 3292 [†]
330 3236 408 3281 τὸν
463 3245 701 3287 νεανίσκον
751 3245 803 3304 τῇ
855 3241 1060 3302 ζωογόνῳ
1112 3245 1259 3302 θέρμῃ
1303 3238 1692 3300 ἀναζωπυρήσασα
1735 3240 1846 3287 θεὸν

73 3294 285 3347 ἐποίησεν
313 3296 404 3338 scil.
435 3305 570 3343 mater
598 3301 795 3357 deorum,
828 3316 938 3359 quae
969 3317 995 3346 a
1026 3302 1259 3345 Platonicis
1288 3298 1314 3353 ἡ
1346 3298 1566 3359 ζωογόνος
1594 3298 1682 3344 θεά
1711 3301 1845 3346 nomi-

78 3358 204 3395 natur
232 3352 389 3396 Julian.
423 3357 501 3402 Or.
532 3359 584 3402 V.
614 3373 655 3415 p.
686 3358 785 3404 337.

157 3427 229 3486 11,
1428 3432 1509 3491 32
