2150 3814
697 214 1258 260 SAMo'rHRAmA.
1711 202 1873 264 1233

100 367 237 409 mus
284 349 734 429 quaestionem,
780 363 974 425 quamv
1006 342 1356 421 singulatim
1406 341 1729 423 expediam
1775 364 1874 404 eo-

98 448 240 509 dem
284 447 439 508 duce
482 445 799 516 Pausania.

884 670 937 752 §·
1022 671 1082 731 9.

261 843 594 903 Pausanias
650 843 719 902 L.
774 841 851 902 Xz
910 843 1010 903 38.
1069 844 1293 926 ἄγουσι
1345 840 1415 904 δὲ
1469 841 1574 903 καὶ
1627 839 1870 919 τελετὴν

90 944 150 1005 οἱ
185 944 551 1025 Ἀμφισσεῖς
587 939 918 1006 Ἀνάκτων
959 943 1358 1022 καλουμένων
1402 940 1675 1002 παίδων·
1723 942 1871 1002 οἵτι-

89 1066 187 1112 νες
251 1042 321 1104 δὲ
356 1047 560 1106 ,θεῶν
629 1047 785 1104 εἰσιν
841 1044 901 1104 οἱ
941 1044 1247 1110 ’Ἄνακτες
1302 1040 1518 1108 παῖδες
1573 1040 1648 1100 οὔ
1705 1039 1867 1099 κατὰ

89 1140 289 1205 ταύτά
332 1146 500 1205 ἐστιν
542 1142 865 1221 εἰρημένον
908 1140 1063 1201 ἀλλὰ
1109 1141 1170 1201 οἱ
1209 1137 1327 1219 μὲν
1372 1139 1530 1201 εἶναι
1573 1134 1869 1205 Διοςκού-

90 1266 272 1324 ρους,
328 1243 388 1304 οἱ
427 1239 499 1302 δὲ
539 1237 896 1321 Κούρητας,
952 1240 1012 1301 οἱ
1054 1236 1123 1300 δὲ
1166 1238 1351 1301 πλέον
1392 1263 1453 1299 τι
1497 1237 1871 1300 ἐπίστασθαι

86 1339 441 1421 νομίζοντες
475 1337 550 1419 [³]
602 1337 951 1420 Καβείρους
993 1339 1254 1424 λέγουσι.
1341 1336 1505 1397 Hinc
1550 1339 1869 1396 confirma-

86 1447 186 1499 tur
239 1437 396 1497 illud
439 1437 603 1517 quod
647 1435 859 1518 paullo
906 1447 1046 1497 ante
1090 1438 1461 1515 significavi,
1506 1438 1722 1496 heroes
1768 1455 1869 1496 sa—

85 1540 313 1599 lutares
371 1547 432 1596 et
497 1537 830 1611 beneficos,
914 1556 1175 1617 quorum
1232 1548 1352 1616 „aut
1418 1555 1645 1596 nomen
1715 1536 1869 1595 obli-

83 1641 271 1700 vione
327 1637 597 1698 deletum
655 1647 764 1697 aut
815 1640 971 1697 ritus
1015 1636 1256 1698 colendi
1297 1636 1643 1695 inocculto
1691 1645 1868 1707 esset,

86 1739 340 1819 ancipiti
394 1739 932 1818 interpretantium
986 1734 1354 1813 conjectura>
1391 1735 1580 1794 modo
1627 1734 1708 1794 ad
1754 1732 1869 1794 Ca-

84 1838 281 1911 biros,
351 1834 540 1897 modo
610 1835 692 1895 ad
758 1836 1059 1913 Dactylos
1119 1833 1491 1915 Curetesque
1544 1843 1871 1896 revocatos

84 1956 216 1998 esse
269 1946 524 2017 propter
577 1954 904 1996 munerum
961 1933 1451 2019 officiorumque,
1495 1954 1651 2016 quae
1693 1953 1871 2015 prae-

83 2047 314 2098 starent
355 2036 710 2096 hominibus
726 2079 743 2107 ‚
787 2036 1239 2116 aequalitatem.
1337 2033 1541 2107 Quod>
1566 2034 1703 2094 dico
1747 2034 1872 2095 tale

84 2147 194 2197 est.
295 2134 832 2207 Quemadmodum
875 2134 1062 2195 hodie
1106 2153 1250 2212 gens
1293 2136 1719 2214 superstitioni
1763 2133 1872 2192 ob-

0 2277 1 2303 2
83 2237 288 2312 noxia,
331 2233 594 2296 adversa
636 2235 938 2312 religioni,
982 2233 1167 2294 deum
1204 2253 1344 2294 raro
1371 2236 1640 2306 invocat,
1687 2233 1872 2292 Sanc-

0 2336 1 2397 }
85 2346 181 2395 tos
226 2336 619 2415 saepissime,
662 2336 759 2395 his
802 2353 871 2395 se
915 2336 1168 2414 quisque
1210 2335 1278 2392 in
1323 2334 1665 2395 clientelam
1705 2351 1872 2392 com-

83 2434 366 2507 mendat,
417 2435 640 2493 horum
697 2434 1008 2514 praesidio
1064 2435 1310 2494 salvum
1366 2452 1433 2492 se
1475 2434 1871 2492 incolumem-

84 2554 200 2617 que
255 2534 391 2593 fore
448 2532 670 2606 credit,
728 2532 1002 2612 adaeque
1046 2543 1286 2594 veteres
1329 2535 1553 2612 pagani
1597 2530 1868 2593 Coelico-

84 2635 175 2694 las
217 2634 434 2715 procul
477 2653 516 2693 a
556 2651 624 2693 se
666 2642 728 2693 et
771 2631 1044 2694 difficiles
1089 2630 1262 2692 aditu
1304 2636 1425 2692 rati
1466 2651 1654 2710 genus
1680 2630 1870 2711 quod-

86 2734 228 2795 dam
283 2733 655 2794 daemonum
706 2732 1180 2793 introduxerunt
1239 2731 1357 2791 diis
1415 2741 1477 2790 et
1518 2730 1876 2800 hominibus⁴

86 2835 466 2913 interjectum
524 2853 599 2893 ex
654 2852 866 2895 eorum
923 2852 1178 2893 numero
1252 2833 1358 2910 qui
1411 2829 1742 2910 aliquando
1803 2831 1868 2888 in

89 2934 267 2994 terris
318 2936 648 3007 vixissent,
705 2950 887 3013 quos·¹¹
912 2941 1167 3014 propter
1224 2932 1726 2990 communitatem
1772 2949 1869 2991 or-

88 3042 187 3092 tus
243 3034 582 3100 commodis
638 3036 766 3098 suis
809 3033 1031 3097 melius
1074 3033 1499 3113 promtiusque
1542 3031 1867 3092 inservitu-

91 3149 192 3191 ros
262 3131 592 3219 credereng.
652 3190 658 3196 .
699 3133 865 3193 Inter
929 3133 1042 3193 hos
1109 3130 1438 3192 Herculem
1509 3138 1746 3190 constat
1807 3140 1867 3188 et

217 3299 294 3356 [ὃ]
324 3279 558 3344 Plutarch.
604 3303 653 3344 V.
697 3302 863 3346 Camill.
896 3298 944 3344 4(τ.
976 3300 1071 3344 XX.
1116 3302 1160 3345 οἱ
1192 3297 1568 3360 προςποιούμενοι
1598 3303 1735 3346 πλέον
1764 3300 1865 3343 ἐπί-

0 3414 2 3423 .
97 3361 294 3402 σπασθαί
320 3373 374 3401 τι.
434 3359 494 3402 Ηί
524 3366 621 3404 sunt
650 3361 939 3418 mythologiae
971 3367 1014 3403 et
1044 3360 1331 3415 cujuscunque
1362 3359 1468 3402 artis
1498 3359 1643 3416 pestis,
