2150 3814
235 206 400 268 1272
794 220 1024 266 LIBER
1067 221 1430 268 TERTIUS,

226 353 382 430 ignis
437 361 778 432 repertores
793 396 811 426 ,
867 353 1121 430 Agrium
1179 362 1361 432 atque
1402 355 1691 414 Halieum
1736 363 1993 414 venatus

227 461 409 531 atque
450 454 751 532 piscatuS,
811 453 1072 529 aliarum
1127 470 1329 511 rerum
1384 455 1570 534 alios3
1626 455 1840 532 hisque
1880 455 1999 511 im-

225 554 440 611 miscet
505 550 759 611 deorum
827 551 1282 612 barbaricorum
1355 563 1416 612 et
1478 571 1830 632 graecorum
1889 567 1997 608 no-

224 653 425 723 mina,
480 650 646 724 Beli,
701 651 1007 728 DagoniS,
1066 650 1368 725 Taautae,
1422 651 1613 714 Urani
1666 662 1727 712 et
1770 659 1997 710 cetero-

222 769 391 823 rum,
459 769 612 829 quos
682 768 893 810 omnes
952 751 1235 811 homines
1291 751 1483 811 fuisse
1535 754 1838 832 sapientia
1892 757 1998 808 aut

221 848 584 908 fortitudine
624 846 1023 930 praestantes,
1068 869 1398 930 eorumque
1433 853 1735 929 conjugia,
1781 868 1996 927 cogna-

222 950 451 1023 tiones,
495 948 687 1024 bella,
731 950 1016 1024 foedera,
1062 958 1263 1022 ortuS,
1306 951 1588 1010 interitus
1630 952 1846 1011 recitat
1886 949 1997 1019 illo

221 1047 384 1108 bello
451 1049 717 1109 Diodori
784 1049 1082 1130 exemplo.
1181 1047 1434 1110 Coelum
1497 1050 1646 1111 dicit
1698 1070 1732 1107 e
1788 1066 1999 1108 sorore

224 1147 395 1208 Gaea
431 1149 783 1223 Saturnum,
825 1151 1146 1227 Dagonem
1183 1158 1244 1207 et
1275 1149 1588 1211 Atlantem
1624 1166 1996 1229 procreasse,

219 1247 427 1327 plures
483 1257 690 1308 autem
748 1269 782 1308 e
836 1249 1155 1328 pellicibus
1170 1291 1189 1323 ,
1251 1268 1370 1328 qua
1424 1270 1492 1308 re
1548 1253 1768 1311 iratam
1823 1248 1994 1307 illam

221 1346 552 1406 Saturnum
597 1347 677 1406 ad
722 1347 1122 1406 defectionem
1181 1348 1516 1426 impulisse.
1584 1349 1842 1408 ¹Dehinc
1881 1364 1996 1406 nos

221 1445 434 1505 edocet
489 1444 797 1526 quomodo
854 1446 953 1505 hic
1005 1445 1292 1506 Mercurii
1358 1448 1625 1533 consiliis
1683 1458 1746 1506 et
1801 1449 1996 1506 socio-

218 1564 355 1604 rum
409 1546 659 1605 Elohim
713 1547 900 1605 armis
953 1544 1201 1624 adjutus
1254 1555 1493 1626 patrem
1549 1565 1735 1624 regno
1793 1545 1991 1604 detur-

218 1645 490 1720 baverit,
549 1645 866 1705 Atlantem
919 1665 1016 1705 res
1070 1664 1270 1707 novas·
1319 1648 1675 1707 molientem
1719 1663 1996 1725 compes-

219 1747 410 1804 cuerit
453 1766 487 1804 e
529 1746 731 1820 Rhea,
774 1746 980 1805 Dione
1023 1746 1280 1825 aliisque
1324 1746 1675 1806 concubinis
1718 1746 1995 1805 multitu-

221 1841 427 1903 dinem
483 1845 816 1904 liberorum
876 1848 1238 1925 susceperit,
1302 1866 1516 1906 eorum
1559 1847 1767 1926 plures
1809 1847 1996 1903 inter-

217 1943 462 2018 fecerit,
506 1948 865 2024 superstites
909 1953 1116 2004 autem
1158 1964 1329 2021 reges
1374 1947 1804 2018 constituerit,
1828 1944 1991 2023 Nep-

219 2051 436 2102 tunum
480 2044 745 2120 Beryti,
772 2045 1071 2104 Taautem
1115 2045 1402 2123 Aegypti,
1443 2045 1627 2121 Bybli
1669 2029 1989 2115 Venerem,

217 2141 458 2201 Atticae
515 2144 876 2204 Minervam.
990 2131 1307 2202 Postremo
1370 2144 1722 2223 pestilentia
1779 2143 1994 2202 oborta

218 2243 412 2303 filium
455 2245 699 2302 unicum
746 2245 884 2327 (τὸν
926 2244 1257 2328 μονογενῆ)
1301 2246 1463 2324 patri
1507 2241 1589 2303 ad
1629 2243 1992 2302 immortali-

218 2350 410 2402 tatem
467 2354 814 2403 consecrato
869 2343 1221 2402 immolasse
1278 2343 1532 2403 etcum
1584 2342 1828 2403 familia
1881 2361 1993 2401 sua

222 2443 739 2501 circumcisionem
796 2443 1055 2501 subiisse
1111 2443 1346 2502 dicitur.
1447 2442 1620 2502 Haec
1660 2442 1768 2502 ille
1810 2441 1990 2501 nobis

219 2551 430 2600 narrat
496 2578 581 2588 —
637 2544 880 2601 tricas
936 2553 1170 2622 atque
1227 2545 1502 2622 apinas
1559 2552 1630 2600 et
1683 2544 1749 2601 si
1807 2540 1990 2620 quid

219 2642 469 2701 vilius
535 2643 738 2701 istis,
851 2641 1080 2701 Verum
1150 2651 1355 2700 tamen
1424 2644 1477 2701 si
1546 2643 1680 2722 quis
1747 2640 1990 2701 credere

220 2749 426 2819 potest
481 2743 935 2822 antiquissimos
990 2742 1357 2801 Phoenicum
1426 2743 1742 2820 theologos
1797 2738 1988 2813 Coeli,

224 2841 491 2914 Saturni,
534 2840 711 2903 Jovis
755 2852 816 2901 et
860 2853 1195 2901 ceterorum
1239 2839 1336 2901 res
1380 2851 1599 2919 gestas,
1642 2843 1730 2900 sic
1772 2851 1842 2899 ut
1862 2840 1990 2900 He-

227 3011 329 3066 quid
358 3011 546 3065 faceret,
588 3011 781 3055 Lexicon
810 3013 1142 3069 geographicum
1171 3013 1357 3065 evolvit,
1403 3012 1477 3054 sed
1506 3011 1612 3053 nihil
1639 3010 1802 3067 reperit.
1839 3025 1882 3067 p.
1916 3009 1984 3051 16.

225 3069 521 3112 Hamackerus
548 3071 593 3113 in
626 3071 810 3114 Miscell.
840 3072 1065 3114 Phoenice.
1095 3086 1138 3127 p.
1174 3069 1270 3113 165.
1312 3085 1461 3114 nomen
1489 3069 1732 3111 mendosum
1769 3083 1863 3110 esse
1903 3082 1985 3124 pu-

225 3133 294 3168 tat
322 3127 397 3170 sed
432 3130 617 3171 fortasse
656 3135 837 3172 montem
878 3131 1028 3173 Tabor
1066 3129 1313 3185 significari.
1383 3130 1546 3171 Vereor
1591 3142 1644 3170 ne
1674 3128 1748 3170 ille
1781 3125 1988 3182 jocularis

227 3185 503 3241 cosmologus
531 3201 620 3229 rem
651 3193 782 3231 totam
812 3189 998 3231 finxerit.
1054 3188 1264 3231 Nimirum
1295 3189 1395 3244 quia
1424 3187 1591 3230 libanus
1621 3190 1664 3228 et
1698 3185 1815 3229 casia
1855 3184 1982 3228 fruti-

229 3258 300 3285 ces
339 3243 527 3288 odorarii
564 3251 685 3299 sunt,
725 3247 885 3290 herbae
924 3247 1136 3299 Sabinae,
1192 3261 1301 3302 quae
1340 3246 1506 3301 Brathy
1546 3246 1728 3296 dicitur,
1770 3242 1983 3296 simillimi,

227 3304 411 3344 facetum
439 3305 533 3347 fore
562 3306 729 3360 putavit
759 3307 795 3348 si
825 3306 1015 3359 Libano,
1062 3305 1307 3349 Antilibano
1337 3312 1382 3348 et
1413 3303 1542 3346 Casio
1582 3306 1716 3346 frater
1757 3302 1983 3345 adderetur

229 3361 407 3415 Brathy.
1647 3369 1653 3382 ⁸

1587 3463 1603 3494 J

2100 1098 2123 1111 »-
