2150 3814
821 188 862 230 o
890 187 931 229 R
959 186 1070 228 ΡΉ
1099 187 1122 227 1
1154 187 1190 229 c
1221 189 1270 228 A.
1807 185 1936 243 931-

160 323 329 383 ναῖσι
372 320 801 404 Μαρτύρομαι
844 317 912 380 δὲ
947 319 1147 396 Ζηνὸς
1184 319 1449 401 Ἐρκειου
1487 321 1741 404 χύτρας,
1788 330 1927 407 παρ’

157 422 256 491 αἷς
299 422 331 483 ὅ
376 422 605 503 βωαὸς
632 415 813 489 οὗτος
857 417 1118 503 ἱδρύθη
1125 421 1297 513 ποτέ.
1369 420 1494 502 illic
1545 439 1726 482 vero:
1783 426 1929 493 Διὸς

155 520 424 599 Κτησίου
471 524 689 601 σημεῖα
731 516 1064 602 ἱδρύεσθαι
1100 520 1222 602 χρὴ
1260 513 1409 583 ὧδε
1442 497 1759 585 Καδίσκον
1793 547 1929 585 και-

151 620 266 708 τςὸν
342 621 851 699 ἒπιθηματοῦντα
929 654 1013 663 —-
1084 622 1354 689 ἒςθεῖναι
1434 621 1529 684 ὅτι
1599 618 1681 684 ὅὲν
1748 623 1928 711 εὕρῃς

149 719 253 780 καὶ
310 719 526 797 εἶςχέαι
583 717 958 803 ἀμβροσίαν.
1016 737 1173 799 quae
1229 722 1437 780 omnia
1490 719 1602 780 sub
1657 740 1766 780 ara
1822 721 1927 781 de·-

145 817 316 878 fossa
386 817 667 878 arbitror:
780 804 989 892 Quum
1042 816 1419 899 Capitolium
1484 809 1925 895 restitueretur,

144 918 405 995 injectae
446 917 863 978 fundamentis
908 920 1140 996 argenti
1178 922 1657 999 auriquestipes
1701 931 1764 981 et
1799 941 1927 981 me-

142 1017 430 1078 tallorum
485 1020 799 1112 primitiae
850 1004 1063 1086 nulliss
1089 1017 1204 1098 (sic
1257 1018 1612 1098 haruspices
1659 1021 1926 1099 jussere)

143 1118 495 1206 fornacibus
551 1119 781 1190 victae,
814 1116 954 1176 sed
1008 1126 1078 1176 ut
1130 1119 1456 1196 gignuntur
1513 1118 1704 1177 Tacit.
1761 1117 1924 1178 Hist.

142 1217 244 1275 IV.
304 1215 403 1276 53.
462 1217 535 1277 cf.
592 1208 846 1276 (Ξ”τῇΙιθι·.
908 1215 1006 1275 de
1034 1217 1157 1295 jur.
1212 1218 1431 1298 pontif.
1498 1217 1565 1277 L.
1610 1217 1712 1277 ΠΙ.
1773 1239 1820 1278 c.
1866 1217 1923 1278 5.

142 1316 415 1376 Sicculus
487 1316 741 1377 Flaccus
816 1315 894 1376 de
970 1306 1164 1376 Cond.
1239 1317 1382 1396 Agr.
1458 1338 1520 1399 p.
1597 1317 1653 1378 5.
1739 1319 1922 1379 Goes.

143 1414 382 1489 Quum
487 1419 866 1477 terminos
967 1411 1483 1498 disponerent
1582 1421 1921 1499 antiqui,

140 1537 329 1597 quos
374 1517 717 1577 defixuri
762 1529 1014 1590 erant,
1060 1520 1455 1597 unguento
1500 1507 1921 1581 velamini-

139 1618 279 1677 bus
338 1630 411 1677 et
468 1621 777 1678 coronis
823 1618 1325 1678 coronabant.
1425 1620 1506 1678 In
1549 1620 1790 1680 fossis
1836 1657 1920 1666 ——

140 1719 562 1779 sacrificio
656 1704 976 1776 facibus
1047 1718 1512 1777 ardentibus
1595 1721 1919 1796 injectis

138 1821 599 1897 sanguinem
655 1807 1200 1902 instillabant,
1259 1837 1506 1897 eoque
1565 1819 1791 1900 thura
1847 1827 1921 1876 et

134 1920 397 1997 fruges
432 1916 854 2011 jactabant
895 1924 1132 1979 savos
1178 1937 1478 1997 quoque
1524 1931 1597 1977 et
1639 1921 1919 1980 vinum.

272 2018 669 2099 Lamponis
684 2008 908 2077 similis
952 2017 1073 2077 fuit
1104 2018 1435 2098 Diopithes
1471 2019 1919 2105 χρησμολόγος,

136 2127 318 2199 quem
359 2119 639 2179 Aminias
693 2128 754 2176 et
798 2117 1137 2176 Teleclides
1193 2128 1266 2177 ut
1320 2119 1653 2178 fanaticum
1709 2119 1920 2178 tradu-

133 2228 372 2279 xerunt.
502 2214 896 2294 Phrynichus
980 2218 1461 2298 tympanotribis
1559 2219 1922 2279 adnumerat

137 2319 335 2378 Schol.
384 2318 546 2382 Avv.
591 2318 738 2383 988..

339 2429 490 2501 Ἀνὴρ
519 2427 719 2501 χορεύει
755 2432 840 2480 καὶ
879 2430 942 2480 τὰ
978 2434 1070 2481 τοῦ
1106 2435 1237 2482 θεοῦ
1271 2431 1419 2483 καλά.

342 2513 515 2583 βούλει
551 2515 812 2581 Διοπείθη
848 2512 1162 2584 μεταὸράμω
1199 2518 1282 2567 καὶ
1321 2513 1559 2584 τύμπανα
1591 2515 1692 2585 [f];

135 2604 306 2698 cujus
349 2620 416 2677 in
443 2604 666 2698 ‘priore
709 2611 890 2678 versu
937 2635 1295 2706 expressum
1354 2617 1602 2679 videtur
1654 2619 1915 2679 latinum

132 2717 569 2801 proverbium,
641 2717 898 2778 Saltat
964 2711 1225 2790 senex,
1294 2719 1514 2779 salva
1579 2738 1701 2778 res
1764 2727 1912 2791 est,
1975 2799 1987 2804 ἱ

137 2820 301 2900 quod
347 2841 384 2881 a
429 2818 768 2880 domestico
814 2816 1082 2897 quodam
1137 2818 1298 2910 facto
1353 2828 1639 2897 repetunt
1694 2819 1914 2879 Festus

139 2939 198 2998 p.
242 2921 384 2984 476.
431 2929 494 2980 ‘et
538 2918 792 3011 Servius
836 2917 988 2977 Aen.
1036 2916 1195 2976 VIII.
1247 2918 1381 2976 llo.

259 3086 327 3143 [f]
372 3088 424 3131 τὰ
454 3093 527 3143 τῆς
557 3092 668 3134 θεοῦ
700 3087 787 3148 γὰρ
817 3091 1056 3145 πανταχῶς
1086 3090 1205 3144 ἔχειν
1236 3089 1378 3135 καλῶς
1413 3087 1612 3131 Menand.
1644 3102 1684 3145 p.
1720 3088 1813 3130 109.

802 3279 1038 3286 --w
1044 3276 1254 3284 ..-—.-—.„r-.4-
1268 3278 1274 3280 .
1280 3277 1297 3281 -

2115 163 2148 234 C
