2150 3814
821 211 1270 255 ORPHICA.
1818 198 1943 261 957

157 346 511 405 monibus
608 339 809 421 quod
894 339 1330 399 Mercurius
1429 348 1501 397 et
1589 338 1945 422 Orpheus

159 444 797 519 Jamblichusque
854 437 1137 498 docent
1189 438 1270 497 ib.
1315 439 1472 498 Enn.
1516 439 1620 499 IV.
1664 440 1734 501 L.
1781 441 1942 502 VIII.

159 567 206 604 c.
252 543 308 603 5.
351 542 496 602 475.
532 576 619 587 —-
661 539 986 619 Orphioi
1032 548 1457 599 terrestres
1501 542 1735 601 etiam
1781 541 1947 603 dae-

155 662 420 703 mones
462 639 846 701 induount
884 639 960 698 H.
1005 640 1064 699 8.
1114 638 1252 700 196.
1353 642 1423 700 In
1466 641 1596 716 his,
1640 661 1943 725 quaesu-

153 751 441 824 persunt‚
497 740 576 800 de
630 739 1005 800 daemonum
1060 739 1380 817 generibus
1435 740 1592 801 nihil
1645 742 1944 803 traditum

150 844 412 921 legimus
468 849 713 921 praeter
764 839 923 900 illud
966 839 1131 921 quod
1174 842 1241 899 in
1288 840 1678 918 Hymnorum
1721 860 1940 924 prooe-

150 946 282 1003 mio
329 944 555 1022 legitur
594 961 654 1004 v.
701 941 801 1001 32.

291 1057 566 1123 Λαῖμονας
601 1053 869 1122 οὐρανίους
902 1071 957 1103 τε
991 1052 1077 1102 καὶ
1114 1052 1364 1113 εἷναλιόυς
1396 1053 1480 1104 καὶ
1519 1050 1762 1124 ἐνύδρους

296 1142 381 1192 καὶ
416 1139 664 1206 χθονίους
702 1138 787 1190 καὶ
823 1133 1171 1202 ὑποχθονίους
1205 1135 1294 1205 ἠδ’
1332 1135 1594 1208 ἦεριφοίτο
1632 1159 1672 1201 ς.

150 1241 402 1321 Niceph.
446 1242 512 1299 in
559 1239 774 1316 Synes.
818 1258 880 1318 p.
923 1237 1070 1297 412.
1107 1238 1411 1319 Ἑλλήνων
1453 1242 1560 1303 καὶ
1600 1242 1945 1308 Χαλδαίων

152 1342 338 1425 σοφοὶ
389 1341 468 1404 τὰ
522 1339 641 1422 μὲν
698 1340 912 1403 αὐτῶν
964 1337 1490 1423 (daemoniorum)
1546 1363 1743 1425 φασιν
1786 1343 1945 1408 εἶναι

152 1443 349 1525 ἀέρια,
392 1441 471 1504 τὰ
518 1439 588 1503 δὲ
630 1440 865 1524 ὑδραῖα
907 1439 1014 1503 καὶ
1056 1437 1289 1514 ἐνάλια,
1331 1441 1410 1505 τοὶ
1456 1440 1527 1505 δὲ
1562 1441 1942 1522 χθόνιακαὶ

149 1539 521 1622 ὕποχθόνια.
609 1541 706 1600 Ex
760 1543 906 1623 ἱερῷ
966 1538 1131 1625 λόγῳ
1189 1550 1252 1600 et
1293 1540 1374 1601 H.
1418 1543 1485 1601 in
1529 1541 1668 1603 Nat.
1712 1543 1792 1604 X.
1843 1544 1940 1604 18.

150 1640 352 1701 videri
410 1650 649 1721 potest,
706 1640 874 1722 quod
926 1639 1098 1700 idem
1156 1640 1412 1701 Ficinus
1457 1643 1649 1702 affert.
1673 1645 1740 1702 in
1782 1645 1939 1705 Enn.

150 1742 252 1801 IV.
300 1743 369 1801 L.
422 1741 526 1801 IV.
560 1738 682 1800 25.
737 1741 905 1801 419..
942 1740 1295 1819 Orpheus
1339 1751 1699 1802 naturam
1733 1763 1943 1804 mun-

151 1842 590 1921 danumque
644 1838 915 1900 Jovem
971 1859 1258 1900 marem
1316 1842 1691 1922 appellat.
1815 1844 1941 1904 Sed

147 1945 600 2021 incompertum
651 1940 818 2000 unde
850 1941 981 2000 >illa
1034 1942 1101 1999 in
1147 1936 1387 2001 Comm.
1430 1945 1498 2001 in
1542 1943 1695 2004 Plat.
1744 1942 1938 2005 Conv.

151 2042 253 2102 Or.
310 2042 413 2100 Vl.
473 2061 521 2099 e.
571 2040 667 2100 17.
720 2047 782 2120 p.
830 2041 1012 2100 1353.
1098 2039 1378 2101 Anima
1418 2044 1533 2102 ita
1578 2063 1941 2126 corpora-

151 2143 252 2202 lis
326 2142 628 2202 formae
696 2139 1119 2200 blanditiis
1191 2139 1581 2202 delinitur
1635 2155 1718 2224 ut
1772 2166 1941 2226 pro-

151 2244 397 2323 priam
451 2240 934 2321 posthabeat
1006 2241 1347 2319 speciem
1389 2276 1476 2288 -
1531 2241 1732 2302 Hinc
1788 2264 1940 2305 cru-

150 2341 641 2401 delissimum
716 2338 923 2398 illud
999 2339 1204 2419 apud
1284 2338 1670 2420 Orpheum
1702 2392 1709 2396 .
1745 2345 1948 2406 Nar-.,

150 2442 343 2501 cissi
387 2440 650 2498 fatum.
719 2439 803 2497 Et
846 2437 950 2497 Or.
994 2439 1070 2497 Π.
1116 2459 1164 2498 c.
1209 2439 1268 2498 8.
1319 2438 1499 2498 1327.
1584 2441 1938 2506 Amorem

148 2542 367 2601 Plato
423 2558 581 2598 rem
636 2538 970 2598 amaram
1020 2547 1258 2598 ,vocat
1300 2575 1385 2584 -
1428 2540 1634 2602 hunc
1693 2553 1767 2604 et
1813 2546 1938 2607 Or-

145 2641 389 2722 pheus
424 2635 876 2725 4γλυκύπικρον
941 2640 1314 2698 nominat.
1375 2676 1461 2686 —-
1530 2642 1816 2724 Append.
1872 2650 1938 2707 in

68 2807 74 2812 .
148 2741 306 2801 Tim.
363 2760 411 2799 c.
468 2739 570 2799 23.
631 2739 811 2799 1469.
878 2741 1199 2799 numina
1265 2741 1640 2819 quaedam
1711 2764 1938 2826 aqua-

150 2843 309 2901 tica
354 2838 708 2919 Orpheus
750 2841 990 2914 eanit3
1033 2840 1295 2900 fortasse
1339 2857 1414 2902 ex
1456 2841 1716 2918 hymnis.
1746 2850 1937 2909 mari-

145 2941 259 3000 nis.
302 2939 401 2999 De
440 2941 713 3001 immort.
757 2940 940 2999 anim.
984 2939 1053 2999 L.
1100 2939 1260 2999 VIII.
1312 2941 1405 3000 13.
1456 2941 1593 3002 197.
1652 2949 1934 3028 utpla-

150 3049 268 3099 cet
333 3038 691 3119 Orphicis
760 3050 834 3100 et
889 3040 1348 3113 Heraclito,
1420 3041 1676 3105 lumen
1730 3049 1933 3109 nihil

152 3138 368 3199 aliud
436 3148 555 3198 est
621 3158 840 3219 quam
898 3141 1273 3202 ,visibilis
1343 3144 1934 3219 anima,„anima

152 3256 331 3298 vero
377 3239 530 3299 lux
604 3240 1075 3303 invisibilis.
1185 3240 1339 3300 Ibid.
1408 3242 1571 3305 XVI.
1633 3247 1726 3307 10.
1786 3249 1928 3310 322.

150 3337 292 3396 alii
326 3339 814 3417 pythagoreo
843 3343 1003 3402 ritu
1039 3352 1368 3420 purgant
1399 3362 1536 3424 per
1570 3350 1929 3423 morales,
