2150 3814
218 215 381 277 1074
773 228 995 271 LIBER
1035 226 1442 270 SECUNDUS.

218 361 348 435 mi,
393 364 782 425 πλακοῦντες
829 353 1058 414 Anecd.
1103 353 1293 422 Bekk.
1337 374 1396 434 p.
1443 351 1584 412 303.
1647 351 1882 433 addunt
1921 355 1992 417 τὸ

217 459 471 541 πλάσμα
536 452 856 538 στρεπτόν.
915 452 1319 512 Schneiderus
1377 451 1459 512 ad
1504 449 1637 511 Cat.
1682 473 1730 511 c.
1772 453 1874 511 77.
1919 455 1998 511 si-

217 562 396 620 miles
457 558 640 636 spiris
684 554 875 612 fuisse
917 561 1127 631 putat,
1171 569 1427 630 quarum
1470 551 1766 611 fabricam
1809 549 2001 610 tradit

220 659 404 732 Cat03
461 654 770 715 scriblitae
820 671 1052 711 nomen
1092 650 1367 710 indidem
1412 651 1695 713 derivant
1740 650 1998 711 Scheffe-

215 778 318 818 rus
366 756 443 816 de
487 755 669 835 Torq.
714 774 762 812 c.
805 753 881 811 Π.
939 761 1004 811 et
1041 751 1343 810 Funccius
1389 749 1466 808 de
1507 751 1788 812 Adolesc.
1830 751 2002 827 Ling.

217 859 350 917 Lat.
393 876 454 935 p.
499 855 641 914 246.
698 834 874 933 quasi
930 869 1044 931 pro
1091 850 1357 910 striblita
1399 849 1662 924 dictum,
1715 860 1784 910 ut
1826 851 2003 910 stri-

216 958 428 1034 bligo
487 965 549 1014 et
601 952 1035 1025 strebulus;
1094 961 1155 1009 et
1197 968 1527 1030 possumus
1570 950 1752 1030 plura
1794 958 2004 1007 rotun-

218 1057 436 1116 darum
502 1065 563 1113 et
627 1062 928 1112 tertarum
985 1051 1407 1131 placentarum
1464 1068 1685 1126 genera
1737 1049 1856 1108 huc
1908 1067 2003 1132 re·

218 1157 404 1215 ferre:
469 1155 775 1236 Στρέμμα
831 1152 993 1221 εἶδος
1050 1159 1433 1217 πλακοῦντος
1487 1147 1757 1226 Hesych.
1801 1145 2007 1229 Στρό-

217 1259 383 1337 βιλοι
457 1256 516 1315 οἱ
582 1249 984 1330 ἐπιθυόμενοι
1051 1253 1225 1320 θεοῖς
1300 1247 1530 1310 Anecd.
1601 1248 1791 1308 Bekk.
1861 1247 2004 1306 302.

218 1353 623 1434 Ὂλοοίτροπα
677 1350 847 1428 παρὰ
895 1348 1153 1418 Ῥοδίοις
1196 1350 1367 1440 ἑπτοὶι
1394 1348 1635 1428 (λεπτοὶ)
1679 1346 2007 1429 πλάσματα

219 1459 303 1522 εἰς
357 1451 599 1515 θυσίαν
651 1447 918 1524 Hesych.
975 1465 1131 1526 quae
1189 1447 1596 1506 Schneiderus
1651 1445 1734 1506 ad
1775 1446 2004 1523 Argon.

218 1552 362 1612 960.
410 1569 545 1609 cum
594 1547 827 1627 Orphei
870 1546 1351 1627 οὖλοπλοὲσματα
1390 1547 1643 1620 confert,
1688 1545 1841 1604 disci
1882 1544 2008 1604 for·-

218 1671 357 1711 mae
387 1650 660 1709 similia.
761 1647 919 1705 Tum
976 1647 1086 1705 illa
1140 1652 1333 1730 φθοῖς
1375 1647 1624 1728 τροχία,
1669 1664 1853 1726 quam
1896 1645 2009 1704 ali-

185 1732 357 1828 μ(Ῑιιίε,
426 1751 492 1806 in
544 1746 787 1806 Addaei
841 1747 1049 1824 Epigr.
1094 1748 1139 1807 I.
1188 1745 1422 1828 24l.[†]
1483 1767 1619 1807 cum
1679 1747 1818 1821 aliis
1873 1763 2009 1804 mu-

220 1847 490 1907 nusculis
550 1844 757 1905 Cereri
813 1846 987 1904 affert
1044 1854 1106 1903 et
1151 1845 1375 1905 Suidas
1417 1850 1853 1925 interpretatur
1894 1846 2011 1904 hoc

220 1946 441 2006 modo:
500 1948 686 2007 ἔστιν.
718 1946 919 2025 ὄνομα
971 1954 1388 2018 πλακοῦντος,
1446 1948 1738 2028 πέμματα
1795 1946 1836 2007 ἃ
1879 1950 2008 2013 τοῖς

220 2052 392 2115 θεοῖς
447 2045 606 2126 μετὰ
661 2050 789 2104 τῶν
836 2041 1210 2128 σπλάγχνων
1256 2048 1487 2118 ἔθυον,
1533 2045 1756 2104 deinde
1800 2046 1832 2106 ὃ
1881 2049 2008 2107 ἐπι-

219 2146 463 2213 κύκλιος
507 2142 826 2222 placentae
871 2139 1293 2217 Syracusanae
1351 2162 1539 2220 genus
1583 2144 1804 2203 Athen.
1847 2143 2009 2203 XIV.

220 2244 364 2305 645.
422 2244 493 2302 E.
564 2243 825 2300 fortasse
887 2242 1076 2301 etiam
1135 2243 1356 2324 ἄμαξίς
1410 2246 1571 2315 εἶδος
1628 2245 2010 2314 πλακοῦντος

219 2347 301 2423 ἢν
357 2340 592 2422 κοπτήν
650 2365 807 2423 φασι
863 2342 1078 2401 Zonar.
1137 2363 1197 2423 p.
1263 2345 1399 2404 148.
1468 2356 1532 2405 et
1587 2346 2007 2405 Romanorum

220 2445 558 2522 spaeritae‚
615 2451 813 2499 tortae
828 2442 903 2521 [Χ]
963 2455 1024 2501 et
1079 2444 1304 2502 circuli.
1389 2432 1612 2505 Festus
1654 2466 1714 2525 p.
1761 2445 1861 2503 36.
1904 2461 2010 2504 ar-

223 2543 486 2627 culata
543 2539 1011 2599 dicebantur
1065 2543 1378 2616 circuli,
1437 2547 1565 2623 qui
1623 2563 1709 2604 ex
1751 2544 2010 2604 farina

342 2782 428 2838 [†]
474 2785 622 2830 Φθοῖς
663 2795 746 2838 quo
791 2782 913 2823 modo
951 2788 1212 2839 apparetur,
1255 2785 1382 2828 (locet
1421 2785 1566 2842 Etym.
1612 2786 1674 2829 M.
1711 2785 1812 2829 793.
1851 2784 1891 2828 5.
1932 2783 2007 2827 ubi

223 2840 383 2896 legitur
415 2840 697 2896 imperativus
739 2841 979 2897 ἰπίβαλον,
1022 2856 1145 2897 quem
1185 2845 1345 2886 notatis
1386 2845 1442 2886 ad
1481 2845 1642 2900 Pbryn.
1681 2858 1722 2901 p.
1763 2843 1863 2887 348.
1907 2843 2007 2886 addi

223 2899 363 2941 velim.
394 2895 617 2956 ε’Υφειλον
648 2900 811 2940 aufer
840 2900 981 2942 Isaac.
1015 2901 1133 2943 Mon.
1171 2902 1369 2959 Comput.
1402 2915 1441 2959 p.
1474 2903 1575 2945 386.
1606 2903 1660 2945 D.
1692 2902 1791 2945 387.
1822 2903 1874 2945 Β.
1906 2901 2004 2944 388.

224 2958 277 3000 Ε.
316 2964 361 2999 et
389 2958 584 2999 Andreas
613 2958 785 3002 Hieros,
819 2958 1012 3000 Method.
1042 2975 1085 3016 p.
1118 2958 1216 3002 393.
1248 2969 1293 3004 et
1320 2961 1421 3004 394.
1453 2958 1595 3016 βάλον
1637 2962 1801 3018 Opusc.
1841 2960 1896 3003 de
1928 2974 2004 3002 au-

224 3030 300 3058 rea
329 3015 479 3073 script.
508 3016 554 3058 in
582 3015 757 3058 Fabric.
787 3017 901 3059 Bibl.
945 3018 1000 3059 T.
1030 3018 1133 3062 XII.
1165 3019 1266 3063 772.

262 3185 273 3196 ι
342 3128 412 3186 [x]
458 3130 612 3173 Isidor.
640 3129 695 3172 L.
727 3132 851 3175 VIII.
885 3148 922 3176 c.
950 3133 994 3178 2.
1035 3135 1198 3191 panis
1236 3136 1359 3178 oleo
1407 3149 1754 3192 conspersus
1797 3135 1852 3177 in
1894 3149 2006 3179 me-

223 3187 640 3257 dio-copcavus
683 3194 738 3232 et
780 3196 993 3245 tortus,
1037 3194 1177 3236 haec
1219 3201 1306 3237 est
1344 3200 1503 3237 torta
1546 3194 1723 3251 panis.
1796 3193 2006 3236 Similiter

222 3250 454 3303 participia
492 3247 725 3301 intrita,
766 3252 1014 3303 offensa,
1045 3253 1302 3309 repulsa,
1334 3255 1519 3306 fossa,
1548 3253 1828 3310 impensa,
1869 3253 2001 3295 sub—

225 3318 380 3347 sessa
423 3319 474 3347 ac
514 3308 699 3350 fortasse
740 3307 982 3352 deducta
1025 3323 1194 3367 quoque
1238 3318 1283 3355 et
1324 3312 1577 3363 inserta,
1640 3310 1999 3354 substantivorum

226 3363 347 3405 modo
378 3369 647 3420 usurpantur.
