2150 3814
790 215 1364 325 sAMo'rnnAclA.
1811 222 1969 284 llll

934 460 1329 523 cani·

610 609 755 668 De
868 607 1552 669 Curetibus,

986 808 1040 891 ξ.
1131 808 1185 868 1.

350 955 720 1038 Quanquam
785 957 927 1018 loca
989 954 1471 1035 disjunctissima
1537 955 1981 1037 hominumque

184 1076 408 1137 genera
448 1059 631 1136 longe
671 1056 949 1131 diversa,
1005 1054 1275 1129 Cures,
1322 1053 1590 1129 Curia,
1637 1051 1981 1130 Curium,

186 1155 600 1238 Curiones,
640 1156 864 1219 eodem
904 1155 1093 1218 modo
1139 1164 1364 1219 vocata
1404 1166 1579 1229 sunt,
1623 1164 1832 1217 tamen
1874 1175 1982 1219 ve-

185 1266 385 1319 terum
428 1257 712 1318 nonnulli
753 1256 909 1319 nihil
952 1256 1314 1319 dubitarunt
1327 1301 1346 1331 ,
1390 1253 1649 1319 Curetes
1689 1255 1983 1329 Euboeos

182 1357 618 1440 Aetolicosqne
671 1367 734 1419 et
786 1360 949 1421 inter
1003 1377 1072 1421 se
1128 1368 1192 1420 et
1233 1376 1374 1421 eum
1418 1354 1813 1419 Cretensibus
1855 1374 1983 1418 non

182 1460 453 1521 nominis
518 1458 726 1521 solum
791 1459 904 1522 sed
972 1449 1164 1522 etiam
1222 1462 1462 1539 generis
1516 1460 1985 1542 propinquitate

186 1577 499 1622 connexos
541 1579 695 1622 esse.
778 1561 910 1624 Nos
959 1579 1112 1624 vero
1156 1562 1494 1623 consultius
1535 1558 1727 1640 nobis
1759 1546 1984 1620 facturi

186 1659 475 1722 videmur
543 1662 599 1722 si
657 1659 932 1725 Creticus
999 1663 1143 1723 illos
1159 1706 1176 1736 ‚
1238 1665 1346 1743 qui
1398 1672 1543 1724 ante
1596 1658 1825 1723 Iovem
1879 1660 1985 1722 vel

187 1779 326 1822 cum
379 1759 543 1824 Jove
595 1763 730 1823 nati
784 1765 1022 1844 totique
1074 1762 1305 1841 fabulis
1359 1763 1632 1825 involuti
1684 1772 1861 1835 sunt,
1905 1760 1983 1821 ab

184 1862 455 1942 antiquis
524 1861 848 1924 Pleuronis
912 1862 1133 1924 incolis
1147 1906 1166 1937 ‚
1242 1861 1610 1944 quibuscum
1678 1861 1987 1940 Meleager

184 1959 591 2040 belligeravit,
635 1971 699 2022 et
738 1963 864 2024 loci
906 1971 971 2024 et
1011 1971 1270 2025 naturae
1314 1962 1679 2036 diversitate
1712 1981 1987 2042 segrege-

183 2079 354 2136 mus,
405 2060 838 2125 Euboensibus
891 2066 960 2126 in
1013 2066 1278 2126 confinio
1325 2065 1639 2127 collocatis
1683 2071 1983 2146 tanquam

186 2179 266 2221 ex
318 2170 584 2242 utroque
637 2182 859 2242 genere
900 2167 1113 2227 mixtis
1159 2175 1255 2240 et,
1309 2175 1382 2226 ut
1421 2167 1515 2227 ita
1558 2164 1826 2251 dicam„
1848 2184 1987 2242 my-

186 2259 539 2323 thistoricis.
623 2253 806 2326 Hanc
848 2267 1020 2328 viam
1063 2266 1244 2328 nobis
1287 2266 1503 2327 Pletho
1547 2266 1819 2348 praeivit
1860 2264 1985 2324 Ex-

190 2370 377 2440 cerpt.
431 2381 494 2443 p.
538 2363 683 2425 611..
739 2368 806 2427 in
862 2366 1105 2430 Aretini
1156 2367 1344 2428 Beitr.
1390 2385 1444 2427 z.
1491 2367 1708 2427 Gesch.
1752 2385 1811 2425 n.
1855 2365 1986 2426 Lit-

190 2468 302 2521 ter.
331 2460 415 2523 Τ.
451 2462 614 2525 Vm.
668 2475 985 2551 Κουρῆτες
1020 2467 1333 2553 μάλιστα
1331 2467 1444 2532 αὲν
1477 2471 1545 2532 ἐν
1577 2465 1789 2551 Κρήτῃ
1826 2467 1985 2530 ὠνο-

189 2558 539 2643 μάσθησαν
580 2602 665 2611 -·
707 2567 866 2650 μετὰ
909 2567 980 2632 δὲ
1025 2572 1092 2633 ἐν
1135 2567 1400 2651 Εὐβοίᾳ.
1457 2568 1607 2632 Ἀλλ’
1654 2563 1827 2632 οὗτοι
1869 2591 1988 2650 μεν

190 2661 538 2748 ἀμφότεροι
590 2668 745 2752 ἱεροί
797 2693 864 2733 τε
918 2669 1082 2753 ὁμοῦ
1135 2669 1243 2733 καὶ
1298 2671 1544 2733 ἔνοπλοι
1584 2668 1691 2733 καὶ
1735 2670 1986 2747 αὐλητι-

189 2763 290 2826 κοὶ
329 2766 439 2828 καὶ
477 2770 903 2847 τυμπανισταὶ
942 2770 1050 2834 καὶ
1092 2769 1407 2854 ὀρχησταί.
1440 2771 1669 2840 ’Άλλως
1713 2768 1782 2834 δὲ·
1816 2776 1985 2833 Κου-

194 2871 371 2946 ρῆτες
389 2862 462 2947 [¹²]
511 2867 912 2953 ὠνομάζοντο
969 2872 1076 2935 καὶ
1119 2874 1178 2935 οἱ
1222 2874 1290 2935 ἐν
1331 2870 1611 2953 Αἰτωλίᾳ
1621 2916 1643 2944 ,
1705 2867 1825 2953 πρὸ
1870 2866 1988 2950 μὲν

196 2971 311 3028 τοῦ
352 2966 642 3035 Αἲτώλου
698 2973 806 3035 καὶ
857 2980 987 3039 πᾶν
1042 2973 1114 3037 τὸ
1174 2974 1396 3046 ἔθνος,
1451 2971 1609 3055 μετὰ
1664 2968 1734 3033 δὲ
1776 2974 1986 3034 Αἴτιο-

194 3071 305 3129 λον
360 3069 419 3129 οἱ
469 3071 609 3156 περὶ
651 3072 1004 3159 Πλευρῶνά
1057 3099 1122 3138 τε
1166 3073 1272 3137 καὶ
1313 3072 1428 3153 τὴν
1471 3072 1831 3152 ἐπίκτητον,
1876 3070 1982 3153 qui

194 3165 331 3246 ipse
383 3167 601 3234 duoem
655 3184 950 3257 sequutus
994 3186 1088 3238 est
1134 3172 1520 3236 Strabonem.
1608 3173 1669 3234 Is
1714 3173 1878 3234 enim
1922 3191 1983 3254 p.

319 3335 393 3395 [ὴ]
442 3340 509 3384 De
538 3349 740 3390 accentus
768 3349 1058 3393 mutabilitate
1089 3361 1200 3405 quae
1231 3345 1514 3390 Grammatici
1543 3346 1836 3403 praecipiunt,
1884 3348 1984 3387 nota

200 3400 328 3448 sunt3
369 3410 460 3451 nos,
493 3412 615 3456 quem
647 3419 815 3463 quoque
847 3408 915 3451 loc
892 3422 941 3451 co
973 3409 1071 3451 ienv
1049 3407 1283 3456 emnerimu
1324 3404 1612 3449 retinebimus.
