2184 3840
250 236 375 300 834
773 242 1005 287 moun
1050 240 1477 286 SECUNDUS.

455 375 544 443 Δὴ
578 370 692 424 τότε
721 390 812 438 ,μιν
847 367 1130 432 κλάζουσαν
1165 366 1495 439 ὑπερφιάλοις
1531 369 1724 421 {ufto-'m

460 457 712 527 Δημήτηρ
751 451 996 521 ἀμάθυνε

255 591 509 656 quorum
578 570 699 628 duo
765 574 1076 647 postrema
1147 566 1335 626 verba
1393 565 1736 647 supplendo
1794 560 2028 644 Orphei

255 674 604 734 testimonio
644 664 928 727 adhiberi
970 673 1245 744 possunt.
1287 666 1551 729 ⁴Fabula
1592 665 1731 746 ipsa
1775 667 2029 742 conjun-

257 782 352 834 cta
395 781 486 831 est
527 785 663 827 cum
709 764 1000 840 religione
1043 765 1225 841 hujus
1269 765 1543 844 plantae:
1588 768 1920 846 ἀπέχονται
1966 767 2030 826 ἐν

260 875 348 942 οἷς
407 869 517 931 mlv
572 866 754 947 ἱεροῖς
806 863 1069 944 μίνθης,
1128 867 1192 926 ἐν
1252 865 1342 934 οἷς
1386 860 1455 926 δὲ
1499 864 1821 974 ἡδυόσμου
1867 860 2031 922 Sext.

261 969 426 1049 Hyp.
469 967 572 1027 ΠΙ
616 962 907 1024 24.184.

958 1242 1365 1307 CARVHI.

620 1379 1076 1471 Orphei
1155 1385 1700 1468 symbola.

437 1564 507 1621 In
550 1563 753 1640 primo
798 1559 988 1630 libro,
1048 1561 1152 1637 qui
1197 1569 1288 1618 est
1331 1560 1409 1618 de
1451 1562 1761 1636 mysteriis
1807 1559 2039 1618 Eleusi-

271 1663 418 1734 niis,
479 1661 746 1721 breviter
802 1654 976 1735 attigi
1021 1655 1355 1718 Clementis
1398 1659 1802 1718 Alexandrini
1845 1659 2045 1716 loc-um

274 1763 499 1849 Strom.
558 1759 630 1817 V.
675 1756 818 1817 231.
862 1776 949 1837 sq.
997 1760 1299 1831 omnium,
1360 1777 1515 1837 quae
1572 1759 1649 1817 de
1705 1753 2045 1835 symbolico

274 1857 576 1920 scribendi
642 1872 856 1934 genere
924 1871 962 1915 a
1028 1854 1340 1918 veteribus
1392 1849 1557 1918 dicta
1611 1868 1785 1930 sunt,
1872 1857 2050 1934 longe

275 1958 667 2020 uberrimum.
730 1956 852 2016 Hic
891 1965 1079 2035 quum
1122 1957 1192 2038 in
1231 1959 1533 2038 principio
1579 1959 1797 2036 longae
1840 1957 2050 2038 dispu—

280 2058 529 2119 tationis
597 2064 1039 2130 asseverasset,
1103 2054 1591 2136 sapientissimos
1655 2074 1931 2138 quosque
1988 2066 2051 2115 et

281 2159 652 2217 Graecorum
697 2163 759 2212 et
799 2155 1198 2215 barbarorum
1243 2161 1571 2218 sententias
1615 2172 1776 2231 suas,
1819 2177 1897 2217 ne
1930 2157 2053 2216 cui-

281 2259 379 2319 vis
446 2256 866 2332 clarescerent,
934 2256 1139 2333 figuris
1201 2265 1262 2315 et
1315 2258 1624 2336 allegoriis
1677 2258 2053 2338 implicuisse

281 2355 790 2427 multiformibus,
845 2354 912 2413 id
963 2368 1185 2433 magna
1238 2358 1659 2438 exemplorum
1714 2359 1894 2437 copia
1947 2369 2055 2437 ap-

283 2456 548 2536 probare
591 2453 952 2531 aggreditur.
1023 2462 1326 2528 Τοιαῦτα,
1369 2458 1598 2537 inquit,
1642 2459 1784 2538 παρ’
1811 2456 2054 2535 Ἕλληοι

285 2556 365 2618 τὰ
428 2560 689 2636 μαντεῖα
746 2590 828 2598 -
887 2550 1016 2615 καὶί
1055 2549 1187 2616 τῶν
1249 2564 1468 2637 ’σοφῶν
1520 2558 1920 2639 καλουμένων
1974 2554 2053 2616 τά

288 2655 748 2739 ἀποφθέγματα
813 2653 1045 2738 ὀλίγαις
1110 2654 1295 2724 λέξεσι
1360 2656 1639 2736 μείζονος
1692 2654 2056 2740 πράγματος

286 2752 558 2832 δήλωσιν
612 2751 893 2834 ἐμφαίνει
949 2788 1032 2796 -—
1087 2754 1192 2814 καὶ
1235 2756 1293 2815 οἱ
1333 2755 1503 2837 παρὰ
1546 2763 1675 2819 τῶν
1716 2762 2056 2837 προφητῶν

287 2852 720 2937 δεδιδαγμένοι
773 2852 1018 2931 ποιηταὶ
1071 2852 1151 2914 δι’
1204 2853 1499 2924 ὑπονοίας
1552 2856 1743 2918 πολλὰ
1806 2861 2056 2936 φιλοσο-

291 2957 502 3031 φοῦσι,
544 2951 657 3014 τὸν
683 2952 912 3034 Ὀρφέα
946 2953 1119 3037 λέγω,
1162 2952 1275 3016 τὸν
1298 2955 1520 3027 Λίνον,
1563 2955 1676 3017 τὸν
1697 2959 2055 3024 Μουσαῖον,

289 3049 571 3130 Όμηρον
627 3051 730 3112 καὶ
778 3051 1090 3115 Ἡσίοδον·
1151 3052 1370 3131 quibus
1413 3053 1681 3114 adnectit
1721 3035 2056 3131 Aegyptio-

288 3164 426 3205 rum
477 3148 763 3224 symbola
818 3163 879 3210 et
934 3150 1300 3228 Scytharum
1343 3168 1702 3233 responsum
1748 3149 2059 3231 quoddam

286 3245 608 3322 figuratum
665 3260 846 3329 atque
903 3249 1056 3310 adeo
1099 3251 1308 3310 literas
1351 3252 1652 3331 Ephesias
1691 3250 1773 3310 ab
1816 3249 2057 3310 Andro-

289 3342 441 3419 cyde
495 3345 875 3425 Pythagoreo
934 3341 1296 3445 explicatas;
1344 3350 1566 3410 deinde
1610 3353 1697 3410 sic
1740 3360 2055 3427 argumen-
