<?xml version="1.0" encoding="UTF-8"?>
<!DOCTYPE html PUBLIC "-//W3C//DTD XHTML 1.0 Transitional//EN"
    "http://www.w3.org/TR/xhtml1/DTD/xhtml1-transitional.dtd">
<html xmlns="http://www.w3.org/1999/xhtml" xml:lang="en" lang="en">
 <head>
  <title>
</title>
<meta http-equiv="Content-Type" content="text/html;charset=utf-8" />
  <meta name='ocr-system' content='tesseract 3.04.00' />
  <meta name='ocr-capabilities' content='ocr_page ocr_carea ocr_par ocr_line ocrx_word'/>
</head>
<body>
  <div class='ocr_page' id='page_1' title='image "./aglaophamussived02lobeuoft_0476.png"; bbox 0 0 2150 3814; ppageno 0'>
   <div class='ocr_carea' id='block_1_1' title="bbox 201 210 1411 276">
    <p class='ocr_par' dir='ltr' id='par_1_1' title="bbox 201 210 1411 276">
     <span class='ocr_line' id='line_1_1' title="bbox 201 210 1411 276; baseline -0.01 0"><span class='ocrx_word' id='word_1_1' title='bbox 201 210 367 276; x_wconf 82' lang='lat'>1252</span> <span class='ocrx_word' id='word_1_2' title='bbox 783 220 1008 266; x_wconf 82' lang='lat' dir='ltr'><strong>LIBER</strong></span> <span class='ocrx_word' id='word_1_3' title='bbox 1059 218 1411 264; x_wconf 75' lang='lat' dir='ltr'>TERTIUS.</span> 
     </span>
    </p>
   </div>
   <div class='ocr_carea' id='block_1_2' title="bbox 135 351 2032 2525">
    <p class='ocr_par' dir='ltr' id='par_1_2' title="bbox 135 351 2032 2525">
     <span class='ocr_line' id='line_1_2' title="bbox 200 351 1990 433; baseline -0.004 -14"><span class='ocrx_word' id='word_1_4' title='bbox 200 375 559 419; x_wconf 88' lang='lat' dir='ltr'><strong>concurrere</strong></span> <span class='ocrx_word' id='word_1_5' title='bbox 613 352 934 426; x_wconf 88' lang='lat' dir='ltr'><strong>videntur,</strong></span> <span class='ocrx_word' id='word_1_6' title='bbox 1009 371 1166 433; x_wconf 85' lang='lat' dir='ltr'><strong>quae</strong></span> <span class='ocrx_word' id='word_1_7' title='bbox 1210 354 1264 411; x_wconf 90' lang='lat' dir='ltr'><strong>si</strong></span> <span class='ocrx_word' id='word_1_8' title='bbox 1307 352 1632 414; x_wconf 78' lang='lat' dir='ltr'><strong>revolvere</strong></span> <span class='ocrx_word' id='word_1_9' title='bbox 1675 368 1868 430; x_wconf 89' lang='lat' dir='ltr'><strong>usque</strong></span> <span class='ocrx_word' id='word_1_10' title='bbox 1911 351 1990 411; x_wconf 91' lang='lat' dir='ltr'><strong>ad</strong></span> 
     </span>
     <span class='ocr_line' id='line_1_3' title="bbox 200 451 1994 532; baseline -0.005 -13"><span class='ocrx_word' id='word_1_11' title='bbox 200 457 486 528; x_wconf 86' lang='lat' dir='ltr'><strong>exordia,</strong></span> <span class='ocrx_word' id='word_1_12' title='bbox 531 455 586 514; x_wconf 88' lang='lat' dir='ltr'><strong>si</strong></span> <span class='ocrx_word' id='word_1_13' title='bbox 630 473 819 513; x_wconf 90' lang='lat' dir='ltr'><strong>unum</strong></span> <span class='ocrx_word' id='word_1_14' title='bbox 863 453 1047 512; x_wconf 85' lang='lat' dir='ltr'><strong>illum</strong></span> <span class='ocrx_word' id='word_1_15' title='bbox 1084 451 1448 532; x_wconf 87' lang='lat' dir='ltr'><strong>Methapum</strong></span> <span class='ocrx_word' id='word_1_16' title='bbox 1494 473 1528 512; x_wconf 95' lang='lat' dir='ltr'><strong>e</strong></span> <span class='ocrx_word' id='word_1_17' title='bbox 1569 451 1824 511; x_wconf 85' lang='lat' dir='ltr'><strong>latebris</strong></span> <span class='ocrx_word' id='word_1_18' title='bbox 1867 452 1994 511; x_wconf 88' lang='lat' dir='ltr'><strong>suis</strong></span> 
     </span>
     <span class='ocr_line' id='line_1_4' title="bbox 201 550 1999 638; baseline -0.005 -19"><span class='ocrx_word' id='word_1_19' title='bbox 201 578 415 619; x_wconf 89' lang='lat' dir='ltr'><strong>eruere</strong></span> <span class='ocrx_word' id='word_1_20' title='bbox 458 573 802 635; x_wconf 82' lang='lat' dir='ltr'><strong>possemuS‚</strong></span> <span class='ocrx_word' id='word_1_21' title='bbox 845 554 1112 613; x_wconf 89' lang='lat' dir='ltr'><strong>fortasse</strong></span> <span class='ocrx_word' id='word_1_22' title='bbox 1154 554 1345 613; x_wconf 88' lang='lat' dir='ltr'><strong>totius</strong></span> <span class='ocrx_word' id='word_1_23' title='bbox 1380 554 1585 638; x_wconf 87' lang='lat' dir='ltr'><strong>operis</strong></span> <span class='ocrx_word' id='word_1_24' title='bbox 1614 550 1999 618; x_wconf 73' lang='lat' dir='ltr'><strong>vclandestina</strong></span> 
     </span>
     <span class='ocr_line' id='line_1_5' title="bbox 200 653 1998 734; baseline -0.003 -16"><span class='ocrx_word' id='word_1_25' title='bbox 200 658 438 719; x_wconf 87' lang='lat' dir='ltr'><strong>fabrica</strong></span> <span class='ocrx_word' id='word_1_26' title='bbox 491 665 554 714; x_wconf 89' lang='lat' dir='ltr'><strong>et</strong></span> <span class='ocrx_word' id='word_1_27' title='bbox 595 653 1079 732; x_wconf 88' lang='lat' dir='ltr'><strong>Lycomidarum</strong></span> <span class='ocrx_word' id='word_1_28' title='bbox 1134 672 1272 713; x_wconf 91' lang='lat' dir='ltr'><strong>cum</strong></span> <span class='ocrx_word' id='word_1_29' title='bbox 1319 653 1566 734; x_wconf 89' lang='lat' dir='ltr'><strong>Orpheo</strong></span> <span class='ocrx_word' id='word_1_30' title='bbox 1612 662 1676 713; x_wconf 90' lang='lat' dir='ltr'><strong>et</strong></span> <span class='ocrx_word' id='word_1_31' title='bbox 1719 671 1858 713; x_wconf 92' lang='lat' dir='ltr'><strong>cum</strong></span> <span class='ocrx_word' id='word_1_32' title='bbox 1901 670 1998 713; x_wconf 84' lang='lat' dir='ltr'><strong>sa·-</strong></span> 
     </span>
     <span class='ocr_line' id='line_1_6' title="bbox 204 747 1999 821; baseline -0.002 -4"><span class='ocrx_word' id='word_1_33' title='bbox 204 775 449 817; x_wconf 89' lang='lat' dir='ltr'><strong>crorum</strong></span> <span class='ocrx_word' id='word_1_34' title='bbox 520 752 982 816; x_wconf 88' lang='lat' dir='ltr'><strong>Cabiriacorum</strong></span> <span class='ocrx_word' id='word_1_35' title='bbox 1052 763 1115 813; x_wconf 91' lang='lat' dir='ltr'><strong>et</strong></span> <span class='ocrx_word' id='word_1_36' title='bbox 1171 751 1539 821; x_wconf 12' lang='lat' dir='ltr'><strong>Cerealiuml</strong></span> <span class='ocrx_word' id='word_1_37' title='bbox 1578 747 1999 814; x_wconf 81' lang='lat' dir='ltr'><strong>conditoribus</strong></span> 
     </span>
     <span class='ocr_line' id='line_1_7' title="bbox 204 851 2001 938; baseline -0.003 -20"><span class='ocrx_word' id='word_1_38' title='bbox 204 851 577 938; x_wconf 77' lang='lat' dir='ltr'><strong>conspiratio</strong></span> <span class='ocrx_word' id='word_1_39' title='bbox 624 853 1202 937; x_wconf 84' lang='lat' dir='ltr'><strong>deprehenderetur.</strong></span> <span class='ocrx_word' id='word_1_40' title='bbox 1274 854 1451 915; x_wconf 92' lang='lat' dir='ltr'><strong>Nunc</strong></span> <span class='ocrx_word' id='word_1_41' title='bbox 1494 853 1744 934; x_wconf 89' lang='lat' dir='ltr'><strong>quidem</strong></span> <span class='ocrx_word' id='word_1_42' title='bbox 1788 872 2001 913; x_wconf 87' lang='lat' dir='ltr'><strong>eore-</strong></span> 
     </span>
     <span class='ocr_line' id='line_1_8' title="bbox 188 946 2004 1035; baseline -0.003 -18"><span class='ocrx_word' id='word_1_43' title='bbox 188 946 368 1018; x_wconf 64' lang='lat' dir='ltr'><strong>&#39;dacti</strong></span> <span class='ocrx_word' id='word_1_44' title='bbox 410 976 655 1031; x_wconf 65' lang='lat' dir='ltr'><strong>summ,</strong></span> <span class='ocrx_word' id='word_1_45' title='bbox 709 967 782 1016; x_wconf 91' lang='lat' dir='ltr'><strong>ut</strong></span> <span class='ocrx_word' id='word_1_46' title='bbox 823 957 1252 1020; x_wconf 83' lang='lat' dir='ltr'><strong>testimonium</strong></span> <span class='ocrx_word' id='word_1_47' title='bbox 1297 955 1378 1015; x_wconf 91' lang='lat' dir='ltr'><strong>ad</strong></span> <span class='ocrx_word' id='word_1_48' title='bbox 1419 956 1690 1035; x_wconf 83' lang='lat' dir='ltr'><strong>speciem</strong></span> <span class='ocrx_word' id='word_1_49' title='bbox 1732 952 2004 1032; x_wconf 89' lang='lat' dir='ltr'><strong>locuple—</strong></span> 
     </span>
     <span class='ocr_line' id='line_1_9' title="bbox 204 1053 2004 1141; baseline -0.003 -23"><span class='ocrx_word' id='word_1_50' title='bbox 204 1061 521 1141; x_wconf 18' lang='lat' dir='ltr'><strong>tissimum,-</strong></span> <span class='ocrx_word' id='word_1_51' title='bbox 559 1058 733 1119; x_wconf 88' lang='lat' dir='ltr'><strong>velut</strong></span> <span class='ocrx_word' id='word_1_52' title='bbox 776 1059 922 1118; x_wconf 90' lang='lat' dir='ltr'><strong>sicci</strong></span> <span class='ocrx_word' id='word_1_53' title='bbox 963 1058 1226 1120; x_wconf 84' lang='lat' dir='ltr'><strong>transire</strong></span> <span class='ocrx_word' id='word_1_54' title='bbox 1252 1075 1541 1135; x_wconf 81' lang='lat' dir='ltr'><strong>cogamur</strong></span> <span class='ocrx_word' id='word_1_55' title='bbox 1563 1063 1820 1136; x_wconf 83' lang='lat' dir='ltr'><strong>propter</strong></span> <span class='ocrx_word' id='word_1_56' title='bbox 1844 1053 2004 1113; x_wconf 89' lang='lat' dir='ltr'><strong>The-</strong></span> 
     </span>
     <span class='ocr_line' id='line_1_10' title="bbox 151 1156 2005 1237; baseline -0.004 -17"><span class='ocrx_word' id='word_1_57' title='bbox 151 1211 154 1225; x_wconf 86' lang='grc'>,</span> <span class='ocrx_word' id='word_1_58' title='bbox 204 1158 509 1222; x_wconf 89' lang='lat' dir='ltr'><strong>banorum</strong></span> <span class='ocrx_word' id='word_1_59' title='bbox 557 1156 956 1231; x_wconf 82' lang='lat' dir='ltr'><strong>Cabimrnm,</strong></span> <span class='ocrx_word' id='word_1_60' title='bbox 1000 1176 1153 1237; x_wconf 89' lang='lat' dir='ltr'><strong>quos</strong></span> <span class='ocrx_word' id='word_1_61' title='bbox 1195 1167 1443 1237; x_wconf 90' lang='lat' dir='ltr'><strong>praeter</strong></span> <span class='ocrx_word' id='word_1_62' title='bbox 1485 1157 1856 1218; x_wconf 81' lang='lat' dir='ltr'><strong>Pausaniam</strong></span> <span class='ocrx_word' id='word_1_63' title='bbox 1898 1172 2005 1213; x_wconf 92' lang='lat' dir='ltr'><strong>ne-</strong></span> 
     </span>
     <span class='ocr_line' id='line_1_11' title="bbox 205 1256 2004 1340; baseline -0.003 -23"><span class='ocrx_word' id='word_1_64' title='bbox 205 1277 312 1318; x_wconf 91' lang='lat' dir='ltr'><strong>mo</strong></span> <span class='ocrx_word' id='word_1_65' title='bbox 397 1259 722 1340; x_wconf 84' lang='lat' dir='ltr'><strong>quisquam</strong></span> <span class='ocrx_word' id='word_1_66' title='bbox 793 1267 1266 1332; x_wconf 82' lang='lat' dir='ltr'><strong>commemorat,</strong></span> <span class='ocrx_word' id='word_1_67' title='bbox 1336 1256 1772 1321; x_wconf 86' lang='lat' dir='ltr'><strong>obscuritatem</strong></span> <span class='ocrx_word' id='word_1_68' title='bbox 1839 1272 2004 1314; x_wconf 51' lang='lat' dir='ltr'><strong>sum&lt;-</strong></span> 
     </span>
     <span class='ocr_line' id='line_1_12' title="bbox 207 1354 2006 1437; baseline -0.002 -19"><span class='ocrx_word' id='word_1_69' title='bbox 207 1377 393 1418; x_wconf 89' lang='lat' dir='ltr'><strong>mam.</strong></span> <span class='ocrx_word' id='word_1_70' title='bbox 479 1357 639 1418; x_wconf 91' lang='lat' dir='ltr'><strong>Nam</strong></span> <span class='ocrx_word' id='word_1_71' title='bbox 697 1357 865 1437; x_wconf 88' lang='lat' dir='ltr'><strong>quod</strong></span> <span class='ocrx_word' id='word_1_72' title='bbox 918 1357 1206 1417; x_wconf 91' lang='lat' dir='ltr'><strong>nonnulli</strong></span> <span class='ocrx_word' id='word_1_73' title='bbox 1258 1357 1613 1416; x_wconf 87' lang='lat' dir='ltr'><strong>existimant</strong></span> <span class='ocrx_word' id='word_1_74' title='bbox 1666 1374 1840 1417; x_wconf 90' lang='lat' dir='ltr'><strong>sacra</strong></span> <span class='ocrx_word' id='word_1_75' title='bbox 1896 1354 2006 1414; x_wconf 87' lang='lat' dir='ltr'><strong>Sa-</strong></span> 
     </span>
     <span class='ocr_line' id='line_1_13' title="bbox 207 1455 2009 1534; baseline -0.002 -17"><span class='ocrx_word' id='word_1_76' title='bbox 207 1458 555 1522; x_wconf 86' lang='lat' dir='ltr'><strong>mothracia</strong></span> <span class='ocrx_word' id='word_1_77' title='bbox 617 1478 651 1521; x_wconf 86' lang='lat' dir='ltr'><strong>e</strong></span> <span class='ocrx_word' id='word_1_78' title='bbox 695 1458 958 1520; x_wconf 89' lang='lat' dir='ltr'><strong>Boeotia</strong></span> <span class='ocrx_word' id='word_1_79' title='bbox 1010 1457 1310 1521; x_wconf 85' lang='lat' dir='ltr'><strong>translata</strong></span> <span class='ocrx_word' id='word_1_80' title='bbox 1366 1474 1500 1516; x_wconf 85' lang='lat' dir='ltr'><strong>esse</strong></span> <span class='ocrx_word' id='word_1_81' title='bbox 1542 1474 1581 1515; x_wconf 92' lang='lat' dir='ltr'><strong>a</strong></span> <span class='ocrx_word' id='word_1_82' title='bbox 1622 1456 1892 1534; x_wconf 84' lang='lat' dir='ltr'><strong>Pelasgis</strong></span> <span class='ocrx_word' id='word_1_83' title='bbox 1933 1455 2009 1514; x_wconf 90' lang='lat' dir='ltr'><strong>il-</strong></span> 
     </span>
     <span class='ocr_line' id='line_1_14' title="bbox 206 1555 2012 1638; baseline -0.001 -22"><span class='ocrx_word' id='word_1_84' title='bbox 206 1558 305 1632; x_wconf 79' lang='lat' dir='ltr'><strong>lis,</strong></span> <span class='ocrx_word' id='word_1_85' title='bbox 349 1559 453 1638; x_wconf 91' lang='lat' dir='ltr'><strong>qui</strong></span> <span class='ocrx_word' id='word_1_86' title='bbox 498 1577 536 1620; x_wconf 90' lang='lat' dir='ltr'><strong>a</strong></span> <span class='ocrx_word' id='word_1_87' title='bbox 580 1558 832 1618; x_wconf 89' lang='lat' dir='ltr'><strong>Boeotis</strong></span> <span class='ocrx_word' id='word_1_88' title='bbox 877 1558 1028 1620; x_wconf 89' lang='lat' dir='ltr'><strong>victi</strong></span> <span class='ocrx_word' id='word_1_89' title='bbox 1058 1555 1334 1616; x_wconf 87' lang='lat' dir='ltr'><strong>Athenas</strong></span> <span class='ocrx_word' id='word_1_90' title='bbox 1379 1565 1826 1630; x_wconf 85' lang='lat' dir='ltr'><strong>concesserunt,</strong></span> <span class='ocrx_word' id='word_1_91' title='bbox 1867 1555 2012 1615; x_wconf 90' lang='lat' dir='ltr'><strong>hinc</strong></span> 
     </span>
     <span class='ocr_line' id='line_1_15' title="bbox 207 1658 2011 1736; baseline -0.001 -18"><span class='ocrx_word' id='word_1_92' title='bbox 207 1658 545 1732; x_wconf 86' lang='lat' dir='ltr'><strong>Lemnum,</strong></span> <span class='ocrx_word' id='word_1_93' title='bbox 589 1659 865 1724; x_wconf 88' lang='lat' dir='ltr'><strong>Imbrum</strong></span> <span class='ocrx_word' id='word_1_94' title='bbox 911 1668 974 1718; x_wconf 91' lang='lat' dir='ltr'><strong>et</strong></span> <span class='ocrx_word' id='word_1_95' title='bbox 1000 1658 1443 1719; x_wconf 87' lang='lat' dir='ltr'><strong>Samothracen</strong></span> <span class='ocrx_word' id='word_1_96' title='bbox 1474 1659 1773 1736; x_wconf 86' lang='lat' dir='ltr'><strong>emigrare</strong></span> <span class='ocrx_word' id='word_1_97' title='bbox 1817 1658 2011 1718; x_wconf 88' lang='lat' dir='ltr'><strong>coacti</strong></span> 
     </span>
     <span class='ocr_line' id='line_1_16' title="bbox 208 1758 2011 1840; baseline 0 -22"><span class='ocrx_word' id='word_1_98' title='bbox 208 1769 384 1832; x_wconf 82' lang='lat' dir='ltr'><strong>sunt,</strong></span> <span class='ocrx_word' id='word_1_99' title='bbox 442 1759 707 1819; x_wconf 86' lang='lat' dir='ltr'><strong>obtineri</strong></span> <span class='ocrx_word' id='word_1_100' title='bbox 761 1778 888 1818; x_wconf 90' lang='lat' dir='ltr'><strong>non</strong></span> <span class='ocrx_word' id='word_1_101' title='bbox 944 1767 1171 1840; x_wconf 89' lang='lat' dir='ltr'><strong>potest.</strong></span> <span class='ocrx_word' id='word_1_102' title='bbox 1256 1758 1507 1818; x_wconf 88' lang='lat' dir='ltr'><strong>Etenim</strong></span> <span class='ocrx_word' id='word_1_103' title='bbox 1551 1759 1659 1818; x_wconf 87' lang='lat' dir='ltr'><strong>illa</strong></span> <span class='ocrx_word' id='word_1_104' title='bbox 1700 1759 1843 1839; x_wconf 85' lang='lat' dir='ltr'><strong>ipsa</strong></span> <span class='ocrx_word' id='word_1_105' title='bbox 1883 1758 2011 1822; x_wconf 91' lang='lat' dir='ltr'><strong>He-</strong></span> 
     </span>
     <span class='ocr_line' id='line_1_17' title="bbox 208 1856 2013 1939; baseline 0.001 -21"><span class='ocrx_word' id='word_1_106' title='bbox 208 1859 418 1919; x_wconf 87' lang='lat' dir='ltr'><strong>rodoti</strong></span> <span class='ocrx_word' id='word_1_107' title='bbox 462 1861 810 1938; x_wconf 86' lang='lat' dir='ltr'><strong>conjectura</strong></span> <span class='ocrx_word' id='word_1_108' title='bbox 826 1856 918 1939; x_wconf 75' lang='lat'>[¹¹]‚</span> <span class='ocrx_word' id='word_1_109' title='bbox 979 1858 1411 1918; x_wconf 87' lang='lat' dir='ltr'><strong>Samothraces</strong></span> <span class='ocrx_word' id='word_1_110' title='bbox 1457 1861 1629 1936; x_wconf 86' lang='lat' dir='ltr'><strong>orgia</strong></span> <span class='ocrx_word' id='word_1_111' title='bbox 1671 1877 1787 1919; x_wconf 89' lang='lat' dir='ltr'><strong>sua</strong></span> <span class='ocrx_word' id='word_1_112' title='bbox 1827 1878 1866 1919; x_wconf 91' lang='lat' dir='ltr'><strong>a</strong></span> <span class='ocrx_word' id='word_1_113' title='bbox 1900 1859 2013 1918; x_wconf 89' lang='lat' dir='ltr'><strong>Pe-</strong></span> 
     </span>
     <span class='ocr_line' id='line_1_18' title="bbox 135 1956 2032 2045; baseline 0 -27"><span class='ocrx_word' id='word_1_114' title='bbox 135 2039 150 2045; x_wconf 72' lang='lat'><strong>,.</strong></span> <span class='ocrx_word' id='word_1_115' title='bbox 210 1959 397 2036; x_wconf 84' lang='lat' dir='ltr'><strong>lasgis</strong></span> <span class='ocrx_word' id='word_1_116' title='bbox 453 1959 924 2019; x_wconf 88' lang='lat' dir='ltr'><strong>Atheniensium</strong></span> <span class='ocrx_word' id='word_1_117' title='bbox 988 1956 1300 2037; x_wconf 86' lang='lat' dir='ltr'><strong>quondam</strong></span> <span class='ocrx_word' id='word_1_118' title='bbox 1343 1960 1661 2039; x_wconf 85' lang='lat' dir='ltr'><strong>inquilinis</strong></span> <span class='ocrx_word' id='word_1_119' title='bbox 1706 1960 2032 2040; x_wconf 77' lang='lat' dir='ltr'><strong>accepisse</strong></span> 
     </span>
     <span class='ocr_line' id='line_1_19' title="bbox 212 2058 2013 2139; baseline 0.001 -22"><span class='ocrx_word' id='word_1_120' title='bbox 212 2079 328 2139; x_wconf 81' lang='lat' dir='ltr'><strong>per</strong></span> <span class='ocrx_word' id='word_1_121' title='bbox 388 2077 455 2117; x_wconf 89' lang='lat' dir='ltr'><strong>se</strong></span> <span class='ocrx_word' id='word_1_122' title='bbox 509 2077 636 2117; x_wconf 92' lang='lat' dir='ltr'><strong>non</strong></span> <span class='ocrx_word' id='word_1_123' title='bbox 690 2059 830 2137; x_wconf 86' lang='lat' dir='ltr'><strong>plus</strong></span> <span class='ocrx_word' id='word_1_124' title='bbox 886 2058 1057 2119; x_wconf 83' lang='lat' dir='ltr'><strong>valet</strong></span> <span class='ocrx_word' id='word_1_125' title='bbox 1100 2077 1286 2137; x_wconf 91' lang='lat' dir='ltr'><strong>quam</strong></span> <span class='ocrx_word' id='word_1_126' title='bbox 1333 2058 1727 2118; x_wconf 86' lang='lat' dir='ltr'><strong>Stesimbroti</strong></span> <span class='ocrx_word' id='word_1_127' title='bbox 1772 2061 2013 2135; x_wconf 90' lang='lat' dir='ltr'><strong>scitum,</strong></span> 
     </span>
     <span class='ocr_line' id='line_1_20' title="bbox 216 2156 2014 2236; baseline 0 -17"><span class='ocrx_word' id='word_1_128' title='bbox 216 2158 472 2222; x_wconf 85' lang='lat' dir='ltr'><strong>Cabiros</strong></span> <span class='ocrx_word' id='word_1_129' title='bbox 542 2178 575 2222; x_wconf 86' lang='lat' dir='ltr'><strong>e</strong></span> <span class='ocrx_word' id='word_1_130' title='bbox 639 2158 909 2236; x_wconf 84' lang='lat' dir='ltr'><strong>Phrygia</strong></span> <span class='ocrx_word' id='word_1_131' title='bbox 978 2156 1354 2217; x_wconf 88' lang='lat' dir='ltr'><strong>deducentis.</strong></span> <span class='ocrx_word' id='word_1_132' title='bbox 1460 2159 1628 2217; x_wconf 89' lang='lat' dir='ltr'><strong>Inter</strong></span> <span class='ocrx_word' id='word_1_133' title='bbox 1685 2157 2014 2219; x_wconf 87' lang='lat' dir='ltr'><strong>Thebanos</strong></span> 
     </span>
     <span class='ocr_line' id='line_1_21' title="bbox 215 2255 2014 2339; baseline -0.002 -18"><span class='ocrx_word' id='word_1_134' title='bbox 215 2278 366 2323; x_wconf 81' lang='lat' dir='ltr'><strong>vero</strong></span> <span class='ocrx_word' id='word_1_135' title='bbox 428 2255 686 2318; x_wconf 88' lang='lat' dir='ltr'><strong>Cabiros</strong></span> <span class='ocrx_word' id='word_1_136' title='bbox 743 2268 806 2317; x_wconf 89' lang='lat' dir='ltr'><strong>et</strong></span> <span class='ocrx_word' id='word_1_137' title='bbox 861 2258 1325 2319; x_wconf 86' lang='lat' dir='ltr'><strong>Samothracios</strong></span> <span class='ocrx_word' id='word_1_138' title='bbox 1371 2267 1465 2318; x_wconf 90' lang='lat' dir='ltr'><strong>est</strong></span> <span class='ocrx_word' id='word_1_139' title='bbox 1507 2258 1754 2339; x_wconf 91' lang='lat' dir='ltr'><strong>quidem</strong></span> <span class='ocrx_word' id='word_1_140' title='bbox 1800 2260 2014 2334; x_wconf 87' lang='lat' dir='ltr'><strong>simili-</strong></span> 
     </span>
     <span class='ocr_line' id='line_1_22' title="bbox 214 2357 2016 2438; baseline -0.001 -19"><span class='ocrx_word' id='word_1_141' title='bbox 214 2359 368 2419; x_wconf 86' lang='lat' dir='ltr'><strong>tudo</strong></span> <span class='ocrx_word' id='word_1_142' title='bbox 415 2358 719 2438; x_wconf 88' lang='lat' dir='ltr'><strong>quaedam</strong></span> <span class='ocrx_word' id='word_1_143' title='bbox 765 2357 877 2419; x_wconf 88' lang='lat' dir='ltr'><strong>sed</strong></span> <span class='ocrx_word' id='word_1_144' title='bbox 919 2360 1274 2434; x_wconf 86' lang='lat' dir='ltr'><strong>invecticia,</strong></span> <span class='ocrx_word' id='word_1_145' title='bbox 1318 2369 1389 2420; x_wconf 92' lang='lat' dir='ltr'><strong>ut</strong></span> <span class='ocrx_word' id='word_1_146' title='bbox 1429 2359 1698 2435; x_wconf 86' lang='lat' dir='ltr'><strong>videtur,</strong></span> <span class='ocrx_word' id='word_1_147' title='bbox 1741 2376 1869 2420; x_wconf 91' lang='lat' dir='ltr'><strong>non</strong></span> <span class='ocrx_word' id='word_1_148' title='bbox 1910 2378 2016 2418; x_wconf 93' lang='lat' dir='ltr'><strong>na-</strong></span> 
     </span>
     <span class='ocr_line' id='line_1_23' title="bbox 217 2458 2015 2525; baseline 0.001 -7"><span class='ocrx_word' id='word_1_149' title='bbox 217 2462 368 2525; x_wconf 88' lang='lat' dir='ltr'><strong>tiva.</strong></span> <span class='ocrx_word' id='word_1_150' title='bbox 456 2459 605 2521; x_wconf 85' lang='lat' dir='ltr'><strong>Illos</strong></span> <span class='ocrx_word' id='word_1_151' title='bbox 651 2477 791 2519; x_wconf 87' lang='lat' dir='ltr'><strong>cum</strong></span> <span class='ocrx_word' id='word_1_152' title='bbox 848 2461 1049 2519; x_wconf 87' lang='lat' dir='ltr'><strong>Matre</strong></span> <span class='ocrx_word' id='word_1_153' title='bbox 1093 2462 1133 2519; x_wconf 90' lang='lat' dir='ltr'><strong>i.</strong></span> <span class='ocrx_word' id='word_1_154' title='bbox 1180 2481 1230 2519; x_wconf 91' lang='lat' dir='ltr'><strong>e.</strong></span> <span class='ocrx_word' id='word_1_155' title='bbox 1276 2479 1417 2522; x_wconf 89' lang='lat' dir='ltr'><strong>cum</strong></span> <span class='ocrx_word' id='word_1_156' title='bbox 1466 2458 1685 2520; x_wconf 89' lang='lat' dir='ltr'><strong>Cerere</strong></span> <span class='ocrx_word' id='word_1_157' title='bbox 1730 2461 1848 2520; x_wconf 88' lang='lat' dir='ltr'><strong>coli</strong></span> <span class='ocrx_word' id='word_1_158' title='bbox 1892 2469 2015 2519; x_wconf 86' lang='lat' dir='ltr'><strong>tra-</strong></span> 
     </span>
    </p>
   </div>
   <div class='ocr_carea' id='block_1_3' title="bbox 218 2559 2014 2744">
    <p class='ocr_par' dir='ltr' id='par_1_3' title="bbox 218 2559 2014 2744">
     <span class='ocr_line' id='line_1_24' title="bbox 220 2559 2013 2642; baseline 0.003 -23"><span class='ocrx_word' id='word_1_159' title='bbox 220 2559 314 2620; x_wconf 85' lang='lat' dir='ltr'><strong>dit</strong></span> <span class='ocrx_word' id='word_1_160' title='bbox 357 2560 696 2619; x_wconf 83' lang='lat' dir='ltr'><strong>Pausanias</strong></span> <span class='ocrx_word' id='word_1_161' title='bbox 740 2597 825 2605; x_wconf 89' lang='lat'><strong>-—</strong></span> <span class='ocrx_word' id='word_1_162' title='bbox 869 2559 1054 2627; x_wconf 81' lang='grc' dir='ltr'><em>ὅποῖά</em></span> <span class='ocrx_word' id='word_1_163' title='bbox 1101 2565 1268 2623; x_wconf 79' lang='grc' dir='ltr'><em>ἐστιν</em></span> <span class='ocrx_word' id='word_1_164' title='bbox 1314 2562 1524 2630; x_wconf 74' lang='grc' dir='ltr'><em>αὐτοῖς</em></span> <span class='ocrx_word' id='word_1_165' title='bbox 1581 2561 1688 2624; x_wconf 80' lang='grc' dir='ltr'><strong>καὶ</strong></span> <span class='ocrx_word' id='word_1_166' title='bbox 1741 2570 1817 2642; x_wconf 84' lang='grc' dir='ltr'><strong>τῇ</strong></span> <span class='ocrx_word' id='word_1_167' title='bbox 1860 2568 2013 2640; x_wconf 86' lang='grc' dir='ltr'><strong>Μη-</strong></span> 
     </span>
     <span class='ocr_line' id='line_1_25' title="bbox 218 2657 2014 2744; baseline -0.003 -21"><span class='ocrx_word' id='word_1_168' title='bbox 218 2661 342 2744; x_wconf 68' lang='grc' dir='ltr'><strong>τρὶ</strong></span> <span class='ocrx_word' id='word_1_169' title='bbox 384 2660 456 2723; x_wconf 77' lang='grc' dir='ltr'><strong>τὰ</strong></span> <span class='ocrx_word' id='word_1_170' title='bbox 513 2657 807 2742; x_wconf 70' lang='grc' dir='ltr'><em>δρώμενα</em></span> <span class='ocrx_word' id='word_1_171' title='bbox 861 2698 945 2705; x_wconf 90' lang='lat'><strong>-—</strong></span> <span class='ocrx_word' id='word_1_172' title='bbox 1007 2658 1284 2734; x_wconf 79' lang='lat' dir='ltr'><strong>Quinam</strong></span> <span class='ocrx_word' id='word_1_173' title='bbox 1341 2662 1528 2738; x_wconf 82' lang='lat' dir='ltr'><strong>igitur</strong></span> <span class='ocrx_word' id='word_1_174' title='bbox 1581 2660 1794 2721; x_wconf 75' lang='lat' dir='ltr'><strong>fuere&#39;.l</strong></span> <span class='ocrx_word' id='word_1_175' title='bbox 1863 2679 2014 2719; x_wconf 91' lang='lat' dir='ltr'><strong>num</strong></span> 
     </span>
    </p>
   </div>
   <div class='ocr_carea' id='block_1_4' title="bbox 222 2760 2013 2843">
    <p class='ocr_par' dir='ltr' id='par_1_4' title="bbox 222 2760 2013 2843">
     <span class='ocr_line' id='line_1_26' title="bbox 222 2760 2013 2843; baseline 0.002 -22"><span class='ocrx_word' id='word_1_176' title='bbox 222 2772 348 2823; x_wconf 88' lang='lat' dir='ltr'><strong>tres</strong></span> <span class='ocrx_word' id='word_1_177' title='bbox 369 2807 386 2838; x_wconf 83' lang='lat'><strong><em>,</em></strong></span> <span class='ocrx_word' id='word_1_178' title='bbox 457 2780 611 2843; x_wconf 88' lang='lat' dir='ltr'><strong>quos</strong></span> <span class='ocrx_word' id='word_1_179' title='bbox 678 2760 1004 2829; x_wconf 84' lang='lat' dir='ltr'><strong>Acusilaus</strong></span> <span class='ocrx_word' id='word_1_180' title='bbox 1073 2770 1135 2822; x_wconf 90' lang='lat' dir='ltr'><strong>et</strong></span> <span class='ocrx_word' id='word_1_181' title='bbox 1202 2761 1583 2839; x_wconf 89' lang='lat' dir='ltr'><strong>Pherecydes</strong></span> <span class='ocrx_word' id='word_1_182' title='bbox 1649 2773 2013 2837; x_wconf 89' lang='lat' dir='ltr'><strong>memorant,</strong></span> 
     </span>
    </p>
   </div>
   <div class='ocr_carea' id='block_1_5' title="bbox 461 2957 1671 3138">
    <p class='ocr_par' dir='ltr' id='par_1_5' title="bbox 461 2957 1671 3138">
     <span class='ocr_line' id='line_1_27' title="bbox 461 2957 1671 3024; baseline 0 -20"><span class='ocrx_word' id='word_1_183' title='bbox 461 2959 570 3024; x_wconf 65' lang='grc' dir='ltr'><strong><em>[Διὶ]</em></strong></span> <span class='ocrx_word' id='word_1_184' title='bbox 602 2976 774 3020; x_wconf 82' lang='grc' dir='ltr'><em>ματρος</em></span> <span class='ocrx_word' id='word_1_185' title='bbox 802 2961 880 3004; x_wconf 78' lang='grc' dir='ltr'><strong>καὶ</strong></span> <span class='ocrx_word' id='word_1_186' title='bbox 907 2957 1201 3020; x_wconf 76' lang='grc' dir='ltr'><em>πρωτογόνου</em></span> <span class='ocrx_word' id='word_1_187' title='bbox 1233 2958 1412 3020; x_wconf 80' lang='grc' dir='ltr'><em>κούρας·</em></span> <span class='ocrx_word' id='word_1_188' title='bbox 1445 2959 1522 3006; x_wconf 76' lang='grc' dir='ltr'><strong>ὅθι</strong></span> <span class='ocrx_word' id='word_1_189' title='bbox 1552 2962 1671 3020; x_wconf 82' lang='grc' dir='ltr'><em>φασὶ</em></span> 
     </span>
     <span class='ocr_line' id='line_1_28' title="bbox 464 3016 1564 3079; baseline -0.002 -14"><span class='ocrx_word' id='word_1_190' title='bbox 464 3017 715 3075; x_wconf 77' lang='grc' dir='ltr'><em>Μεσσήνην</em></span> <span class='ocrx_word' id='word_1_191' title='bbox 743 3025 896 3063; x_wconf 77' lang='grc' dir='ltr'><em>θεῖναι</em></span> <span class='ocrx_word' id='word_1_192' title='bbox 923 3016 1167 3079; x_wconf 76' lang='grc' dir='ltr'><em>μεγάλαισι</em></span> <span class='ocrx_word' id='word_1_193' title='bbox 1195 3026 1377 3064; x_wconf 76' lang='grc' dir='ltr'><em>θεαῖσιν</em></span> <span class='ocrx_word' id='word_1_194' title='bbox 1407 3020 1564 3078; x_wconf 79' lang='grc' dir='ltr'><em>ἀγῶνα</em></span> 
     </span>
     <span class='ocr_line' id='line_1_29' title="bbox 463 3075 1665 3138; baseline -0.002 -15"><span class='ocrx_word' id='word_1_195' title='bbox 463 3077 686 3123; x_wconf 58' lang='lat' dir='ltr'><strong>‹muniam›</strong></span> <span class='ocrx_word' id='word_1_196' title='bbox 715 3081 925 3124; x_wconf 73' lang='grc' dir='ltr'><em>Κλείνοιο</em></span> <span class='ocrx_word' id='word_1_197' title='bbox 955 3075 1078 3138; x_wconf 75' lang='grc' dir='ltr'><em>γόνῳ</em></span> <span class='ocrx_word' id='word_1_198' title='bbox 1106 3076 1321 3122; x_wconf 81' lang='grc' dir='ltr'><em>Καύκωνι</em></span> <span class='ocrx_word' id='word_1_199' title='bbox 1350 3077 1553 3123; x_wconf 75' lang='grc' dir='ltr'><em>ἁδοῦσαν</em></span> <span class='ocrx_word' id='word_1_200' title='bbox 1582 3085 1665 3122; x_wconf 81' lang='lat' dir='ltr'><strong>etc.</strong></span> 
     </span>
    </p>
   </div>
   <div class='ocr_carea' id='block_1_6' title="bbox 228 3150 2014 3326">
    <p class='ocr_par' dir='ltr' id='par_1_6' title="bbox 228 3150 2014 3326">
     <span class='ocr_line' id='line_1_30' title="bbox 230 3150 2012 3208; baseline 0.001 -16"><span class='ocrx_word' id='word_1_201' title='bbox 230 3162 342 3206; x_wconf 90' lang='lat' dir='ltr'><strong>quae</strong></span> <span class='ocrx_word' id='word_1_202' title='bbox 372 3150 429 3193; x_wconf 91' lang='lat' dir='ltr'><strong>ad</strong></span> <span class='ocrx_word' id='word_1_203' title='bbox 459 3165 595 3195; x_wconf 89' lang='lat' dir='ltr'><strong>meam</strong></span> <span class='ocrx_word' id='word_1_204' title='bbox 624 3154 878 3200; x_wconf 82' lang='lat' dir='ltr'><strong>sententiam</strong></span> <span class='ocrx_word' id='word_1_205' title='bbox 910 3152 1077 3195; x_wconf 85' lang='lat' dir='ltr'><strong>correxi</strong></span> <span class='ocrx_word' id='word_1_206' title='bbox 1123 3165 1205 3193; x_wconf 87' lang='lat' dir='ltr'><strong>non</strong></span> <span class='ocrx_word' id='word_1_207' title='bbox 1247 3157 1297 3195; x_wconf 90' lang='lat' dir='ltr'><strong>ut</strong></span> <span class='ocrx_word' id='word_1_208' title='bbox 1339 3157 1496 3208; x_wconf 82' lang='lat' dir='ltr'><strong>poetae</strong></span> <span class='ocrx_word' id='word_1_209' title='bbox 1534 3168 1701 3198; x_wconf 85' lang='lat' dir='ltr'><strong>manum</strong></span> <span class='ocrx_word' id='word_1_210' title='bbox 1743 3151 2012 3200; x_wconf 78' lang='lat' dir='ltr'><strong>restituerem</strong></span> 
     </span>
     <span class='ocr_line' id='line_1_31' title="bbox 228 3209 2014 3269; baseline 0.001 -18"><span class='ocrx_word' id='word_1_211' title='bbox 228 3209 304 3251; x_wconf 85' lang='lat' dir='ltr'><strong>sed</strong></span> <span class='ocrx_word' id='word_1_212' title='bbox 334 3214 384 3252; x_wconf 81' lang='lat' dir='ltr'><strong>ut</strong></span> <span class='ocrx_word' id='word_1_213' title='bbox 413 3224 563 3253; x_wconf 86' lang='lat' dir='ltr'><strong>sensus</strong></span> <span class='ocrx_word' id='word_1_214' title='bbox 602 3216 786 3268; x_wconf 84' lang='lat' dir='ltr'><strong>pateret.</strong></span> <span class='ocrx_word' id='word_1_215' title='bbox 844 3213 1042 3269; x_wconf 78' lang='lat' dir='ltr'><strong>Apparet</strong></span> <span class='ocrx_word' id='word_1_216' title='bbox 1064 3210 1182 3253; x_wconf 70' lang='lat' dir='ltr'><strong>&#39;hine</strong></span> <span class='ocrx_word' id='word_1_217' title='bbox 1222 3210 1487 3255; x_wconf 88' lang='lat' dir='ltr'><strong>Mercurium</strong></span> <span class='ocrx_word' id='word_1_218' title='bbox 1530 3212 1693 3256; x_wconf 83' lang='lat' dir='ltr'><strong>deabus</strong></span> <span class='ocrx_word' id='word_1_219' title='bbox 1734 3212 1923 3268; x_wconf 85' lang='lat' dir='ltr'><strong>magnis,</strong></span> <span class='ocrx_word' id='word_1_220' title='bbox 1965 3215 2014 3253; x_wconf 79' lang='lat' dir='ltr'><strong>ut.</strong></span> 
     </span>
     <span class='ocr_line' id='line_1_32' title="bbox 232 3268 1053 3326; baseline 0.001 -16"><span class='ocrx_word' id='word_1_221' title='bbox 232 3268 585 3325; x_wconf 81' lang='lat' dir='ltr'><strong>Samothraciae,</strong></span> <span class='ocrx_word' id='word_1_222' title='bbox 631 3271 880 3326; x_wconf 84' lang='lat' dir='ltr'><strong>adjunctum</strong></span> <span class='ocrx_word' id='word_1_223' title='bbox 910 3271 1053 3313; x_wconf 35' lang='lat' dir='ltr'><strong>fuisse*</strong></span> 
     </span>
    </p>
   </div>
   <div class='ocr_carea' id='block_1_7' title="bbox 349 3367 1530 3426">
    <p class='ocr_par' dir='ltr' id='par_1_7' title="bbox 349 3367 1530 3426">
     <span class='ocr_line' id='line_1_33' title="bbox 349 3367 1530 3426; baseline 0.002 -15"><span class='ocrx_word' id='word_1_224' title='bbox 349 3367 423 3426; x_wconf 78' lang='lat' dir='ltr'><strong>[b]</strong></span> <span class='ocrx_word' id='word_1_225' title='bbox 481 3385 520 3413; x_wconf 85' lang='lat' dir='ltr'><strong>v.</strong></span> <span class='ocrx_word' id='word_1_226' title='bbox 554 3371 767 3417; x_wconf 89' lang='lat' dir='ltr'><strong>Niebuhr.</strong></span> <span class='ocrx_word' id='word_1_227' title='bbox 797 3372 912 3416; x_wconf 84' lang='lat' dir='ltr'><strong>Hist.</strong></span> <span class='ocrx_word' id='word_1_228' title='bbox 938 3371 1066 3415; x_wconf 85' lang='lat' dir='ltr'><strong>Rom.</strong></span> <span class='ocrx_word' id='word_1_229' title='bbox 1099 3371 1154 3413; x_wconf 89' lang='lat' dir='ltr'><strong>T.</strong></span> <span class='ocrx_word' id='word_1_230' title='bbox 1186 3371 1220 3413; x_wconf 92' lang='lat' dir='ltr'><strong>I.</strong></span> <span class='ocrx_word' id='word_1_231' title='bbox 1252 3368 1322 3414; x_wconf 76' lang='lat'><strong>34.</strong></span> <span class='ocrx_word' id='word_1_232' title='bbox 1353 3371 1439 3416; x_wconf 84' lang='lat' dir='ltr'><strong>Ed.</strong></span> <span class='ocrx_word' id='word_1_233' title='bbox 1471 3371 1530 3414; x_wconf 93' lang='lat' dir='ltr'><strong>II.</strong></span> 
     </span>
    </p>
   </div>
  </div>
 </body>
</html>
