2150 3814
240 188 402 249 1302
824 196 1060 241 Lmen
1098 174 1466 243 TERTIUS.

236 351 358 412 qua
414 328 770 391 Herodotus
831 348 943 407 pro
1004 327 1398 404 HerodoruS,
1463 331 1831 410 Apollonius
1872 352 2010 411 ‚pro

233 430 653 513 Apollodorus
708 440 771 487 et
828 435 1080 488 centena
1135 428 1312 503 talia,
1375 449 1532 510 quae
1588 431 1775 508 vulgo
1808 431 2013 494 libra-

233 535 340 593 riis
389 534 789 610 imputa-ntur.
878 527 1002 587 Sed
1044 528 1305 606 intelligi
1344 529 1783 591 Aeschrionem
1811 530 2014 610 Ephe—

233 631 384 693 sidis
429 632 792 710 scriptorem
837 637 1096 708 apparet
1140 649 1174 687 e
1219 628 1419 689 Schol.
1454 631 1601 707 Lye.
1636 630 1779 691 688.
1824 632 2015 712 ἕτεροι

235 729 563 817 Γιγάντων
608 728 836 809 νήσους
877 728 990 798 τὰς
1025 727 1480 808 Πιθηκούσσας
1520 733 1813 809 ἥκουσαν·
1858 732 2014 812 μέμ-

232 854 413 911 νηται
456 829 527 893 δὲ
571 833 784 893 αὐτῶν
826 827 932 892 καὶ
973 828 1296 911 Αἰσχρίων
1353 833 1421 892 ἐν
1475 815 1729 912 ἑβδόμῳ
1779 830 2014 913 Ἑφεσίκ

229 933 376 1003 ὃος,
436 931 541 1010 qui
603 930 681 989 ab
741 930 916 1009 epico
972 935 1188 1009 poeta,
1249 948 1432 1008 quem
1485 926 1677 988 modo
1730 929 2014 991 Samium

229 1030 419 1091 modo
463 1029 908 1107 Mitylenaeum
951 1039 1177 1088 vocant
1199 1026 1271 1109 [Β]
1318 1028 1474 1089 nihil
1520 1027 1800 1090 diversus
1845 1029 2016 1090 vide-

230 1139 348 1191 tur.
431 1127 732 1211 Cercopes
777 1148 968 1209 quum
1012 1128 1310 1188 traditum
1353 1131 1435 1188 sit
1479 1128 1558 1188 ob
1601 1128 1883 1189 fraudem
1915 1127 2018 1188 Jo-

229 1234 296 1294 vi
339 1231 568 1291 factam
612 1232 678 1289 in
720 1231 1042 1290 simiarum
1094 1228 1361 1289 formam
1417 1248 1632 1291 versos
1690 1239 1753 1289 et
1803 1232 1870 1289 in
1921 1231 2014 1288 in-

227 1331 398 1391 sulas
453 1329 808 1389 Pithecusas
845 1326 919 1409 [¹]
975 1328 1278 1404 relegatos
1336 1347 1503 1403 esse,
1570 1329 2014 1390 Aeschrionem

228 1450 302 1490 eo
348 1430 635 1490 carminis
677 1428 848 1501 loco,
909 1446 1031 1507 quo
1086 1427 1440 1487 Pithecusas
1483 1431 1886 1503 memoravit,
1941 1431 2013 1488 il-

225 1532 428 1590 lorum
470 1530 748 1590 facinora
791 1537 854 1587 et
894 1546 1165 1607 poenam
1209 1527 1538 1588 tradidisse
1581 1528 1844 1588 arbitror
1876 1531 2017 1608 ipsa

224 1633 349 1691 loci
409 1632 722 1692 mentione
790 1627 1213 1703 admonitum3
1286 1647 1431 1694 nam
1503 1629 1788 1710 Ephesus
1861 1630 2012 1689 olim

225 1731 465 1808 Lydiae
537 1728 850 1809 adscripta
917 1738 1049 1788 erat
1112 1747 1177 1791 v..
1230 1729 1506 1808 Rutgers.
1581 1729 1755 1790 Varr.
1820 1729 2012 1790 Lectt.

222 1852 286 1913 p.
330 1832 432 1892 83.
476 1831 616 1892 Bos,
662 1828 919 1890 Observ.
965 1826 1112 1889 Crit.
1155 1848 1217 1909 p.
1267 1827 1404 1889 145.
1490 1829 1655 1890 Hinc
1706 1832 2014 1909 conjectu-

144 1961 147 1971 =
224 1950 363 1991 ram
408 1930 688 1990 ducimus
733 1927 1018 1989 Comicos
1059 1938 1296 2008 poetaS,
1339 1931 1444 2009 qui
1476 1928 1779 2012 Cercopes
1822 1933 2011 2010 scrip-

226 2050 397 2103 sere,
444 2048 550 2089 eos
596 2048 732 2088 cum
776 2027 1044 2087 Hercule
1088 2028 1256 2108 apud
1304 2029 1652 2109 Omphalen
1705 2032 2012 2090 serviente

226 2138 662 2192 conversantes
705 2127 1038 2188 induxisse.
1113 2127 1395 2209 Menippi
1437 2129 1651 2189 fabula
1692 2132 2012 2213 Κέρκωπες

223 2231 523 2291 duntaxat
562 2230 813 2288 nomine
853 2238 1003 2288 nota
1046 2237 1167 2303 est3
1226 2249 1302 2288 ex
1359 2228 1588 2290 Eubuli
1640 2227 2012 2310 Cercopibus

221 2332 433 2412 plures
477 2348 695 2393 versus
739 2329 920 2389 affert
955 2329 1340 2405 Athenaeus,
1403 2332 1470 2390 in
1513 2331 1732 2411 quibus
1774 2331 2012 2391 Hercu-

222 2432 313 2492 les
356 2433 579 2490 itinera
622 2439 684 2488 et
728 2429 954 2488 damna
996 2449 1111 2490 sua
1153 2450 1440 2490 enarrare
1483 2431 1732 2492 videtur
1785 2441 1847 2490 et
1889 2431 2009 2511 ”po-

225 2542 524 2592 stremum
567 2530 711 2589 hoc:
772 2534 1060 2592 ἐνταῦθα
1111 2530 1492 2612 κατελήρησα
1546 2533 1662 2612 τὴν
1717 2530 2006 2614 ἐξωμίδα,

225 2653 263 2692 a
307 2630 684 2713 Cercopibus
728 2631 990 2690 forsitan
1031 2629 1336 2719 direptam
1389 2631 1458 2691 L.
1513 2631 1680 2693 XIII.
1739 2630 1880 2692 567.
1939 2628 2005 2690 C.

223 2731 303 2792 X.
363 2732 509 2791 417.
565 2731 646 2790 D.
732 2732 806 2790 In
859 2729 1192 2811 Hermippi
1246 2732 1529 2793 versibus
1572 2733 1642 2792 L.
1684 2731 1818 2794 XII.
1864 2729 2005 2811 551.

226 2832 299 2892 A.
343 2833 550 2891 nescio
596 2833 732 2912 quis
779 2851 915 2910 cum
959 2831 1243 2907 Dionyso
1292 2834 1674 2914 colloquitur.
1763 2830 2006 2892 Certius

223 2932 521 2992 indicium
577 2932 845 3013 praebet
924 2931 1170 2992 fabulae
1251 2934 1603 2995 Platonicae
1685 2934 2003 3013 inscriptio

227 3036 547 3117 Κέρκωπὸς
604 3033 644 3113 ἢ
715 3031 951 3101 Ξάνται
1017 3036 1150 3095 sive
1215 3033 1513 3119 Ξάντριαι
1586 3036 1679 3117 (v.
1735 3033 1998 3093 Meinek.

347 3234 421 3292 [k]
455 3235 522 3278 De
551 3237 633 3278 hoc
662 3237 854 3279 breviter
883 3237 1074 3294 disputat
1101 3236 1329 3278 Jacobsius
1357 3237 1400 3278 in
1431 3236 1574 3279 Catal.
1605 3236 1729 3280 Poet.
1759 3234 1913 3292 Epigr.
1956 3249 1996 3290 p.

231 3290 330 3339 834.
362 3296 606 3337 accuratius
635 3295 830 3337 Naekius
860 3296 927 3337 De
958 3294 1147 3338 Choeril.
1177 3310 1219 3350 p.
1253 3294 1351 3338 192.

349 3351 422 3409 [¹]
475 3353 742 3396 Wernsdorf.
773 3355 826 3396 ad
857 3353 998 3397 Lucil.
1028 3353 1152 3396 Aetn.
1182 3352 1293 3396 Exc.
1326 3353 1406 3395 ΙΙΙ.
1436 3351 1536 3395 356.
1566 3353 1619 3395 Τ.
1652 3353 1726 3395 IV.
