2150 3814
0 2867 3 2932 ἱ

0 2937 3 2967 ι

794 216 1353 263 SAmoTflnAclA.
1707 179 1710 183 A
1811 207 1972 267 1123

186 371 285 411 res
332 361 456 411 tam
501 347 867 426 singularem
915 347 1271 425 opinionem
1317 345 1624 417 attulerit,
1678 347 1791 406 illa
1839 369 1972 410 suc-

186 453 374 511 currit
427 450 805 526 conjectura,
863 464 1046 525 quam
1100 464 1289 526 supra
1345 445 1413 505 L.
1456 446 1500 504 Ι.
1550 445 1688 504 137.
1747 449 1973 525 signifi-

187 553 359 622 cavi,
403 549 670 608 Gnosios
715 555 879 606 certo
926 544 1028 604 die
1070 543 1218 606 Jovi
1274 543 1632 607 Averrunco
1690 565 1820 606 rem
1880 547 1968 607 di-

182 653 391 711 vinam
443 647 694 719 fecisse,
751 656 821 705 ut
879 664 1016 706 mos
1070 645 1333 720 ferebat,
1390 657 1670 727 tempore
1725 656 1974 708 noctur-

178 767 291 820 no,
339 748 476 806 ‚ritu
518 748 735 806 tetrico
792 756 854 805 et
908 747 1101 819 tristi,
1159 745 1500 826 eodemque
1556 749 1854 827 temporis
1909 760 1980 814 et⁴

178 849 299 909 loci
352 848 650 925 vestigio,
726 866 848 928 quo
919 845 1066 907 Jovi
1132 845 1429 926 Olympio
1496 840 1671 908 sacra
1735 850 1970 924 fierent,

174 946 456 1028 paredris
501 948 665 1026 ejus,
725 944 1083 1019 Curetibus,
1139 946 1392 1006 inferias
1438 964 1572 1006 esse
1615 948 1863 1024 allatas,
1906 960 1969 1010 et

174 1049 291 1110 has
346 1050 710 1110 cerimonias
766 1057 1096 1121 nocturnas
1151 1047 1495 1125 feralesque
1551 1033 1967 1128 suspicionem

173 1149 536 1229 praebuisse
603 1147 1029 1224 PragmaticiS‚
1102 1144 1370 1204 Gnosi‘os
1427 1143 1574 1206 Jovi
1642 1158 1967 1226 parentare

166 1258 436 1309 mortuo.
547 1248 760 1326 Itaque
827 1255 1088 1327 apparet
1156 1244 1507 1306 Diodorum
1579 1265 1967 1329 nequaquam

169 1348 497 1427 religiones
541 1349 837 1423 mysticas
894 1344 1289 1407 Cretensibus
1343 1346 1750 1425 abjudicasse.
1848 1347 1966 1408 Ne-

175 1468 293 1528 que
351 1449 604 1509 omnino
662 1446 956 1508 credibile
1015 1458 1122 1507 est
1163 1466 1337 1508 sacra
1392 1457 1758 1528 opertanea,
1817 1468 1965 1529 quo-

172 1568 310 1609 rum
366 1551 432 1608 in
489 1548 775 1608 omnibus
829 1548 981 1606 locis
1036 1548 1568 1627 frequentissimus
1626 1549 1747 1609 fuit
1800 1568 1969 1624 usus,

172 1646 469 1710 increta
510 1648 701 1709 fuisse
744 1648 932 1709 nulla.
1036 1646 1202 1721 Quin
1257 1658 1487 1708 certum
1546 1649 1731 1726 hujus
1787 1669 1966 1728 gene-

171 1752 262 1810 ris
303 1748 601 1809 indicium
645 1748 823 1807 affert
875 1748 1230 1808 Athenaeus
1274 1748 1379 1806 IX.
1426 1747 1568 1806 375.
1612 1748 1684 1806 F.
1767 1752 1966 1835 Ἀγα-

172 1854 406 1928 θοκλῆς
462 1852 530 1911 ἓν
572 1846 803 1930 πρώτω
846 1850 986 1930 περὶ
1028 1849 1302 1923 Κυζίκου
1349 1849 1542 1929 φησὶν
1588 1851 1781 1911 οὕτω
1842 1877 1966 1931 μυβ

168 1949 477 2012 andoveram
546 1953 614 2012 ἐν
670 1947 882 2032 Κρήτῃ
939 1951 1238 2033 γενέσθαι
1294 1949 1407 2028 τὴν
1465 1950 1612 2019 Διὸς
1667 1952 1966 2015 τέκνωσιν

76 2132 82 2137 1
174 2050 275 2113 ἐπι
313 2057 423 2129 τῆς
467 2048 694 2128 Δίκτης
739 2052 805 2113 ἐν
853 2055 892 2129 ᾐ
937 2049 1043 2111 καὶ
1086 2048 1447 2130 απόῤῥητος
1468 2049 1706 2134 γίνεται
1747 2052 1965 2114 θυσία.

172 2149 346 2210 Haec
390 2150 445 2209 si
488 2148 946 2228 perpendamus
990 2150 1348 2209 testimonia
1390 2151 1662 2226 singula,
1707 2150 1786 2210 de
1829 2170 1965 2227 my-

174 2251 379 2309 steriis
426 2246 724 2309 Cureticis
771 2247 940 2308 idem
998 2249 1166 2328 quod
1224 2248 1301 2308 de
1358 2250 1571 2310 multis
1630 2251 1768 2310 aliis
1804 2257 1967 2331 'pro-

174 2347 592 2408 nunciandum
664 2359 789 2422 est,
868 2368 1016 2408 non
1085 2350 1422 2429 liquere,
1511 2352 1803 2430 quoniam
1869 2371 1966 2412 res

172 2470 287 2531 per
330 2468 398 2509 se
439 2451 699 2509 minime
738 2450 1168 2530 improbabilis
1215 2460 1420 2510 tamen
1464 2452 1646 2511 unius
1694 2450 1968 2511 Scholia-

171 2561 306 2611 stae
386 2549 689 2610 Platonici
766 2551 1133 2610 auctoritate
1212 2569 1435 2630 parum
1515 2550 1777 2611 fundata
1857 2561 1965 2611 est.

168 2651 334 2713 Hinc
402 2649 484 2711 ad
554 2650 852 2729 Phrygios
910 2648 1165 2710 Curetes
1232 2651 1747 2729 transgredimur,
1810 2671 1965 2731 quos

169 2754 280 2815 vix
320 2770 645 2813 nossemus
690 2754 942 2812 omnino
999 2754 1119 2813 nisi
1169 2751 1392 2812 Strabo
1438 2752 1840 2826 Phoronidis,
1897 2763 1967 2812 ut

173 2851 449 2926 videtur,
511 2854 877 2913 auctoritate
932 2861 1140 2914 motus
1186 2852 1338 2912 deae
1381 2852 1684 2930 Phrygiae
1739 2853 1966 2913 satelli-

175 2961 270 3012 tes
310 2955 399 3014 ita
442 2973 481 3013 a
525 2953 776 3014 Graecis
825 2964 1077 3015 vocatos
1123 2972 1257 3013 esse
1315 2951 1635 3027 traderet,
1674 2973 1796 3033 quo
1854 2972 1964 3012 no-

176 3054 345 3114 mine
386 3053 652 3133 Phryges
700 3057 799 3114 usi
853 3055 1008 3128 sint,
1075 3055 1228 3114 nihil
1285 3055 1592 3134 comperti,
1640 3053 1963 3128 habemus3

179 3153 365 3214 illud·
388 3165 548 3215 certe
603 3158 668 3215 in
727 3156 918 3216 sacris
975 3156 1287 3234 PhrygiiS‚
1345 3173 1500 3234 quae
1554 3163 1967 3234 metragyrtae

180 3256 379 3332 graeci
422 3263 485 3314 et
528 3254 693 3316 Galli
736 3257 931 3316 italici
975 3260 1399 3327 instituerunt,
1443 3274 1567 3314 non
1613 3264 1963 3337 usurpatur.

182 3354 308 3416 Nec
365 3352 615 3430 desunt,
682 3360 788 3437 qui
850 3356 1102 3418 Curetes
1161 3360 1323 3417 intra
1382 3354 1598 3416 Cretae
1670 3357 1965 3417 terminos
