2184 3840
283 219 409 281 814
814 232 1048 292 Lmen
1092 233 1517 278 SECUNDUS.

282 363 446 424 dem
498 362 847 423 homines
899 360 1263 434 habebat,
1318 364 1534 423 viros
1591 373 1842 422 autem
1886 365 2037 423 nul-

280 464 415 524 los.
505 462 784 531 Πολλοὺς
825 461 968 530 τοὺς
1012 463 1446 542 θορυβοῦντας
1489 463 1645 526 εἶναι
1686 463 1928 550 ὀλίγους
1970 463 2038 525 δὲ

278 564 423 633 τοὺς
479 560 997 643 στρατευομένους
1039 559 1357 620 Demosth.
1401 561 1564 622 Fals.
1608 562 1750 640 Leg.
1793 583 1853 644 p.
1899 560 2070 623 375«

280 671 370 735 et,
426 661 588 742 quod
631 660 977 740 proximum
1023 668 1143 718 est:
1188 661 1397 723 πολλοὶ
1438 663 1768 743 βουκένται
1812 670 2040 745 παῦροι

278 762 353 823 δέ
398 785 462 824 τε
513 769 624 845 γῆς
679 760 968 840 ἀροτῆρες
1021 758 1385 835 Diogenian.
1445 758 1612 820 Cent.
1659 761 1730 821 V.
1774 764 1832 822 2.
1918 761 2041 821 Sed

278 861 389 919 hos
435 876 645 929 omnes
688 859 1045 937 antiquitate
1095 859 1285 917 anteit
1329 858 1567 935 Sibylla
1609 860 1776 942 apud
1819 861 2040 921 Zenob.

281 956 448 1018 Cent.
492 958 564 1017 V.
608 978 668 1038 p.
714 956 850 1017 143.
897 955 1235 1041 Φιλόχορός
1279 980 1467 1040 φησιν
1510 959 1604 1021 ὅτι
1646 958 1890 1043 νύμφαι
1931 986 2041 1023 κα-

278 1063 479 1138 τεῖχον
521 1057 646 1122 τὸν·
677 1057 1022 1140 Παρνασὸν
1066 1059 1287 1141 τροφοὶ
1323 1055 1694 1130 Ἀπόλλωνος
1734 1066 1896 1144 τρεῖς
1929 1086 2041 1124 κα-

280 1155 571 1239 λούμεναι
621 1157 834 1241 Θριαί,
897 1158 1002 1241 ἀφ’
1049 1153 1141 1222 ὧν
1182 1160 1246 1220 αἱ
1286 1158 1580 1240 μαντικαὶ
1620 1167 1821 1243 ψῆφοι
1862 1162 2044 1244 θριαὶ

279 1266 612 1323 καλοῦνται
638 1257 733 1339 [†].
807 1259 1005 1320 ’Ἀλλοι
1057 1258 1126 1321 δὲ
1182 1259 1421 1345 λέγουσι
1475 1258 1588 1338 τὴν
1624 1261 1917 1339 Ἀθηνᾶν,
1941 1260 2043 1323 εὖ·

279 1363 409 1440 ρεῒν
451 1358 565 1438 τὴν
608 1358 714 1421 διὰ
757 1365 886 1422 τῶν
928 1356 1160 1441 ψήφων
1201 1357 1525 1440 μαντικήν,
1568 1354 1638 1438 ἧς
1679 1357 2043 1441 εὐδοκιμού-

281 1478 390 1537 σης
447 1466 684 1540 μᾶλλον
738 1465 867 1521 τῶν
913 1462 1234 1540 Δελφικῶν
1271 1467 1573 1541 χρησμῶν
1613 1459 1726 1524 τὸν
1769 1457 1890 1527 Δία
1925 1485 2043 1540 χα-

279 1556 603 1640 ριζόμενον
645 1565 734 1640 τῷ
769 1553 1099 1620 Ἀπόλλωνι
1143 1558 1343 1640 ψευδῆ
1378 1568 1756 1639 καταστῆσαι
1788 1559 1902 1638 τὴν
1935 1559 2040 1623 διὰ

277 1654 509 1740 ψήφων
550 1653 872 1737 μαντικήν.
960 1654 1168 1719 Πάλιν
1212 1654 1327 1720 οὖν
1368 1666 1497 1722 τῶν
1542 1655 1903 1741 ἀνθρώπων
1947 1657 2045 1720 ἐπὶ

277 1755 422 1825 τοὺς
467 1756 807 1838 Δελφικοὺς
855 1756 1174 1839 χρησμοὺς
1229 1758 1577 1839 ἐρχομένων
1619 1758 1734 1837 τὴν
1780 1757 2045 1822 Πυθίαν

277 1860 465 1920 εἰπεῖν

417 1968 614 2020 Πολλοὶ
650 1962 921 2037 θριοβόλοι
957 1971 1142 2037 παῦροι
1179 1967 1238 2020 δέ
1269 1989 1321 2021 τε
1355 1967 1562 2035 μάντιες
1595 1968 1792 2040 ἄνδρες.

276 2081 384 2142 ubi
425 2083 578 2142 nihil
621 2100 840 2141 causae
882 2090 1041 2154 erat,
1101 2102 1205 2142 cur
1250 2082 1582 2146 Salmasius
1627 2096 1688 2145 et
1729 2085 2045 2145 Berkelius

276 2182 358 2253 ad
401 2181 611 2262 Steph.
657 2181 1050 2241 emendarent
1093 2169 1441 2267 θριοφὸροι.
1484 2185 1645 2245 Nam
1688 2203 1812 2245 uon
1844 2186 2043 2246 solum

275 2284 342 2342 in
397 2283 597 2343 61033.
655 2283 760 2343 Gr.
803 2282 938 2343 Lat.
996 2283 1371 2344 tesellatores
1414 2293 1711 2346 vocantur
1752 2284 2046 2368 ψῃφοβό-

278 2390 403 2456 λοι,
460 2384 616 2441 sicut
671 2379 1064 2465 ψηφοβόλιον
1119 2384 1299 2462 pyxis
1311 2426 1330 2456 ‚
1390 2384 1553 2443 unde
1605 2385 1718 2443 tali
1753 2385 1824 2443 in
1865 2385 2044 2444 fritil-

277 2483 402 2541 lum
472 2482 876 2560 conjieiuntur
941 2479 1193 2541 Cedren.
1250 2479 1469 2542 Chron.
1523 2503 1582 2562 p.
1645 2481 1782 2543 125.
1843 2483 2042 2545 vales.

277 2581 361 2640 ad
415 2580 612 2663 Harp.
655 2601 716 2661 p.
767 2580 902 2640 196.
961 2591 1022 2640 et
1077 2580 1157 2640 ad
1201 2581 1455 2641 eandem
1502 2582 1763 2644 formam
1807 2607 2044 2666 κυαμο-

273 2669 452 2763 βόλοι
509 2680 678 2761 apud
719 2679 1128 2758 Hesychium,
1183 2680 1292 2741 sed
1335 2684 1519 2742 etiam
1561 2686 1627 2742 in
1672 2684 1871 2744 Gloss,
1914 2686 2043 2746 MS.

275 2799 374 2860 ap.
416 2781 522 2841 Du
566 2779 749 2860 Cang.
793 2800 840 2842 3.
893 2788 1110 2864 Ψηφᾶς
1150 2800 1210 2861 p.
1261 2782 1438 2842 1781.
1481 2783 1597 2842 hoc
1627 2784 1848 2862 legitur
1880 2786 2041 2865 quod

278 2897 524 2941 omnem
569 2881 1015 2942 dubitationem
1058 2882 1247 2941 tollit:
1297 2882 1618 2965 Θριοβόλοι
1661 2885 1781 2947 ἀπὸ
1825 2883 2043 2968 ψήφου

275 2977 542 3058 μάντεις.
601 2982 809 3042 Genus
850 2984 1052 3062 ipsum
1096 2980 1417 3044 divinandi
1459 2984 1752 3061 significat
1791 2982 2043 3046 Jambli—

278 3078 423 3138 chus
467 3078 545 3139 de
588 3081 775 3158 Myst.
818 3082 886 3142 L.
930 3083 1032 3143 ΙΙΙ.
1078 3102 1125 3142 c.
1172 3082 1265 3142 17.
1309 3104 1368 3164 p.
1394 3083 1493 3143 82.
1539 3091 1590 3146 εἰ
1631 3085 1700 3148 δὲ
1736 3087 1879 3168 ἄχρι
1911 3092 2042 3148 τῶν

393 3261 457 3318 [†]
490 3263 836 3320 Antiquissimum
878 3281 968 3309 esse
1010 3266 1185 3309 sortium
1224 3265 1459 3310 divinarum
1500 3282 1617 3311 usum
1658 3273 1701 3311 et
1729 3268 1841 3311 ratio
1871 3268 2041 3311 dictitat

277 3320 782 3432 {ffavffibusssscgssmffly
820 3325 970 3378 docet,
1001 3330 1136 3368 sortes
1166 3325 1316 3368 tollere
1344 3325 1615 3382 significans,
1646 3341 1751 3380 non,
1782 3333 1830 3370 ut
1859 3326 2038 3370 Lexico-

360 3392 385 3435 P
440 3409 456 3433 2
638 3413 648 3424 ·
