2184 3840
224 193 348 252 808
748 203 986 248 mann
1029 203 1452 247 SECUNDUS,

215 335 398 412 'gibus
452 335 744 394 sancitam
801 331 1291 409 subterfugisset,
1346 333 1413 389 in
1467 331 1659 390 altera
1701 331 1831 391 vita
1874 350 1984 409 par

223 434 436 494 sceleri
489 433 856 514 supplicium
910 429 1251 490 subiturum
1311 448 1468 488 esse:
1515 431 1589 494 ὃν
1632 430 1734 491 καὶ
1775 432 1987 491 πολλοὶ

224 532 407 618 λόγον
449 541 581 597 τῶν
624 536 691 596 εἶν
732 536 866 599 ταῖς
906 535 1168 598 τελεταῖς
1210 529 1451 611 περὶτὰ
1478 554 1734 592 τοιαυτα
1768 530 1997 591 donov?

221 632 506 697 ὃακότων
574 629 900 698 ἀκούοντες
970 626 1217 710 σφόδρα
1284 627 1641 702 πείθονται,
1723 628 1792 691 τὸ
1859 637 1988 691 τῶν

221 721 521 794 τοιούτων
563 730 726 793 τίσιν
769 732 835 791 ἐν
880 727 1036 808 ᾅδου
1079 727 1430 812 γίγνεσθαι,
1473 729 1578 790 καὶ
1619 726 1804 791 πάλιν
1841 729 1989 810 ἄφι-

219 832 515 912 κομένους
569 830 753 911 δεῦρο
810 828 1153 912 ἀναγκαῖον
1210 826 1366 889 εἶναι
1418 825 1535 904 τὴν
1586 827 1744 889 κατὰ
1799 824 1990 909 φύσιν

221 929 402 1007 δίκην
445 927 675 991 ἐκτῖσαι
717 926 831 1007 τὴν
875 934 988 989 τοῦ
1031 923 1350 995 παθόντος
1394 925 1547 1008 ἅπερ
1588 926 1774 995 αὐτὸς
1809 926 1990 1008 ἔδρα-

223 1049 327 1091 σεν
383 1029 481 1091 ὑπ’
545 1030 732 1098 ἄλλου
777 1023 1031 1105 τοιαύτῃ
1075 1024 1263 1107 μοίρᾳ
1305 1032 1657 1104 τελευτῆσαι
1698 1023 1813 1088 τὸν
1855 1021 1992 1086 τότε

217 1127 363 1209 βίον
415 1128 589 1188 Plato
644 1127 824 1205 Legg.
878 1125 986 1185 IX.
1030 1125 1173 1184 870.
1217 1124 1289 1183 E.
1348 1142 1488 1201 ergo
1534 1134 1602 1182 ut
1643 1125 1697 1182 is
1739 1124 1843 1202 qui
1885 1142 1994 1203 pa-

220 1237 375 1286 trem
421 1227 728 1300 occiderit,
773 1226 1046 1287 vicissim
1092 1223 1400 1283 occidatur
1446 1242 1484 1283 a
1526 1222 1674 1296 filio,
1719 1224 1825 1302 qui
1866 1242 1995 1282 ma-

221 1334 408 1399 trem,
465 1327 542 1386 ab
601 1346 709 1400 eo,
763 1345 941 1405 quem
998 1326 1132 1404 ipse
1186 1325 1252 1382 in
1293 1323 1587 1382 feminam
1632 1340 1847 1384 versus
1889 1341 1997 1401 pe-

218 1428 497 1504 perisset.
583 1427 866 1505 Eumque
929 1426 1062 1485 sive
1117 1427 1335 1504 μῦθον
1390 1424 1525 1483 sive
1581 1420 1768 1509 λόγον
1821 1422 1994 1480 Plato

221 1524 370 1583 dicit
412 1525 489 1584 ab
534 1526 802 1604 antiquis
846 1521 1268 1583 sacerdotibus
1313 1521 1561 1581 definite
1616 1533 1677 1581 et
1729 1523 1997 1601 graviter

221 1623 513 1683 traditum
559 1641 724 1695 esse,
767 1622 1210 1698 Pythagoram,
1255 1630 1324 1679 ut
1365 1621 1571 1699 palam
1617 1630 1738 1694 est,
1791 1623 1997 1680 imita-

221 1725 318 1781 tis,
404 1723 503 1782 De
545 1722 766 1781 iisdem
809 1722 979 1800 loqui
1021 1719 1271 1781 videtur
1313 1720 1490 1779 Plato
1537 1722 1996 1781 commenticius

219 1823 286 1880 in
341 1822 457 1901 Ep.
511 1820 643 1881 VII.
699 1818 840 1881 335.
895 1820 1232 1883 πείθεσθαι
1278 1820 1399 1902 χρὴ
1442 1827 1570 1891 τοῖς
1611 1827 1891 1891 παλαιοῖς
1931 1847 1996 1883 τε

222 1920 328 1984 καὶ
360 1924 550 2004 ’ἱεροῖς
595 1920 834 2008 λόγοις,
879 1922 943 1983 οἳ
981 1920 1059 2000 δὴ
1102 1916 1451 2001 μηνύουσιν
1482 1921 1632 2002 ἡμῖν
1667 1918 1998 1986 ἀθάνατον

222 2021 433 2102 ψυχὴν
476 2022 666 2095 εἶναι,
711 2019 1007 2090 δικαστάς
1047 2046 1112 2082 τε
1158 2021 1315 2099 ἔχειν
1356 2021 1462 2082 καὶ
1501 2021 1692 2084 τίνειν
1734 2021 1847 2091 τὰς
1887 2046 1997 2104 μεὼ

222 2120 438 2204 γίστας
479 2122 778 2205 τιμωρίας
820 2120 946 2185 ἐάν
970 2145 1062 2190 τις
1103 2124 1498 2200 μεταλλαχθῇ
1541 2128 1654 2183 τοῦ
1696 2118 1996 2204 σώματος·

225 2238 481 2300 eamque
537 2219 876 2280 doctrinam
930 2238 968 2279 a
1009 2236 1322 2278 sacrorum
1367 2221 1767 2294 mysticorum
1808 2222 1998 2298 magi-

224 2321 367 2378 stris
421 2322 908 2385 constantissime
960 2327 1360 2398 propagatam
1405 2337 1538 2378 esse
1580 2338 1614 2377 e
1659 2316 1821 2378 Celsi
1865 2338 1998 2380 ora-

227 2420 396 2478 tione
439 2421 816 2497 cognoscitur
859 2437 956 2497 ap.
1002 2416 1168 2494 Orig.
1203 2415 1356 2475 VIII.
1379 2417 1522 2476 408.
1556 2416 1822 2497 μάλιστα
1858 2419 1996 2500 μὲν,

230 2515 282 2579 ὦ
324 2519 632 2601 βέλτιστε,
689 2519 882 2600 ὥςπερ
929 2517 1006 2580 σὺ
1051 2513 1327 2585 κολάσεις
1371 2516 1661 2587 αἰωνίους
1711 2518 1998 2600 νομίζεις,

231 2618 394 2680 οὕτω
450 2619 555 2680 καὶ
609 2620 667 2681 οἱ
720 2625 851 2681 τῶν
909 2619 1048 2699 ἱερεῖ
1052 2639 1091 2680 ν
1147 2615 1431 2700 ἐξηγηταὶ
1472 2617 1747 2680 τελεσταί
1785 2643 1849 2680 τε
1893 2619 2000 2682 καὶ

229 2717 645 2803 μυσταγωγοί.
757 2714 1032 2790 Quorum
1123 2716 1397 2774 omnium
1465 2715 1619 2775 nihil
1685 2719 1999 2796 vitupera—

232 2817 399 2875 tione
443 2816 693 2895 dignum
735 2816 913 2890 foret,
955 2817 1075 2876 nisi
1116 2815 1263 2874 boni
1305 2815 1399 2874 illi
1439 2817 1562 2877 viri
1603 2835 1733 2875 rem
1775 2817 2000 2877 saluta-

231 2934 362 2976 rem
418 2915 657 2977 duobus
709 2917 1099 2997 nequissimis
1153 2913 1484 2976 mendaciis
1540 2915 2000 2996 adulterassent,

233 3033 490 3094 quorum
545 3035 732 3076 unum
790 3015 1048 3076 initiatis
1103 3033 1406 3075 summam
1460 3025 1844 3098 precatorum
1885 3017 2000 3075 im-

232 3117 572 3194 punitatem
627 3115 829 3190 daret,
882 3116 1141 3176 alterum
1182 3117 1259 3174 iis
1272 3158 1290 3188 ,
1345 3116 1450 3194 qui
1490 3115 1717 3174 nullius
1758 3115 2000 3174 sceleris

233 3214 352 3274 sibi
418 3217 641 3276 conscii
703 3215 813 3276 sed
867 3234 991 3277 non
1043 3215 1268 3275 initiati
1324 3223 1554 3287 essent,
1616 3223 1998 3274 aeternorum

235 3316 674 3398 suppliciorum
716 3325 945 3378 metum
991 3316 1278 3394 injiceret.
1368 3314 1540 3373 Plato
1586 3315 1649 3372 in
1694 3311 1995 3374 Phaedon.
