<?xml version="1.0" encoding="UTF-8"?>
<!DOCTYPE html PUBLIC "-//W3C//DTD XHTML 1.0 Transitional//EN"
    "http://www.w3.org/TR/xhtml1/DTD/xhtml1-transitional.dtd">
<html xmlns="http://www.w3.org/1999/xhtml" xml:lang="en" lang="en">
 <head>
  <title>
</title>
<meta http-equiv="Content-Type" content="text/html;charset=utf-8" />
  <meta name='ocr-system' content='tesseract 3.04.00' />
  <meta name='ocr-capabilities' content='ocr_page ocr_carea ocr_par ocr_line ocrx_word'/>
</head>
<body>
  <div class='ocr_page' id='page_1' title='image "./aglaophamussived02lobeuoft_0235.png"; bbox 0 0 2150 3814; ppageno 0'>
   <div class='ocr_carea' id='block_1_1' title="bbox 0 0 44 3814">
    <p class='ocr_par' dir='ltr' id='par_1_1' title="bbox 0 0 44 3814">
     <span class='ocr_line' id='line_1_1' title="bbox 0 0 44 3814; baseline 0 0"><span class='ocrx_word' id='word_1_1' title='bbox 0 0 44 3814; x_wconf 95' lang='lat' dir='ltr'><strong> </strong></span> 
     </span>
    </p>
   </div>
   <div class='ocr_carea' id='block_1_2' title="bbox 820 229 1938 310">
    <p class='ocr_par' dir='ltr' id='par_1_2' title="bbox 820 229 1938 310">
     <span class='ocr_line' id='line_1_2' title="bbox 820 229 1938 310; baseline 0.009 -10"><span class='ocrx_word' id='word_1_2' title='bbox 820 229 1272 301; x_wconf 50' lang='lat' dir='ltr'><strong>our-ulcr.</strong></span> <span class='ocrx_word' id='word_1_3' title='bbox 1405 289 1409 294; x_wconf 14' lang='lat' dir='ltr'>x</span> <span class='ocrx_word' id='word_1_4' title='bbox 1780 247 1938 310; x_wconf 79' lang='lat'>1011</span> 
     </span>
    </p>
   </div>
   <div class='ocr_carea' id='block_1_3' title="bbox 144 385 1939 2455">
    <p class='ocr_par' dir='ltr' id='par_1_3' title="bbox 144 385 1939 2455">
     <span class='ocr_line' id='line_1_3' title="bbox 330 385 1939 470; baseline 0.003 -23"><span class='ocrx_word' id='word_1_5' title='bbox 330 386 682 449; x_wconf 68' lang='lat' dir='ltr'><strong>Sententiae</strong></span> <span class='ocrx_word' id='word_1_6' title='bbox 738 387 816 454; x_wconf 91' lang='lat' dir='ltr'><strong>ab</strong></span> <span class='ocrx_word' id='word_1_7' title='bbox 875 406 951 446; x_wconf 92' lang='lat' dir='ltr'><strong>eo</strong></span> <span class='ocrx_word' id='word_1_8' title='bbox 1005 389 1373 470; x_wconf 85' lang='lat' dir='ltr'><strong>propositae·</strong></span> <span class='ocrx_word' id='word_1_9' title='bbox 1408 385 1545 446; x_wconf 88' lang='lat' dir='ltr'><strong>duo·</strong></span> <span class='ocrx_word' id='word_1_10' title='bbox 1575 395 1727 447; x_wconf 89' lang='lat' dir='ltr'><strong>sunt.</strong></span> <span class='ocrx_word' id='word_1_11' title='bbox 1744 394 1939 469; x_wconf 71' lang='lat' dir='ltr'><strong>quasi</strong></span> 
     </span>
     <span class='ocr_line' id='line_1_4' title="bbox 161 488 1935 572; baseline 0.002 -26"><span class='ocrx_word' id='word_1_12' title='bbox 161 488 393 567; x_wconf 88' lang='lat' dir='ltr'><strong>capita,</strong></span> <span class='ocrx_word' id='word_1_13' title='bbox 436 505 704 568; x_wconf 83' lang='lat' dir='ltr'><strong>quorum</strong></span> <span class='ocrx_word' id='word_1_14' title='bbox 736 505 929 548; x_wconf 86' lang='lat' dir='ltr'><strong>unum</strong></span> <span class='ocrx_word' id='word_1_15' title='bbox 971 491 1184 572; x_wconf 83' lang='lat' dir='ltr'><strong>utique</strong></span> <span class='ocrx_word' id='word_1_16' title='bbox 1227 505 1635 552; x_wconf 59' lang='lat' dir='ltr'><strong>novumzanon</strong></span> <span class='ocrx_word' id='word_1_17' title='bbox 1678 491 1935 561; x_wconf 72' lang='lat' dir='ltr'><strong>est,.·al·-</strong></span> 
     </span>
     <span class='ocr_line' id='line_1_5' title="bbox 159 578 1934 670; baseline 0.004 -29"><span class='ocrx_word' id='word_1_18' title='bbox 159 593 358 646; x_wconf 89' lang='lat' dir='ltr'><strong>terum</strong></span> <span class='ocrx_word' id='word_1_19' title='bbox 409 606 628 647; x_wconf 88' lang='lat' dir='ltr'><strong>vereor</strong></span> <span class='ocrx_word' id='word_1_20' title='bbox 652 578 750 646; x_wconf 50' lang='grc' dir='ltr'><strong>’ἤιε</strong></span> <span class='ocrx_word' id='word_1_21' title='bbox 799 587 1049 668; x_wconf 79' lang='lat' dir='ltr'><strong>probari</strong></span> <span class='ocrx_word' id='word_1_22' title='bbox 1090 591 1306 670; x_wconf 85' lang='lat' dir='ltr'><strong>possit.</strong></span> <span class='ocrx_word' id='word_1_23' title='bbox 1350 604 1352 606; x_wconf 84' lang='grc'><em>·</em></span> <span class='ocrx_word' id='word_1_24' title='bbox 1391 584 1934 664; x_wconf 56' lang='lat' dir='ltr'><strong>Guluotes„1cotyt-</strong></span> 
     </span>
     <span class='ocr_line' id='line_1_6' title="bbox 158 683 1932 766; baseline 0.003 -25"><span class='ocrx_word' id='word_1_25' title='bbox 158 693 256 742; x_wconf 91' lang='lat' dir='ltr'><strong>tus</strong></span> <span class='ocrx_word' id='word_1_26' title='bbox 296 683 524 764; x_wconf 88' lang='lat' dir='ltr'><strong>Baptas</strong></span> <span class='ocrx_word' id='word_1_27' title='bbox 565 694 821 748; x_wconf 86' lang='lat' dir='ltr'><strong>vocatos</strong></span> <span class='ocrx_word' id='word_1_28' title='bbox 863 706 996 749; x_wconf 89' lang='lat' dir='ltr'><strong>esse</strong></span> <span class='ocrx_word' id='word_1_29' title='bbox 1036 688 1116 750; x_wconf 85' lang='lat' dir='ltr'><strong>ab</strong></span> <span class='ocrx_word' id='word_1_30' title='bbox 1157 686 1650 751; x_wconf 85' lang='lat' dir='ltr'><strong>immersionibus</strong></span> <span class='ocrx_word' id='word_1_31' title='bbox 1679 696 1757 745; x_wconf 49' lang='lat' dir='ltr'><strong>*et</strong></span> <span class='ocrx_word' id='word_1_32' title='bbox 1781 686 1932 766; x_wconf 90' lang='lat' dir='ltr'><strong>bap-</strong></span> 
     </span>
     <span class='ocr_line' id='line_1_7' title="bbox 155 783 1932 867; baseline 0.001 -25"><span class='ocrx_word' id='word_1_33' title='bbox 155 783 387 857; x_wconf 82' lang='lat' dir='ltr'><strong>tismiS,</strong></span> <span class='ocrx_word' id='word_1_34' title='bbox 428 804 468 845; x_wconf 93' lang='lat' dir='ltr'><strong>a</strong></span> <span class='ocrx_word' id='word_1_35' title='bbox 507 786 813 867; x_wconf 86' lang='lat' dir='ltr'><strong>principio</strong></span> <span class='ocrx_word' id='word_1_36' title='bbox 854 789 1172 867; x_wconf 69' lang='lat' dir='ltr'><strong>religionis</strong></span> <span class='ocrx_word' id='word_1_37' title='bbox 1189 787 1730 849; x_wconf 20' lang='lat' dir='ltr'><strong>*causa-institutis</strong></span> <span class='ocrx_word' id='word_1_38' title='bbox 1745 828 1763 858; x_wconf 94' lang='lat'><strong>,</strong></span> <span class='ocrx_word' id='word_1_39' title='bbox 1827 784 1932 844; x_wconf 88' lang='lat' dir='ltr'><strong>de-</strong></span> 
     </span>
     <span class='ocr_line' id='line_1_8' title="bbox 152 877 1933 967; baseline 0.002 -26"><span class='ocrx_word' id='word_1_40' title='bbox 152 877 294 942; x_wconf 87' lang='lat' dir='ltr'><strong>hinc</strong></span> <span class='ocrx_word' id='word_1_41' title='bbox 342 884 412 943; x_wconf 87' lang='lat' dir='ltr'><strong>in</strong></span> <span class='ocrx_word' id='word_1_42' title='bbox 462 884 798 948; x_wconf 84' lang='lat' dir='ltr'><strong>ludibrium</strong></span> <span class='ocrx_word' id='word_1_43' title='bbox 841 891 1069 963; x_wconf 87' lang='lat' dir='ltr'><strong>versis,</strong></span> <span class='ocrx_word' id='word_1_44' title='bbox 1121 896 1509 949; x_wconf 77' lang='lat' dir='ltr'><strong>nostraerat</strong></span> <span class='ocrx_word' id='word_1_45' title='bbox 1554 887 1799 967; x_wconf 88' lang='lat' dir='ltr'><strong>opinio,</strong></span> <span class='ocrx_word' id='word_1_46' title='bbox 1855 884 1933 952; x_wconf 81' lang='lat' dir='ltr'><strong>de</strong></span> 
     </span>
     <span class='ocr_line' id='line_1_9' title="bbox 153 983 1931 1067; baseline 0.002 -26"><span class='ocrx_word' id='word_1_47' title='bbox 153 999 274 1060; x_wconf 90' lang='lat' dir='ltr'><strong>qua</strong></span> <span class='ocrx_word' id='word_1_48' title='bbox 325 983 432 1044; x_wconf 92' lang='lat' dir='ltr'><strong>ille</strong></span> <span class='ocrx_word' id='word_1_49' title='bbox 485 985 640 1045; x_wconf 88' lang='lat' dir='ltr'><strong>nihil</strong></span> <span class='ocrx_word' id='word_1_50' title='bbox 690 988 1009 1060; x_wconf 90' lang='lat' dir='ltr'><strong>immutat,</strong></span> <span class='ocrx_word' id='word_1_51' title='bbox 1061 989 1199 1047; x_wconf 65' lang='lat' dir='ltr'><strong>&gt;nisi</strong></span> <span class='ocrx_word' id='word_1_52' title='bbox 1253 985 1427 1067; x_wconf 84' lang='lat' dir='ltr'><strong>quod.</strong></span> <span class='ocrx_word' id='word_1_53' title='bbox 1476 1003 1707 1043; x_wconf 88' lang='lat' dir='ltr'><strong>nomen</strong></span> <span class='ocrx_word' id='word_1_54' title='bbox 1760 983 1931 1044; x_wconf 90' lang='lat' dir='ltr'><strong>istud</strong></span> 
     </span>
     <span class='ocr_line' id='line_1_10' title="bbox 151 1082 1933 1164; baseline 0.001 -25"><span class='ocrx_word' id='word_1_55' title='bbox 151 1099 277 1140; x_wconf 87' lang='lat' dir='ltr'><strong>non</strong></span> <span class='ocrx_word' id='word_1_56' title='bbox 340 1084 409 1142; x_wconf 87' lang='lat' dir='ltr'><strong>in</strong></span> <span class='ocrx_word' id='word_1_57' title='bbox 474 1086 692 1162; x_wconf 86' lang='lat' dir='ltr'><strong>vulgus</strong></span> <span class='ocrx_word' id='word_1_58' title='bbox 754 1096 1008 1146; x_wconf 69' lang='lat' dir='ltr'><strong>notum:</strong></span> <span class='ocrx_word' id='word_1_59' title='bbox 1030 1085 1142 1145; x_wconf 93' lang='lat' dir='ltr'><strong>sed</strong></span> <span class='ocrx_word' id='word_1_60' title='bbox 1195 1085 1285 1145; x_wconf 37' lang='lat' dir='ltr'><strong>ab.</strong></span> <span class='ocrx_word' id='word_1_61' title='bbox 1332 1082 1642 1164; x_wconf 86' lang='lat' dir='ltr'><strong>Eupolide</strong></span> <span class='ocrx_word' id='word_1_62' title='bbox 1701 1085 1933 1142; x_wconf 88' lang='lat' dir='ltr'><strong>comice</strong></span> 
     </span>
     <span class='ocr_line' id='line_1_11' title="bbox 149 1161 1934 1264; baseline 0.001 -25"><span class='ocrx_word' id='word_1_63' title='bbox 149 1182 360 1240; x_wconf 89' lang='lat' dir='ltr'><strong>fictum</strong></span> <span class='ocrx_word' id='word_1_64' title='bbox 411 1191 624 1261; x_wconf 85' lang='lat' dir='ltr'><strong>putat,</strong></span> <span class='ocrx_word' id='word_1_65' title='bbox 675 1184 792 1244; x_wconf 91' lang='lat' dir='ltr'><strong>hac</strong></span> <span class='ocrx_word' id='word_1_66' title='bbox 822 1161 958 1244; x_wconf 56' lang='lat' dir='ltr'><strong>‘&#39;iina</strong></span> <span class='ocrx_word' id='word_1_67' title='bbox 997 1186 1237 1244; x_wconf 88' lang='lat' dir='ltr'><strong>ratione</strong></span> <span class='ocrx_word' id='word_1_68' title='bbox 1249 1225 1282 1257; x_wconf 92' lang='lat'><strong>,.</strong></span> <span class='ocrx_word' id='word_1_69' title='bbox 1313 1181 1934 1264; x_wconf 79' lang='lat' dir='ltr'><strong>quod-demonstrari</strong></span> 
     </span>
     <span class='ocr_line' id='line_1_12' title="bbox 149 1283 1931 1362; baseline 0.002 -24"><span class='ocrx_word' id='word_1_70' title='bbox 149 1290 440 1359; x_wconf 84' lang='lat' dir='ltr'><strong>nequeat,</strong></span> <span class='ocrx_word' id='word_1_71' title='bbox 491 1283 702 1342; x_wconf 90' lang='lat' dir='ltr'><strong>fictum</strong></span> <span class='ocrx_word' id='word_1_72' title='bbox 757 1300 886 1344; x_wconf 89' lang='lat' dir='ltr'><strong>non</strong></span> <span class='ocrx_word' id='word_1_73' title='bbox 927 1302 1078 1344; x_wconf 87' lang='lat' dir='ltr'><strong>esse.</strong></span> <span class='ocrx_word' id='word_1_74' title='bbox 1180 1283 1342 1344; x_wconf 88' lang='lat' dir='ltr'><strong>Sane</strong></span> <span class='ocrx_word' id='word_1_75' title='bbox 1383 1284 1654 1355; x_wconf 85' lang='lat' dir='ltr'><strong>hercule,</strong></span> <span class='ocrx_word' id='word_1_76' title='bbox 1695 1283 1751 1342; x_wconf 86' lang='lat' dir='ltr'><strong>si</strong></span> <span class='ocrx_word' id='word_1_77' title='bbox 1793 1283 1931 1362; x_wconf 87' lang='lat' dir='ltr'><strong>quis</strong></span> 
     </span>
     <span class='ocr_line' id='line_1_13' title="bbox 146 1381 1932 1466; baseline 0.002 -29"><span class='ocrx_word' id='word_1_78' title='bbox 146 1387 502 1456; x_wconf 88' lang='lat' dir='ltr'><strong>argumenta</strong></span> <span class='ocrx_word' id='word_1_79' title='bbox 562 1385 848 1464; x_wconf 82' lang='lat' dir='ltr'><strong>requirit,</strong></span> <span class='ocrx_word' id='word_1_80' title='bbox 915 1391 1070 1466; x_wconf 84' lang='lat' dir='ltr'><strong>quae</strong></span> <span class='ocrx_word' id='word_1_81' title='bbox 1127 1385 1562 1464; x_wconf 82' lang='lat' dir='ltr'><strong>geometricam</strong></span> <span class='ocrx_word' id='word_1_82' title='bbox 1620 1381 1932 1463; x_wconf 85' lang='lat' dir='ltr'><strong>quandam</strong></span> 
     </span>
     <span class='ocr_line' id='line_1_14' title="bbox 146 1479 1929 1567; baseline -0.001 -27"><span class='ocrx_word' id='word_1_83' title='bbox 146 1479 576 1567; x_wconf 73' lang='grc' dir='ltr'><strong><em>πειθανοίγκην</em></strong></span> <span class='ocrx_word' id='word_1_84' title='bbox 630 1484 918 1558; x_wconf 88' lang='lat' dir='ltr'><strong>afferant,</strong></span> <span class='ocrx_word' id='word_1_85' title='bbox 970 1485 1171 1544; x_wconf 90' lang='lat' dir='ltr'><strong>fateor</strong></span> <span class='ocrx_word' id='word_1_86' title='bbox 1212 1486 1383 1545; x_wconf 92' lang='lat' dir='ltr'><strong>nulla</strong></span> <span class='ocrx_word' id='word_1_87' title='bbox 1426 1503 1590 1555; x_wconf 90' lang='lat' dir='ltr'><strong>esse,</strong></span> <span class='ocrx_word' id='word_1_88' title='bbox 1633 1481 1743 1541; x_wconf 89' lang='lat' dir='ltr'><strong>sed</strong></span> <span class='ocrx_word' id='word_1_89' title='bbox 1784 1500 1929 1562; x_wconf 57' lang='lat' dir='ltr'><strong>pro·-</strong></span> 
     </span>
     <span class='ocr_line' id='line_1_15' title="bbox 146 1577 1930 1662; baseline 0.001 -24"><span class='ocrx_word' id='word_1_90' title='bbox 146 1577 377 1640; x_wconf 89' lang='lat' dir='ltr'><strong>babilia</strong></span> <span class='ocrx_word' id='word_1_91' title='bbox 432 1585 712 1662; x_wconf 86' lang='lat' dir='ltr'><strong>sequenti</strong></span> <span class='ocrx_word' id='word_1_92' title='bbox 762 1585 904 1643; x_wconf 90' lang='lat' dir='ltr'><strong>ficto</strong></span> <span class='ocrx_word' id='word_1_93' title='bbox 962 1584 1166 1643; x_wconf 91' lang='lat' dir='ltr'><strong>simile</strong></span> <span class='ocrx_word' id='word_1_94' title='bbox 1208 1602 1333 1643; x_wconf 92' lang='lat' dir='ltr'><strong>non</strong></span> <span class='ocrx_word' id='word_1_95' title='bbox 1376 1582 1655 1654; x_wconf 85' lang='lat' dir='ltr'><strong>videtur,</strong></span> <span class='ocrx_word' id='word_1_96' title='bbox 1700 1582 1930 1661; x_wconf 93' lang='lat' dir='ltr'><strong>quippe</strong></span> 
     </span>
     <span class='ocr_line' id='line_1_16' title="bbox 146 1680 1931 1749; baseline 0.001 -13"><span class='ocrx_word' id='word_1_97' title='bbox 146 1696 186 1736; x_wconf 91' lang='lat' dir='ltr'><strong>a</strong></span> <span class='ocrx_word' id='word_1_98' title='bbox 239 1680 502 1742; x_wconf 79' lang='lat' dir='ltr'><strong>solemni</strong></span> <span class='ocrx_word' id='word_1_99' title='bbox 552 1684 846 1749; x_wconf 75' lang='lat' dir='ltr'><strong>muneris⁴</strong></span> <span class='ocrx_word' id='word_1_100' title='bbox 880 1685 1037 1743; x_wconf 84' lang='lat' dir='ltr'><strong>sacri</strong></span> <span class='ocrx_word' id='word_1_101' title='bbox 1088 1684 1406 1743; x_wconf 85' lang='lat' dir='ltr'><strong>functione</strong></span> <span class='ocrx_word' id='word_1_102' title='bbox 1465 1682 1718 1741; x_wconf 91' lang='lat' dir='ltr'><strong>ductum</strong></span> <span class='ocrx_word' id='word_1_103' title='bbox 1777 1690 1837 1738; x_wconf 89' lang='lat' dir='ltr'><strong>et</strong></span> <span class='ocrx_word' id='word_1_104' title='bbox 1892 1699 1931 1738; x_wconf 93' lang='lat' dir='ltr'><strong>a</strong></span> 
     </span>
     <span class='ocr_line' id='line_1_17' title="bbox 144 1778 1930 1860; baseline 0 -24"><span class='ocrx_word' id='word_1_105' title='bbox 144 1780 312 1859; x_wconf 90' lang='lat' dir='ltr'><strong>turpi</strong></span> <span class='ocrx_word' id='word_1_106' title='bbox 366 1781 698 1840; x_wconf 19' lang='lat' dir='ltr'><strong>intellectu.</strong></span> <span class='ocrx_word' id='word_1_107' title='bbox 733 1800 926 1859; x_wconf 89' lang='lat' dir='ltr'><strong>aeque</strong></span> <span class='ocrx_word' id='word_1_108' title='bbox 978 1791 1286 1840; x_wconf 91' lang='lat' dir='ltr'><strong>remotum</strong></span> <span class='ocrx_word' id='word_1_109' title='bbox 1342 1790 1525 1860; x_wconf 88' lang='lat' dir='ltr'><strong>atque</strong></span> <span class='ocrx_word' id='word_1_110' title='bbox 1581 1785 1676 1836; x_wconf 90' lang='lat' dir='ltr'><strong>est</strong></span> <span class='ocrx_word' id='word_1_111' title='bbox 1717 1778 1930 1857; x_wconf 92' lang='lat' dir='ltr'><strong>Bapti-</strong></span> 
     </span>
     <span class='ocr_line' id='line_1_18' title="bbox 145 1878 1928 1956; baseline -0.001 -20"><span class='ocrx_word' id='word_1_112' title='bbox 145 1887 277 1937; x_wconf 85' lang='lat' dir='ltr'><strong>stae</strong></span> <span class='ocrx_word' id='word_1_113' title='bbox 328 1896 555 1938; x_wconf 91' lang='lat' dir='ltr'><strong>nomen</strong></span> <span class='ocrx_word' id='word_1_114' title='bbox 609 1882 675 1939; x_wconf 91' lang='lat' dir='ltr'><strong>in</strong></span> <span class='ocrx_word' id='word_1_115' title='bbox 733 1888 946 1939; x_wconf 89' lang='lat' dir='ltr'><strong>nostra</strong></span> <span class='ocrx_word' id='word_1_116' title='bbox 1006 1880 1292 1940; x_wconf 84' lang='lat' dir='ltr'><strong>Ecclesia.</strong></span> <span class='ocrx_word' id='word_1_117' title='bbox 1391 1880 1465 1937; x_wconf 92' lang='lat' dir='ltr'><strong>In</strong></span> <span class='ocrx_word' id='word_1_118' title='bbox 1521 1878 1928 1956; x_wconf 88' lang='lat' dir='ltr'><strong>Inscriptione</strong></span> 
     </span>
     <span class='ocr_line' id='line_1_19' title="bbox 144 1975 1929 2058; baseline 0 -23"><span class='ocrx_word' id='word_1_119' title='bbox 144 1975 395 2037; x_wconf 91' lang='lat' dir='ltr'><strong>Aricina</strong></span> <span class='ocrx_word' id='word_1_120' title='bbox 439 1987 534 2039; x_wconf 89' lang='lat' dir='ltr'><strong>est</strong></span> <span class='ocrx_word' id='word_1_121' title='bbox 574 1979 879 2038; x_wconf 91' lang='lat' dir='ltr'><strong>Dianae</strong></span> <span class='ocrx_word' id='word_1_122' title='bbox 922 1977 1323 2058; x_wconf 84' lang='lat' dir='ltr'><strong>Augustae</strong></span> <span class='ocrx_word' id='word_1_123' title='bbox 1369 1976 1929 2055; x_wconf 89' lang='lat' dir='ltr'><strong>CollegumLo-</strong></span> 
     </span>
     <span class='ocr_line' id='line_1_20' title="bbox 145 2075 1929 2158; baseline 0 -24"><span class='ocrx_word' id='word_1_124' title='bbox 145 2084 401 2136; x_wconf 91' lang='lat' dir='ltr'><strong>torum</strong></span> <span class='ocrx_word' id='word_1_125' title='bbox 434 2078 526 2158; x_wconf 90' lang='lat'><strong>[⁷]</strong></span> <span class='ocrx_word' id='word_1_126' title='bbox 581 2080 878 2138; x_wconf 88' lang='lat' dir='ltr'><strong>incertum</strong></span> <span class='ocrx_word' id='word_1_127' title='bbox 934 2097 1054 2158; x_wconf 94' lang='lat' dir='ltr'><strong>quo</strong></span> <span class='ocrx_word' id='word_1_128' title='bbox 1113 2097 1367 2138; x_wconf 90' lang='lat' dir='ltr'><strong>munere</strong></span> <span class='ocrx_word' id='word_1_129' title='bbox 1431 2076 1744 2148; x_wconf 89' lang='lat' dir='ltr'><strong>functum,</strong></span> <span class='ocrx_word' id='word_1_130' title='bbox 1817 2075 1929 2134; x_wconf 89' lang='lat' dir='ltr'><strong>sed</strong></span> 
     </span>
     <span class='ocr_line' id='line_1_21' title="bbox 147 2175 1928 2255; baseline 0.001 -22"><span class='ocrx_word' id='word_1_131' title='bbox 147 2184 311 2234; x_wconf 88' lang='lat' dir='ltr'><strong>certo</strong></span> <span class='ocrx_word' id='word_1_132' title='bbox 366 2187 722 2255; x_wconf 87' lang='lat' dir='ltr'><strong>argumento</strong></span> <span class='ocrx_word' id='word_1_133' title='bbox 775 2177 1081 2239; x_wconf 85' lang='lat' dir='ltr'><strong>vocabula</strong></span> <span class='ocrx_word' id='word_1_134' title='bbox 1135 2175 1444 2254; x_wconf 87' lang='lat' dir='ltr'><strong>ejusmodi</strong></span> <span class='ocrx_word' id='word_1_135' title='bbox 1485 2193 1563 2233; x_wconf 88' lang='lat' dir='ltr'><strong>ne</strong></span> <span class='ocrx_word' id='word_1_136' title='bbox 1605 2176 1928 2237; x_wconf 88' lang='lat' dir='ltr'><strong>minimam</strong></span> 
     </span>
     <span class='ocr_line' id='line_1_22' title="bbox 147 2272 1926 2356; baseline -0.001 -22"><span class='ocrx_word' id='word_1_137' title='bbox 147 2274 398 2355; x_wconf 90' lang='lat' dir='ltr'><strong>quidem</strong></span> <span class='ocrx_word' id='word_1_138' title='bbox 461 2276 733 2337; x_wconf 89' lang='lat' dir='ltr'><strong>ludicrae</strong></span> <span class='ocrx_word' id='word_1_139' title='bbox 799 2278 1063 2336; x_wconf 87' lang='lat' dir='ltr'><strong>fictionis</strong></span> <span class='ocrx_word' id='word_1_140' title='bbox 1137 2277 1548 2356; x_wconf 88' lang='lat' dir='ltr'><strong>suspicionem</strong></span> <span class='ocrx_word' id='word_1_141' title='bbox 1616 2272 1926 2354; x_wconf 88' lang='lat' dir='ltr'><strong>praebere.</strong></span> 
     </span>
     <span class='ocr_line' id='line_1_23' title="bbox 145 2364 1927 2455; baseline 0 -21"><span class='ocrx_word' id='word_1_142' title='bbox 145 2373 318 2435; x_wconf 90' lang='lat' dir='ltr'><strong>Illius</strong></span> <span class='ocrx_word' id='word_1_143' title='bbox 360 2364 695 2436; x_wconf 86' lang='lat' dir='ltr'><strong>Lombardi</strong></span> <span class='ocrx_word' id='word_1_144' title='bbox 736 2378 1015 2455; x_wconf 85' lang='lat' dir='ltr'><strong>magistri</strong></span> <span class='ocrx_word' id='word_1_145' title='bbox 1069 2377 1437 2435; x_wconf 89' lang='lat' dir='ltr'><strong>sententiam</strong></span> <span class='ocrx_word' id='word_1_146' title='bbox 1479 2375 1616 2453; x_wconf 91' lang='lat' dir='ltr'><strong>ipse</strong></span> <span class='ocrx_word' id='word_1_147' title='bbox 1660 2383 1722 2432; x_wconf 91' lang='lat' dir='ltr'><strong>et</strong></span> <span class='ocrx_word' id='word_1_148' title='bbox 1765 2393 1927 2434; x_wconf 91' lang='lat' dir='ltr'><strong>com-</strong></span> 
     </span>
    </p>
   </div>
   <div class='ocr_carea' id='block_1_4' title="bbox 146 2508 1926 3455">
    <p class='ocr_par' dir='ltr' id='par_1_4' title="bbox 146 2508 1926 3455">
     <span class='ocr_line' id='line_1_24' title="bbox 265 2508 1926 2575; baseline -0.002 -16"><span class='ocrx_word' id='word_1_149' title='bbox 265 2514 329 2572; x_wconf 91' lang='lat'><strong>[⁷]</strong></span> <span class='ocrx_word' id='word_1_150' title='bbox 397 2516 598 2560; x_wconf 84' lang='lat' dir='ltr'><strong>Fabretti</strong></span> <span class='ocrx_word' id='word_1_151' title='bbox 625 2518 772 2572; x_wconf 68' lang='lat' dir='ltr'><strong>[Inscr.</strong></span> <span class='ocrx_word' id='word_1_152' title='bbox 814 2533 860 2575; x_wconf 90' lang='lat' dir='ltr'><strong>p.</strong></span> <span class='ocrx_word' id='word_1_153' title='bbox 899 2508 1000 2561; x_wconf 80' lang='lat'><strong>210.</strong></span> <span class='ocrx_word' id='word_1_154' title='bbox 1059 2515 1340 2560; x_wconf 86' lang='lat' dir='ltr'><strong>Falconerius</strong></span> <span class='ocrx_word' id='word_1_155' title='bbox 1384 2515 1441 2557; x_wconf 88' lang='lat' dir='ltr'><strong>ad</strong></span> <span class='ocrx_word' id='word_1_156' title='bbox 1489 2513 1624 2556; x_wconf 88' lang='lat' dir='ltr'><strong>Inscr.</strong></span> <span class='ocrx_word' id='word_1_157' title='bbox 1666 2511 1827 2556; x_wconf 88' lang='lat' dir='ltr'><strong>Athlet.</strong></span> <span class='ocrx_word' id='word_1_158' title='bbox 1881 2512 1926 2555; x_wconf 90' lang='lat' dir='ltr'><strong>in</strong></span> 
     </span>
     <span class='ocr_line' id='line_1_25' title="bbox 148 2572 1923 2634; baseline -0.002 -18"><span class='ocrx_word' id='word_1_159' title='bbox 148 2573 282 2616; x_wconf 82' lang='lat' dir='ltr'><strong>Thes.</strong></span> <span class='ocrx_word' id='word_1_160' title='bbox 334 2574 526 2619; x_wconf 85' lang='lat' dir='ltr'><strong>Gronov.</strong></span> <span class='ocrx_word' id='word_1_161' title='bbox 595 2577 652 2619; x_wconf 90' lang='lat' dir='ltr'><strong>T.</strong></span> <span class='ocrx_word' id='word_1_162' title='bbox 701 2577 825 2620; x_wconf 90' lang='lat' dir='ltr'><strong>VIII.</strong></span> <span class='ocrx_word' id='word_1_163' title='bbox 884 2591 929 2634; x_wconf 80' lang='lat' dir='ltr'><strong>p.</strong></span> <span class='ocrx_word' id='word_1_164' title='bbox 978 2573 1107 2618; x_wconf 78' lang='lat'><strong>2304.</strong></span> <span class='ocrx_word' id='word_1_165' title='bbox 1171 2575 1345 2617; x_wconf 84' lang='lat' dir='ltr'><strong>dubitat</strong></span> <span class='ocrx_word' id='word_1_166' title='bbox 1400 2578 1541 2616; x_wconf 87' lang='lat' dir='ltr'><strong>utrum</strong></span> <span class='ocrx_word' id='word_1_167' title='bbox 1600 2572 1665 2614; x_wconf 90' lang='lat' dir='ltr'><strong>illi</strong></span> <span class='ocrx_word' id='word_1_168' title='bbox 1723 2572 1923 2624; x_wconf 78' lang='lat' dir='ltr'><strong>advenis,</strong></span> 
     </span>
     <span class='ocr_line' id='line_1_26' title="bbox 146 2631 1924 2691; baseline -0.002 -16"><span class='ocrx_word' id='word_1_169' title='bbox 146 2645 274 2688; x_wconf 86' lang='lat' dir='ltr'><strong>quum</strong></span> <span class='ocrx_word' id='word_1_170' title='bbox 311 2632 532 2689; x_wconf 83' lang='lat' dir='ltr'><strong>religionis</strong></span> <span class='ocrx_word' id='word_1_171' title='bbox 588 2640 668 2685; x_wconf 75' lang='lat' dir='ltr'><strong>aut</strong></span> <span class='ocrx_word' id='word_1_172' title='bbox 718 2635 857 2679; x_wconf 89' lang='lat' dir='ltr'><strong>morbi</strong></span> <span class='ocrx_word' id='word_1_173' title='bbox 913 2632 1156 2691; x_wconf 85' lang='lat' dir='ltr'><strong>depellendi</strong></span> <span class='ocrx_word' id='word_1_174' title='bbox 1199 2647 1331 2676; x_wconf 87' lang='lat' dir='ltr'><strong>causa</strong></span> <span class='ocrx_word' id='word_1_175' title='bbox 1375 2632 1420 2674; x_wconf 89' lang='lat' dir='ltr'><strong>in</strong></span> <span class='ocrx_word' id='word_1_176' title='bbox 1467 2631 1566 2673; x_wconf 90' lang='lat' dir='ltr'><strong>lacu</strong></span> <span class='ocrx_word' id='word_1_177' title='bbox 1622 2642 1755 2674; x_wconf 84' lang='lat' dir='ltr'><strong>sacro·</strong></span> <span class='ocrx_word' id='word_1_178' title='bbox 1798 2631 1924 2673; x_wconf 81' lang='lat' dir='ltr'><strong>lava-</strong></span> 
     </span>
     <span class='ocr_line' id='line_1_27' title="bbox 151 2690 1924 2750; baseline -0.002 -17"><span class='ocrx_word' id='word_1_179' title='bbox 151 2697 322 2745; x_wconf 86' lang='lat' dir='ltr'><strong>rentur,</strong></span> <span class='ocrx_word' id='word_1_180' title='bbox 370 2694 640 2748; x_wconf 84' lang='lat' dir='ltr'><strong>praefuerint</strong></span> <span class='ocrx_word' id='word_1_181' title='bbox 683 2708 735 2737; x_wconf 85' lang='lat' dir='ltr'><strong>ac</strong></span> <span class='ocrx_word' id='word_1_182' title='bbox 783 2694 849 2736; x_wconf 92' lang='lat' dir='ltr'><strong>rei</strong></span> <span class='ocrx_word' id='word_1_183' title='bbox 896 2707 1047 2736; x_wconf 83' lang='lat' dir='ltr'><strong>sacrae</strong></span> <span class='ocrx_word' id='word_1_184' title='bbox 1085 2692 1360 2750; x_wconf 87' lang='lat' dir='ltr'><strong>peragendae</strong></span> <span class='ocrx_word' id='word_1_185' title='bbox 1401 2690 1530 2732; x_wconf 85' lang='lat' dir='ltr'><strong>ritum</strong></span> <span class='ocrx_word' id='word_1_186' title='bbox 1578 2690 1924 2742; x_wconf 80' lang='lat' dir='ltr'><strong>menstraverint,</strong></span> 
     </span>
     <span class='ocr_line' id='line_1_28' title="bbox 146 2744 1922 2805; baseline -0.003 -14"><span class='ocrx_word' id='word_1_187' title='bbox 146 2763 202 2792; x_wconf 86' lang='lat' dir='ltr'><strong>an</strong></span> <span class='ocrx_word' id='word_1_188' title='bbox 231 2750 499 2795; x_wconf 84' lang='lat' dir='ltr'><strong>simulacrum</strong></span> <span class='ocrx_word' id='word_1_189' title='bbox 527 2752 694 2794; x_wconf 86' lang='lat' dir='ltr'><strong>Dianae</strong></span> <span class='ocrx_word' id='word_1_190' title='bbox 737 2753 866 2795; x_wconf 86' lang='lat' dir='ltr'><strong>certis</strong></span> <span class='ocrx_word' id='word_1_191' title='bbox 911 2752 1062 2795; x_wconf 88' lang='lat' dir='ltr'><strong>diebus</strong></span> <span class='ocrx_word' id='word_1_192' title='bbox 1090 2752 1135 2794; x_wconf 91' lang='lat' dir='ltr'><strong>in</strong></span> <span class='ocrx_word' id='word_1_193' title='bbox 1172 2751 1365 2805; x_wconf 82' lang='lat' dir='ltr'><strong>subjecto</strong></span> <span class='ocrx_word' id='word_1_194' title='bbox 1402 2749 1501 2791; x_wconf 87' lang='lat' dir='ltr'><strong>lacu</strong></span> <span class='ocrx_word' id='word_1_195' title='bbox 1543 2744 1781 2798; x_wconf 80' lang='lat' dir='ltr'><strong>abluerint3</strong></span> <span class='ocrx_word' id='word_1_196' title='bbox 1826 2747 1922 2802; x_wconf 89' lang='lat' dir='ltr'><strong>qui-</strong></span> 
     </span>
     <span class='ocr_line' id='line_1_29' title="bbox 146 2800 1918 2868; baseline -0.002 -18"><span class='ocrx_word' id='word_1_197' title='bbox 146 2807 229 2850; x_wconf 83' lang='lat' dir='ltr'><strong>bus</strong></span> <span class='ocrx_word' id='word_1_198' title='bbox 258 2810 443 2852; x_wconf 87' lang='lat' dir='ltr'><strong>conferri</strong></span> <span class='ocrx_word' id='word_1_199' title='bbox 470 2815 615 2868; x_wconf 83' lang='lat' dir='ltr'><strong>potest</strong></span> <span class='ocrx_word' id='word_1_200' title='bbox 642 2810 787 2868; x_wconf 83' lang='lat' dir='ltr'><strong>Etym.</strong></span> <span class='ocrx_word' id='word_1_201' title='bbox 820 2810 882 2854; x_wconf 88' lang='lat' dir='ltr'><strong>M.</strong></span> <span class='ocrx_word' id='word_1_202' title='bbox 913 2809 1011 2853; x_wconf 75' lang='lat'><strong>294.</strong></span> <span class='ocrx_word' id='word_1_203' title='bbox 1041 2809 1110 2852; x_wconf 75' lang='lat'><strong>25.</strong></span> <span class='ocrx_word' id='word_1_204' title='bbox 1150 2811 1418 2860; x_wconf 84' lang='grc' dir='ltr'><strong><em>κατανίπτης</em></strong></span> <span class='ocrx_word' id='word_1_205' title='bbox 1447 2803 1664 2864; x_wconf 77' lang='grc' dir='ltr'><em>ἱερωσύνη</em></span> <span class='ocrx_word' id='word_1_206' title='bbox 1689 2800 1918 2864; x_wconf 75' lang='grc' dir='ltr'><strong>Ἀθήνῃσι,</strong></span> 
     </span>
     <span class='ocr_line' id='line_1_30' title="bbox 150 2860 1922 2928; baseline -0.002 -20"><span class='ocrx_word' id='word_1_207' title='bbox 150 2863 175 2908; x_wconf 83' lang='grc' dir='ltr'><strong><em>ὃ</em></strong></span> <span class='ocrx_word' id='word_1_208' title='bbox 203 2864 260 2910; x_wconf 78' lang='grc' dir='ltr'><strong>τὰ</strong></span> <span class='ocrx_word' id='word_1_209' title='bbox 287 2864 405 2912; x_wconf 77' lang='grc' dir='ltr'><strong><em>κάτω</em></strong></span> <span class='ocrx_word' id='word_1_210' title='bbox 435 2871 514 2913; x_wconf 86' lang='grc' dir='ltr'><strong>τοῦ</strong></span> <span class='ocrx_word' id='word_1_211' title='bbox 543 2871 719 2915; x_wconf 80' lang='grc' dir='ltr'><em>πέπλου</em></span> <span class='ocrx_word' id='word_1_212' title='bbox 746 2871 823 2922; x_wconf 82' lang='grc' dir='ltr'><strong>τῆς</strong></span> <span class='ocrx_word' id='word_1_213' title='bbox 843 2867 1035 2924; x_wconf 76' lang='grc' dir='ltr'><strong><em>Ἀθηνᾶς</em></strong></span> <span class='ocrx_word' id='word_1_214' title='bbox 1065 2864 1378 2928; x_wconf 80' lang='grc' dir='ltr'><strong><em>ῥυπαινόμενα</em></strong></span> <span class='ocrx_word' id='word_1_215' title='bbox 1405 2860 1683 2907; x_wconf 80' lang='grc' dir='ltr'><strong><em>ἀποπλύνων</em></strong></span> <span class='ocrx_word' id='word_1_216' title='bbox 1713 2863 1922 2919; x_wconf 83' lang='lat' dir='ltr'><strong>(notiores</strong></span> 
     </span>
     <span class='ocr_line' id='line_1_31' title="bbox 150 2921 1922 2987; baseline -0.001 -21"><span class='ocrx_word' id='word_1_217' title='bbox 150 2928 250 2967; x_wconf 73' lang='lat' dir='ltr'><strong>sunt</strong></span> <span class='ocrx_word' id='word_1_218' title='bbox 283 2925 561 2987; x_wconf 71' lang='grc' dir='ltr'><strong><em>πλυντρίδξς’</em></strong></span> <span class='ocrx_word' id='word_1_219' title='bbox 586 2932 630 2971; x_wconf 86' lang='lat' dir='ltr'><strong>et</strong></span> <span class='ocrx_word' id='word_1_220' title='bbox 666 2929 772 2973; x_wconf 80' lang='grc' dir='ltr'><strong><em>λουτ</em></strong></span> <span class='ocrx_word' id='word_1_221' title='bbox 804 2926 918 2984; x_wconf 77' lang='grc' dir='ltr'><strong><em>ίδες)</em></strong></span> <span class='ocrx_word' id='word_1_222' title='bbox 959 2933 1004 2971; x_wconf 81' lang='lat' dir='ltr'><strong>et</strong></span> <span class='ocrx_word' id='word_1_223' title='bbox 1043 2929 1088 2971; x_wconf 80' lang='grc' dir='ltr'><strong>οἱ</strong></span> <span class='ocrx_word' id='word_1_224' title='bbox 1125 2928 1309 2974; x_wconf 81' lang='grc' dir='ltr'><strong><em>πλυνεῖς</em></strong></span> <span class='ocrx_word' id='word_1_225' title='bbox 1350 2924 1394 2965; x_wconf 91' lang='lat' dir='ltr'><strong>in</strong></span> <span class='ocrx_word' id='word_1_226' title='bbox 1442 2922 1720 2978; x_wconf 87' lang='lat' dir='ltr'><strong>inscriptione</strong></span> <span class='ocrx_word' id='word_1_227' title='bbox 1759 2921 1922 2974; x_wconf 85' lang='lat' dir='ltr'><strong>Attica,</strong></span> 
     </span>
     <span class='ocr_line' id='line_1_32' title="bbox 152 2943 1922 3042; baseline -0.002 -18"><span class='ocrx_word' id='word_1_228' title='bbox 152 2995 259 3038; x_wconf 78' lang='lat' dir='ltr'><strong>quos</strong></span> <span class='ocrx_word' id='word_1_229' title='bbox 299 2990 415 3028; x_wconf 79' lang='lat' dir='ltr'><strong>certe</strong></span> <span class='ocrx_word' id='word_1_230' title='bbox 451 2987 713 3030; x_wconf 82' lang='lat' dir='ltr'><strong>Paciaudius</strong></span> <span class='ocrx_word' id='word_1_231' title='bbox 754 2943 943 3031; x_wconf 40' lang='lat' dir='ltr'><strong>laomim.</strong></span> <span class='ocrx_word' id='word_1_232' title='bbox 983 2985 1161 3042; x_wconf 89' lang='lat' dir='ltr'><strong>Pelopp.</strong></span> <span class='ocrx_word' id='word_1_233' title='bbox 1203 2985 1261 3027; x_wconf 90' lang='lat' dir='ltr'><strong>T.</strong></span> <span class='ocrx_word' id='word_1_234' title='bbox 1292 2983 1350 3026; x_wconf 86' lang='lat'><strong>11.</strong></span> <span class='ocrx_word' id='word_1_235' title='bbox 1390 2996 1432 3039; x_wconf 83' lang='lat' dir='ltr'><strong>p.</strong></span> <span class='ocrx_word' id='word_1_236' title='bbox 1463 2980 1563 3023; x_wconf 73' lang='lat'><strong>217.</strong></span> <span class='ocrx_word' id='word_1_237' title='bbox 1604 2994 1699 3022; x_wconf 90' lang='lat' dir='ltr'><strong>cum</strong></span> <span class='ocrx_word' id='word_1_238' title='bbox 1740 2979 1922 3036; x_wconf 88' lang='lat' dir='ltr'><strong>collegio</strong></span> 
     </span>
     <span class='ocr_line' id='line_1_33' title="bbox 149 3037 1921 3103; baseline -0.001 -22"><span class='ocrx_word' id='word_1_239' title='bbox 149 3039 331 3085; x_wconf 82' lang='lat' dir='ltr'><strong>lotorum</strong></span> <span class='ocrx_word' id='word_1_240' title='bbox 359 3043 531 3088; x_wconf 83' lang='lat' dir='ltr'><strong>Aricino</strong></span> <span class='ocrx_word' id='word_1_241' title='bbox 562 3050 793 3103; x_wconf 80' lang='lat' dir='ltr'><strong>comparat.</strong></span> <span class='ocrx_word' id='word_1_242' title='bbox 850 3045 967 3087; x_wconf 83' lang='lat' dir='ltr'><strong>Huic</strong></span> <span class='ocrx_word' id='word_1_243' title='bbox 1001 3044 1138 3086; x_wconf 89' lang='lat' dir='ltr'><strong>simile</strong></span> <span class='ocrx_word' id='word_1_244' title='bbox 1168 3042 1392 3097; x_wconf 84' lang='lat' dir='ltr'><strong>collegium</strong></span> <span class='ocrx_word' id='word_1_245' title='bbox 1422 3038 1646 3082; x_wconf 83' lang='lat' dir='ltr'><strong>memorari</strong></span> <span class='ocrx_word' id='word_1_246' title='bbox 1674 3037 1848 3080; x_wconf 64' lang='lat' dir='ltr'><strong>videtur</strong></span> <span class='ocrx_word' id='word_1_247' title='bbox 1875 3039 1921 3080; x_wconf 85' lang='lat' dir='ltr'><strong>iu</strong></span> 
     </span>
     <span class='ocr_line' id='line_1_34' title="bbox 151 3097 1920 3161; baseline -0.002 -21"><span class='ocrx_word' id='word_1_248' title='bbox 151 3097 432 3157; x_wconf 75' lang='lat' dir='ltr'><strong>Inscriptione</strong></span> <span class='ocrx_word' id='word_1_249' title='bbox 461 3103 677 3160; x_wconf 80' lang='lat' dir='ltr'><strong>Cyzicena</strong></span> <span class='ocrx_word' id='word_1_250' title='bbox 705 3119 774 3161; x_wconf 86' lang='lat' dir='ltr'><strong>ap.</strong></span> <span class='ocrx_word' id='word_1_251' title='bbox 806 3103 988 3159; x_wconf 83' lang='lat' dir='ltr'><strong>Caylum</strong></span> <span class='ocrx_word' id='word_1_252' title='bbox 1016 3103 1120 3145; x_wconf 89' lang='lat' dir='ltr'><strong>Rec.</strong></span> <span class='ocrx_word' id='word_1_253' title='bbox 1157 3102 1213 3143; x_wconf 87' lang='lat' dir='ltr'><strong>T.</strong></span> <span class='ocrx_word' id='word_1_254' title='bbox 1243 3101 1302 3142; x_wconf 89' lang='grc' dir='ltr'><strong>ΙΙ.</strong></span> <span class='ocrx_word' id='word_1_255' title='bbox 1335 3099 1401 3141; x_wconf 84' lang='grc' dir='ltr'><strong>ΡΙ.</strong></span> <span class='ocrx_word' id='word_1_256' title='bbox 1433 3097 1503 3140; x_wconf 83' lang='lat'><strong>59.</strong></span> <span class='ocrx_word' id='word_1_257' title='bbox 1545 3098 1594 3139; x_wconf 76' lang='grc' dir='ltr'><strong>αἱ</strong></span> <span class='ocrx_word' id='word_1_258' title='bbox 1628 3098 1920 3140; x_wconf 82' lang='grc' dir='ltr'><strong><em>συντελοῦσαι</em></strong></span> 
     </span>
     <span class='ocr_line' id='line_1_35' title="bbox 153 3154 1918 3223; baseline -0.006 -16"><span class='ocrx_word' id='word_1_259' title='bbox 153 3154 257 3206; x_wconf 68' lang='grc' dir='ltr'><em>’τοὺς</em></span> <span class='ocrx_word' id='word_1_260' title='bbox 285 3156 481 3217; x_wconf 78' lang='grc' dir='ltr'><strong><em>κόσμους</em></strong></span> <span class='ocrx_word' id='word_1_261' title='bbox 507 3160 633 3222; x_wconf 87' lang='grc' dir='ltr'><strong><em>παρὰ</em></strong></span> <span class='ocrx_word' id='word_1_262' title='bbox 659 3165 712 3223; x_wconf 83' lang='grc' dir='ltr'><strong>τῇ</strong></span> <span class='ocrx_word' id='word_1_263' title='bbox 740 3164 896 3220; x_wconf 80' lang='grc' dir='ltr'><em>Μητρὶ</em></span> <span class='ocrx_word' id='word_1_264' title='bbox 932 3164 984 3217; x_wconf 86' lang='grc' dir='ltr'><strong>τῆ</strong></span> <span class='ocrx_word' id='word_1_265' title='bbox 1024 3157 1256 3214; x_wconf 75' lang='grc' dir='ltr'><strong><em>Πλακιήνη</em></strong></span> <span class='ocrx_word' id='word_1_266' title='bbox 1297 3159 1374 3200; x_wconf 82' lang='grc' dir='ltr'><strong><em>καὶ</em></strong></span> <span class='ocrx_word' id='word_1_267' title='bbox 1412 3157 1656 3215; x_wconf 79' lang='grc' dir='ltr'><strong><em>ἱεροποιίαι</em></strong></span> <span class='ocrx_word' id='word_1_268' title='bbox 1688 3169 1918 3213; x_wconf 79' lang='grc' dir='ltr'><strong><em>προςαγο-</em></strong></span> 
     </span>
     <span class='ocr_line' id='line_1_36' title="bbox 154 3205 1920 3277; baseline -0.002 -20"><span class='ocrx_word' id='word_1_269' title='bbox 154 3211 394 3273; x_wconf 76' lang='grc' dir='ltr'><strong><em>ρευόμεναι</em></strong></span> <span class='ocrx_word' id='word_1_270' title='bbox 430 3217 675 3265; x_wconf 76' lang='grc' dir='ltr'><strong><em>θαλάσσιαι</em></strong></span> <span class='ocrx_word' id='word_1_271' title='bbox 715 3222 794 3264; x_wconf 79' lang='grc' dir='ltr'><strong>καὶ</strong></span> <span class='ocrx_word' id='word_1_272' title='bbox 820 3208 1036 3264; x_wconf 74' lang='grc' dir='ltr'><strong><em>συνοῦσαι</em></strong></span> <span class='ocrx_word' id='word_1_273' title='bbox 1065 3217 1157 3277; x_wconf 64' lang='grc' dir='ltr'><strong>μετ’</strong></span> <span class='ocrx_word' id='word_1_274' title='bbox 1192 3205 1339 3260; x_wconf 75' lang='grc' dir='ltr'><strong><em>αὖτῶν</em></strong></span> <span class='ocrx_word' id='word_1_275' title='bbox 1367 3217 1540 3273; x_wconf 80' lang='grc' dir='ltr'><strong><em>ἱέρειαι.</em></strong></span> <span class='ocrx_word' id='word_1_276' title='bbox 1601 3213 1920 3269; x_wconf 83' lang='lat' dir='ltr'><strong>Thrasymedes</strong></span> 
     </span>
     <span class='ocr_line' id='line_1_37' title="bbox 153 3271 1918 3337; baseline -0.001 -23"><span class='ocrx_word' id='word_1_277' title='bbox 153 3273 374 3319; x_wconf 74' lang='lat' dir='ltr'><strong>Pisistrati</strong></span> <span class='ocrx_word' id='word_1_278' title='bbox 400 3276 532 3321; x_wconf 86' lang='lat' dir='ltr'><strong>filiam</strong></span> <span class='ocrx_word' id='word_1_279' title='bbox 558 3280 703 3336; x_wconf 84' lang='lat' dir='ltr'><strong>rapuit</strong></span> <span class='ocrx_word' id='word_1_280' title='bbox 730 3280 807 3324; x_wconf 75' lang='grc' dir='ltr'><strong>ἐπὶ</strong></span> <span class='ocrx_word' id='word_1_281' title='bbox 844 3282 896 3334; x_wconf 88' lang='grc' dir='ltr'><strong>τῆ</strong></span> <span class='ocrx_word' id='word_1_282' title='bbox 933 3274 1138 3337; x_wconf 76' lang='grc' dir='ltr'><strong><em>θαλάσσῃ</em></strong></span> <span class='ocrx_word' id='word_1_283' title='bbox 1176 3278 1345 3319; x_wconf 78' lang='grc' dir='ltr'><strong><em>θυσίαν</em></strong></span> <span class='ocrx_word' id='word_1_284' title='bbox 1378 3275 1596 3316; x_wconf 75' lang='grc' dir='ltr'><strong><em>τελοῦσαν</em></strong></span> <span class='ocrx_word' id='word_1_285' title='bbox 1630 3271 1834 3328; x_wconf 84' lang='lat' dir='ltr'><strong>Polyaen.</strong></span> <span class='ocrx_word' id='word_1_286' title='bbox 1864 3272 1918 3313; x_wconf 90' lang='lat' dir='ltr'><strong>V.</strong></span> 
     </span>
     <span class='ocr_line' id='line_1_38' title="bbox 154 3326 1919 3396; baseline 0.001 -25"><span class='ocrx_word' id='word_1_287' title='bbox 154 3328 222 3372; x_wconf 87' lang='lat'><strong>14.</strong></span> <span class='ocrx_word' id='word_1_288' title='bbox 250 3330 329 3382; x_wconf 78' lang='grc' dir='ltr'><strong>τὰς</strong></span> <span class='ocrx_word' id='word_1_289' title='bbox 347 3340 563 3391; x_wconf 76' lang='grc' dir='ltr'><strong><em>γυναῖκας</em></strong></span> <span class='ocrx_word' id='word_1_290' title='bbox 580 3337 658 3388; x_wconf 77' lang='grc' dir='ltr'><strong>τὰς</strong></span> <span class='ocrx_word' id='word_1_291' title='bbox 674 3326 962 3396; x_wconf 74' lang='grc' dir='ltr'><strong><em>Ταναγραίας</em></strong></span> <span class='ocrx_word' id='word_1_292' title='bbox 983 3333 1163 3394; x_wconf 82' lang='grc' dir='ltr'><strong><em>πρώτας</em></strong></span> <span class='ocrx_word' id='word_1_293' title='bbox 1177 3329 1403 3377; x_wconf 84' lang='grc' dir='ltr'><strong><em>Διονύσου</em></strong></span> <span class='ocrx_word' id='word_1_294' title='bbox 1424 3329 1479 3374; x_wconf 81' lang='grc' dir='ltr'><strong>τὰ</strong></span> <span class='ocrx_word' id='word_1_295' title='bbox 1508 3327 1534 3374; x_wconf 76' lang='grc' dir='ltr'>ὅ</span> <span class='ocrx_word' id='word_1_296' title='bbox 1563 3346 1641 3388; x_wconf 80' lang='grc' dir='ltr'><strong>για</strong></span> <span class='ocrx_word' id='word_1_297' title='bbox 1668 3333 1919 3389; x_wconf 73' lang='grc' dir='ltr'><strong><em>μυηθείσας</em></strong></span> 
     </span>
     <span class='ocr_line' id='line_1_39' title="bbox 152 3388 1857 3455; baseline -0.002 -22"><span class='ocrx_word' id='word_1_298' title='bbox 152 3390 231 3434; x_wconf 73' lang='grc' dir='ltr'><strong>ἐπὶ</strong></span> <span class='ocrx_word' id='word_1_299' title='bbox 258 3388 495 3438; x_wconf 73' lang='grc' dir='ltr'><strong><em>θάλασσαν</em></strong></span> <span class='ocrx_word' id='word_1_300' title='bbox 521 3398 766 3451; x_wconf 78' lang='grc' dir='ltr'><strong><em>καταβῆναι</em></strong></span> <span class='ocrx_word' id='word_1_301' title='bbox 794 3399 1057 3455; x_wconf 76' lang='grc' dir='ltr'><strong><em>καθαρσίων</em></strong></span> <span class='ocrx_word' id='word_1_302' title='bbox 1085 3396 1234 3438; x_wconf 72' lang='grc' dir='ltr'><strong><em>εἵνεκα</em></strong></span> <span class='ocrx_word' id='word_1_303' title='bbox 1263 3392 1393 3434; x_wconf 82' lang='lat' dir='ltr'><strong>Paus.</strong></span> <span class='ocrx_word' id='word_1_304' title='bbox 1421 3389 1500 3433; x_wconf 88' lang='lat' dir='ltr'><strong>IX.</strong></span> <span class='ocrx_word' id='word_1_305' title='bbox 1558 3390 1601 3431; x_wconf 90' lang='lat'><strong>0.</strong></span> <span class='ocrx_word' id='word_1_306' title='bbox 1629 3388 1673 3433; x_wconf 86' lang='lat'><strong>4.</strong></span> <span class='ocrx_word' id='word_1_307' title='bbox 1855 3427 1857 3429; x_wconf 84' lang='grc'><em>,</em></span> 
     </span>
    </p>
   </div>
   <div class='ocr_carea' id='block_1_5' title="bbox 1427 3462 1587 3523">
    <p class='ocr_par' dir='ltr' id='par_1_5' title="bbox 1427 3462 1587 3523">
     <span class='ocr_line' id='line_1_40' title="bbox 1427 3462 1587 3523; baseline 0 0"><span class='ocrx_word' id='word_1_308' title='bbox 1427 3462 1587 3523; x_wconf 84' lang='grc'><strong>15*</strong></span> 
     </span>
    </p>
   </div>
  </div>
 </body>
</html>
