2150 3814
722 215 1282 263 SAMoTnRAcn.
1732 203 1895 265 1223

107 360 358 435 τελευτᾷ
435 349 758 434 Δήμητρος
840 345 1028 426 εὐνὴν
1094 343 1514 431 ὄριγνώμενός
1583 348 1642 409 οἱ
1714 349 1892 427 ἔχειν,

107 471 265 533 quae
319 470 396 512 ex
450 447 844 532 Cephalionis
902 445 1140 506 Troicis
1192 454 1397 506 sumta
1439 449 1595 506 esse'
1618 448 1899 526 suspicor

106 554 338 633 pariter
393 561 463 610 ut
504 550 612 610 illa
655 566 811 628 quae
855 547 1204 628 Stephanus
1249 565 1295 607 s.
1351 546 1602 632 Ἀρίσβῃ
1662 544 1900 631 Cepha-

106 653 314 712 lonem
394 648 473 709 de
540 647 822 711 Dardani
902 669 938 708 e
1010 647 1436 709 Samothracia
1503 649 1900 726 transmigra--

106 753 274 811 tione
331 747 563 811 dixisse
621 748 812 813 refert
840 749 933 830 [‘].
1037 747 1356 808 Postremo
1425 748 1519 808 illi
1574 750 1681 829 qui
1735 748 1902 811 Parii

106 848 488 910 conditorem
551 849 783 910 Iasioni
857 850 1302 929 inscripserunt
1354 850 1549 930 patri,
1604 850 1902 910 memine-

102 960 246 1010 rant
298 950 564 1013 forsitan
621 946 862 1014 Cereris
921 950 1092 1027 orgia
1137 950 1272 1027 jam
1329 959 1473 1008 ante
1517 947 1613 1007 01.
1657 948 1791 1009 XV.
1836 950 1901 1011 in

103 1051 308 1110 insula
366 1051 528 1111 Paro
597 1051 871 1128 viguisse
938 1048 1116 1110 PauS.
1173 1047 1252 1108 X.
1314 1049 1415 1108 28.
1481 1048 1640 1107 hanc
1693 1059 1901 1110 autem

102 1152 374 1230 primum
421 1148 743 1211 Cretenses
797 1158 928 1209 tum
988 1146 1262 1208 Arcades
1307 1147 1561 1207 colonos
1605 1146 1901 1210 habuisse

104 1268 164 1311 v.
222 1249 558 1311 Tzschuck.
614 1248 697 1308 ad
739 1247 882 1308 Mel.
926 1245 1067 1308 vol.
1109 1247 1212 1308 III.
1255 1247 1321 1313 P.
1364 1247 1470 1311 ΠΙ.
1515 1245 1662 1308 765.
1717 1247 1900 1309 Beck.

102 1349 331 1409 Anleit.
388 1365 442 1411 z.
498 1348 865 1427 Weltgesch.
923 1347 993 1409 T.
1037 1349 1083 1409 I.
1133 1348 1186 1408 l.
1240 1367 1303 1428 p.
1347 1348 1492 1410 890.
1550 1356 1614 1408 et
1671 1367 1903 1411 nomen

105 1447 403 1511 Cabarnis
452 1469 491 1511 a
535 1447 818 1511 Cabarno
865 1459 1216 1530 acceptum,
1279 1450 1383 1529 qui
1429 1447 1638 1511 Cereri
1683 1449 1763 1509 de
1805 1470 1903 1511 ra-

103 1559 215 1629 pta
268 1551 396 1613 filia
447 1549 748 1611 indicium
803 1549 1034 1610 fecerat
1089 1567 1150 1610 v.
1206 1549 1527 1614 Ruhnken.
1586 1549 1669 1609 ad
1710 1549 1793 1614 H.
1837 1552 1903 1612 in

107 1647 242 1709 Cer.
297 1669 360 1712 v.
412 1649 564 1710 496.
624 1649 1072 1727 Schellenberg.
1131 1649 1213 1710 ad
1266 1650 1621 1716 Antimach.
1678 1664 1742 1734 p.
1799 1653 1902 1714 82.

102 1749 269 1810 unde
322 1750 517 1811 libera
558 1750 950 1831 logographis
995 1751 1171 1830 optio
1215 1752 1351 1812 sive
1395 1770 1431 1810 e
1474 1748 1659 1813 Creta
1710 1752 1904 1813 Iasio-

102 1866 245 1910 nem
298 1859 579 1930 repetere
634 1850 870 1912 vellent
921 1851 1057 1911 sive
1112 1869 1147 1909 e
1202 1850 1528 1912 Parrhasia
1579 1851 1903 1917 Arcadiae.

102 1950 192 2010 Hi
244 1951 433 2028 igitur
477 1959 690 2011 ‘omnes
733 1950 931 2028 magis
974 1952 1264 2014 minusve
1305 1950 1387 2012 ad
1431 1970 1650 2013 eorum
1693 1963 1904 2034 partes

104 2051 436 2124 inclinant,
493 2052 603 2132 qui
654 2049 1083 2112 Samothracia
1136 2069 1311 2113 sacra
1368 2049 1577 2115 Cereri
1618 2054 1906 2118 instituta

107 2169 242 2211 esse
297 2150 538 2213 volunt.
635 2147 763 2210 Sed
817 2160 913 2210 est
969 2149 1095 2210 alia
1147 2161 1315 2212 secta
1373 2171 1529 2233 quae
1571 2172 1687 2233 pro
1731 2155 1905 2218 Rhea

106 2261 356 2332 pugnat.
438 2247 762 2313 Diodorus
824 2248 1132 2311 Iasionem
1190 2253 1280 2312 ait
1332 2252 1450 2333 τὴν
1491 2260 1623 2318 τῶν
1664 2275 1905 2336 μυστη-

108 2351 265 2434 ρίων
305 2350 550 2431 τελετὴν
593 2368 632 2410 a
673 2347 834 2412 Jove
877 2360 1190 2431 acceptam
1233 2353 1580 2414 instituisse
1623 2357 1760 2417 sive
1793 2374 1906 2438 po-

105 2452 231 2512 tius
287 2471 421 2512 rem
479 2459 792 2513 vetustate
849 2449 1248 2513 obliteratam
1303 2469 1643 2515 renovasse
1681 2453 1755 2518 V.
1799 2457 1903 2518 48.

105 2550 217 2614 sed
287 2572 335 2612 c.
391 2549 492 2614 51.
561 2551 937 2614 contrarium
1007 2570 1078 2611 ac
1144 2551 1356 2633 paullo
1413 2562 1556 2613 ante
1610 2554 1904 2631 decernit,

105 2670 294 2732 quum
359 2652 710 2716 Harmonia
765 2652 1028 2714 Iasionis
1089 2670 1267 2713 soror
1326 2650 1567 2716 Cadmo
1621 2655 1900 2732 nuberet,

229 2794 298 2852 [t]
342 2795 538 2839 Kannius
567 2795 623 2839 ad
654 2795 762 2838 Con.
791 2809 834 2853 p.
867 2794 965 2839 108.
1026 2795 1298 2838 Hellanicum
1336 2794 1442 2838 dicit
1481 2796 1678 2842 Dardani
1714 2799 1900 2857 patriam

115 2853 380 2910 perhibuisse
426 2855 685 2908 Arcadiam3
741 2854 1026 2909 Eustathius,
1081 2869 1205 2911 quem
1256 2861 1499 2899 antestatur
1513 2888 1527 2911 ,
1575 2858 1630 2901 de
1670 2858 1753 2902 hoc
1791 2860 1898 2904 nihil

114 2919 341 2968 memorat,
371 2914 447 2957 sed
476 2913 557 2959 τὸν
579 2914 786 2958 Ἰασίωνα
815 2910 844 2969 ἡ
874 2911 988 2958 κατὰ
1019 2911 1098 2958 τὸν
1123 2911 1383 2958 Ἑλλάνικον
1411 2916 1587 2976 ἱστορία
1618 2917 1711 2974 ἔχει
1741 2922 1899 2977 Κρῆτα

116 2968 167 3015 τὸ
196 2973 351 3028 γένος,
394 2971 505 3023 Διὸς
532 2971 636 3018 υἱὸν
665 2975 743 3016 καὶ
767 2970 966 3033 ‘Easque
1001 2987 1045 3031 p.
1079 2972 1206 3016 1528.
1245 2972 1287 3016 6.
1327 2972 1405 3019 ubi
1434 2972 1679 3034 Ἠλέκτρας
1719 2978 1902 3034 corrigit

121 3029 318 3072 Sturzius
344 3029 520 3089 Fragm.
552 3032 606 3079 C.
638 3047 683 3090 p.
717 3032 817 3075 127.
859 3046 1103 3090 quanquam
1142 3032 1249 3074 illud
1287 3031 1488 3077 Eudocia
1524 3040 1672 3078 tuetur
1714 3050 1759 3095 p,
1801 3037 1899 3084 196.

118 3101 254 3143 neque
295 3089 471 3146 probari
517 3096 664 3149 potest
711 3091 939 3134 Helianico
987 3092 1199 3142 Iasionem
1248 3090 1520 3146 Cretensem,
1574 3107 1699 3150 quem
1746 3095 1895 3139 Schol.

118 3147 308 3191 Theocr.
335 3147 421 3194 111.
450 3147 519 3193 50.
551 3150 700 3193 Minoe
732 3156 879 3193 natum
919 3151 1053 3204 dicit,
1097 3150 1276 3193 eundem
1316 3151 1526 3196 creditum
1566 3167 1663 3198 esse
1703 3153 1899 3200 Dardani

115 3207 309 3251 fratrem.
366 3206 414 3248 Is
450 3209 594 3265 potius
634 3209 830 3254 Dardani
872 3213 918 3252 et
949 3210 1214 3253 Harmoniae
1250 3211 1427 3253 fratrem
1466 3210 1713 3259 Eetionem,
1738 3213 1900 3257 dixisse

118 3263 288 3305 videtur
325 3264 528 3310 Electrae
567 3266 702 3311 filium
735 3268 780 3311 in
821 3267 1122 3313 Samothracia
1171 3273 1317 3311 natum
1354 3284 1396 3312 v.
1435 3270 1610 3328 Fragm.
1650 3270 1812 3315 LXXI.
1854 3278 1900 3315 et

120 3322 275 3364 XXIV.
315 3322 611 3367 Emathionem
641 3326 753 3369 hunc
791 3334 921 3372 vocat
953 3328 1135 3372 Nonnus
1172 3328 1255 3370 111.
1299 3325 1395 3370 194.
1427 3344 1490 3386 sq.
1550 3331 1639 3374 Sed
1680 3332 1755 3376 alii
1794 3345 1896 3375 sane

123 3382 366 3425 Dardanum
396 3382 532 3439 ipsum
562 3383 743 3428 Iasionis
773 3399 904 3431 causa
935 3386 1186 3430 Cretensem
1217 3386 1392 3430 faciunt.
