<?xml version="1.0" encoding="UTF-8"?>
<!DOCTYPE html PUBLIC "-//W3C//DTD XHTML 1.0 Transitional//EN"
    "http://www.w3.org/TR/xhtml1/DTD/xhtml1-transitional.dtd">
<html xmlns="http://www.w3.org/1999/xhtml" xml:lang="en" lang="en">
 <head>
  <title>
</title>
<meta http-equiv="Content-Type" content="text/html;charset=utf-8" />
  <meta name='ocr-system' content='tesseract 3.04.00' />
  <meta name='ocr-capabilities' content='ocr_page ocr_carea ocr_par ocr_line ocrx_word'/>
</head>
<body>
  <div class='ocr_page' id='page_1' title='image "./aglaophamussived02lobeuoft_0222.png"; bbox 0 0 2150 3814; ppageno 0'>
   <div class='ocr_carea' id='block_1_1' title="bbox 229 182 1454 244">
    <p class='ocr_par' dir='ltr' id='par_1_1' title="bbox 229 182 1454 244">
     <span class='ocr_line' id='line_1_1' title="bbox 229 182 1454 244; baseline -0.009 0"><span class='ocrx_word' id='word_1_1' title='bbox 229 182 355 244; x_wconf 85' lang='lat'><strong>998</strong></span> <span class='ocrx_word' id='word_1_2' title='bbox 750 191 987 237; x_wconf 69' lang='lat' dir='ltr'><strong>mnan</strong></span> <span class='ocrx_word' id='word_1_3' title='bbox 1028 189 1454 236; x_wconf 72' lang='lat' dir='ltr'><strong>SECUNDUS.</strong></span> 
     </span>
    </p>
   </div>
   <div class='ocr_carea' id='block_1_2' title="bbox 162 318 2069 3094">
    <p class='ocr_par' dir='ltr' id='par_1_2' title="bbox 162 318 2069 3094">
     <span class='ocr_line' id='line_1_2' title="bbox 231 318 1988 402; baseline -0.005 -18"><span class='ocrx_word' id='word_1_4' title='bbox 231 323 447 397; x_wconf 87' lang='lat' dir='ltr'><strong>multo,</strong></span> <span class='ocrx_word' id='word_1_5' title='bbox 490 340 674 402; x_wconf 90' lang='lat' dir='ltr'><strong>quam</strong></span> <span class='ocrx_word' id='word_1_6' title='bbox 717 320 901 398; x_wconf 86' lang='lat' dir='ltr'><strong>vulgo</strong></span> <span class='ocrx_word' id='word_1_7' title='bbox 937 320 1198 380; x_wconf 85' lang='lat' dir='ltr'><strong>sumitur</strong></span> <span class='ocrx_word' id='word_1_8' title='bbox 1214 318 1309 400; x_wconf 75' lang='lat'><em>[¹¹],</em></span> <span class='ocrx_word' id='word_1_9' title='bbox 1355 319 1760 399; x_wconf 81' lang='lat' dir='ltr'><strong>antiquiorem</strong></span> <span class='ocrx_word' id='word_1_10' title='bbox 1783 318 1988 378; x_wconf 90' lang='lat' dir='ltr'><strong>fuisse.</strong></span> 
     </span>
     <span class='ocr_line' id='line_1_3' title="bbox 230 416 1994 497; baseline -0.006 -11"><span class='ocrx_word' id='word_1_11' title='bbox 230 423 390 486; x_wconf 91' lang='lat' dir='ltr'><strong>Nam</strong></span> <span class='ocrx_word' id='word_1_12' title='bbox 443 421 659 483; x_wconf 91' lang='lat' dir='ltr'><strong>eadem</strong></span> <span class='ocrx_word' id='word_1_13' title='bbox 716 422 922 497; x_wconf 89' lang='lat' dir='ltr'><strong>lingua</strong></span> <span class='ocrx_word' id='word_1_14' title='bbox 974 418 1224 479; x_wconf 87' lang='lat' dir='ltr'><strong>Asinius</strong></span> <span class='ocrx_word' id='word_1_15' title='bbox 1278 416 1623 491; x_wconf 77' lang='lat' dir='ltr'><strong>Quadratus</strong></span> <span class='ocrx_word' id='word_1_16' title='bbox 1675 417 1994 477; x_wconf 85' lang='lat' dir='ltr'><strong>historiam</strong></span> 
     </span>
     <span class='ocr_line' id='line_1_4' title="bbox 230 516 1998 597; baseline -0.004 -13"><span class='ocrx_word' id='word_1_17' title='bbox 230 525 570 584; x_wconf 86' lang='lat' dir='ltr'><strong>Romanam</strong></span> <span class='ocrx_word' id='word_1_18' title='bbox 613 520 691 580; x_wconf 92' lang='lat' dir='ltr'><strong>ab</strong></span> <span class='ocrx_word' id='word_1_19' title='bbox 733 517 884 578; x_wconf 91' lang='lat' dir='ltr'><strong>urbe</strong></span> <span class='ocrx_word' id='word_1_20' title='bbox 927 517 1175 577; x_wconf 85' lang='lat' dir='ltr'><strong>condita</strong></span> <span class='ocrx_word' id='word_1_21' title='bbox 1217 535 1405 597; x_wconf 87' lang='lat' dir='ltr'><strong>usque</strong></span> <span class='ocrx_word' id='word_1_22' title='bbox 1460 517 1540 578; x_wconf 92' lang='lat' dir='ltr'><strong>ad</strong></span> <span class='ocrx_word' id='word_1_23' title='bbox 1580 516 1998 577; x_wconf 81' lang='lat' dir='ltr'><strong>Alexandrum</strong></span> 
     </span>
     <span class='ocr_line' id='line_1_5' title="bbox 231 614 1998 696; baseline -0.005 -12"><span class='ocrx_word' id='word_1_24' title='bbox 231 625 614 684; x_wconf 87' lang='lat' dir='ltr'><strong>Mammaeae</strong></span> <span class='ocrx_word' id='word_1_25' title='bbox 656 619 849 677; x_wconf 91' lang='lat' dir='ltr'><strong>filium</strong></span> <span class='ocrx_word' id='word_1_26' title='bbox 893 617 1238 694; x_wconf 87' lang='lat' dir='ltr'><strong>composuit</strong></span> <span class='ocrx_word' id='word_1_27' title='bbox 1253 614 1350 696; x_wconf 84' lang='lat'>[†]‚</span> <span class='ocrx_word' id='word_1_28' title='bbox 1395 619 1565 695; x_wconf 77' lang='lat' dir='ltr'><strong>cnjus</strong></span> <span class='ocrx_word' id='word_1_29' title='bbox 1607 617 1750 676; x_wconf 89' lang='lat' dir='ltr'><strong>libri</strong></span> <span class='ocrx_word' id='word_1_30' title='bbox 1792 617 1998 675; x_wconf 90' lang='lat' dir='ltr'><strong>locum</strong></span> 
     </span>
     <span class='ocr_line' id='line_1_6' title="bbox 234 714 2001 798; baseline -0.003 -16"><span class='ocrx_word' id='word_1_31' title='bbox 234 723 429 782; x_wconf 91' lang='lat' dir='ltr'><strong>ionice</strong></span> <span class='ocrx_word' id='word_1_32' title='bbox 493 720 786 798; x_wconf 89' lang='lat' dir='ltr'><strong>scriptum</strong></span> <span class='ocrx_word' id='word_1_33' title='bbox 857 717 1203 776; x_wconf 84' lang='lat' dir='ltr'><strong>asservavit</strong></span> <span class='ocrx_word' id='word_1_34' title='bbox 1259 714 1569 775; x_wconf 88' lang='lat' dir='ltr'><strong>Constant.</strong></span> <span class='ocrx_word' id='word_1_35' title='bbox 1624 717 2001 797; x_wconf 84' lang='lat' dir='ltr'><strong>Porphyrog.</strong></span> 
     </span>
     <span class='ocr_line' id='line_1_7' title="bbox 232 815 2004 895; baseline -0.003 -15"><span class='ocrx_word' id='word_1_36' title='bbox 232 820 509 885; x_wconf 74' lang='lat' dir='ltr'><strong>Admon.¹</strong></span> <span class='ocrx_word' id='word_1_37' title='bbox 554 817 773 879; x_wconf 86' lang='lat' dir='ltr'><strong>XXIII.</strong></span> <span class='ocrx_word' id='word_1_38' title='bbox 826 817 928 875; x_wconf 89' lang='grc'><strong>77.</strong></span> <span class='ocrx_word' id='word_1_39' title='bbox 982 816 1053 874; x_wconf 86' lang='grc' dir='ltr'><strong>Ε.</strong></span> <span class='ocrx_word' id='word_1_40' title='bbox 1111 824 1173 874; x_wconf 90' lang='lat' dir='ltr'><strong>et</strong></span> <span class='ocrx_word' id='word_1_41' title='bbox 1230 816 1434 895; x_wconf 88' lang='lat' dir='ltr'><strong>plures</strong></span> <span class='ocrx_word' id='word_1_42' title='bbox 1492 815 1836 894; x_wconf 86' lang='lat' dir='ltr'><strong>Stephanus</strong></span> <span class='ocrx_word' id='word_1_43' title='bbox 1892 815 2004 876; x_wconf 91' lang='lat' dir='ltr'><strong>sed</strong></span> 
     </span>
     <span class='ocr_line' id='line_1_8' title="bbox 230 914 2006 979; baseline -0.003 0"><span class='ocrx_word' id='word_1_44' title='bbox 230 922 298 979; x_wconf 90' lang='lat' dir='ltr'><strong>in</strong></span> <span class='ocrx_word' id='word_1_45' title='bbox 343 937 726 979; x_wconf 86' lang='lat' dir='ltr'><strong>communem</strong></span> <span class='ocrx_word' id='word_1_46' title='bbox 781 916 911 975; x_wconf 91' lang='lat' dir='ltr'><strong>fere</strong></span> <span class='ocrx_word' id='word_1_47' title='bbox 965 914 1296 974; x_wconf 88' lang='lat' dir='ltr'><strong>dialectum</strong></span> <span class='ocrx_word' id='word_1_48' title='bbox 1340 915 1683 975; x_wconf 89' lang='lat' dir='ltr'><strong>translatos.</strong></span> <span class='ocrx_word' id='word_1_49' title='bbox 1768 915 2006 974; x_wconf 89' lang='lat' dir='ltr'><strong>Eadem</strong></span> 
     </span>
     <span class='ocr_line' id='line_1_9' title="bbox 162 1014 2006 1099; baseline -0.001 -19"><span class='ocrx_word' id='word_1_50' title='bbox 162 1086 168 1099; x_wconf 31' lang='lat'><strong>¹</strong></span> <span class='ocrx_word' id='word_1_51' title='bbox 234 1019 440 1099; x_wconf 85' lang='lat' dir='ltr'><strong>lingua</strong></span> <span class='ocrx_word' id='word_1_52' title='bbox 492 1016 756 1078; x_wconf 88' lang='lat' dir='ltr'><strong>Uranius</strong></span> <span class='ocrx_word' id='word_1_53' title='bbox 811 1014 1077 1076; x_wconf 88' lang='lat' dir='ltr'><strong>Arabica</strong></span> <span class='ocrx_word' id='word_1_54' title='bbox 1119 1016 1364 1095; x_wconf 87' lang='lat' dir='ltr'><strong>scripsit</strong></span> <span class='ocrx_word' id='word_1_55' title='bbox 1408 1014 1618 1095; x_wconf 88' lang='lat' dir='ltr'><strong>Steph.</strong></span> <span class='ocrx_word' id='word_1_56' title='bbox 1662 1034 1708 1074; x_wconf 79' lang='lat' dir='ltr'><strong>s,</strong></span> <span class='ocrx_word' id='word_1_57' title='bbox 1745 1018 2006 1098; x_wconf 81' lang='grc' dir='ltr'><em>,Ἀβαση-</em></span> 
     </span>
     <span class='ocr_line' id='line_1_10' title="bbox 235 1113 2007 1197; baseline -0.002 -18"><span class='ocrx_word' id='word_1_58' title='bbox 235 1119 373 1194; x_wconf 86' lang='grc' dir='ltr'><em>νός,</em></span> <span class='ocrx_word' id='word_1_59' title='bbox 433 1117 886 1197; x_wconf 87' lang='lat' dir='ltr'><strong>Callimorphus</strong></span> <span class='ocrx_word' id='word_1_60' title='bbox 940 1115 1224 1174; x_wconf 87' lang='lat' dir='ltr'><strong>Parthica</strong></span> <span class='ocrx_word' id='word_1_61' title='bbox 1264 1115 1511 1174; x_wconf 86' lang='lat' dir='ltr'><strong>Lucian.</strong></span> <span class='ocrx_word' id='word_1_62' title='bbox 1568 1113 1788 1194; x_wconf 80' lang='lat' dir='ltr'><strong>Quom.</strong></span> <span class='ocrx_word' id='word_1_63' title='bbox 1844 1115 2007 1175; x_wconf 87' lang='lat' dir='ltr'><strong>Hist.</strong></span> 
     </span>
     <span class='ocr_line' id='line_1_11' title="bbox 236 1213 2008 1299; baseline -0.002 -21"><span class='ocrx_word' id='word_1_64' title='bbox 236 1218 288 1299; x_wconf 66' lang='grc' dir='ltr'><strong>ξ.</strong></span> <span class='ocrx_word' id='word_1_65' title='bbox 338 1217 432 1278; x_wconf 87' lang='grc'><strong>16.</strong></span> <span class='ocrx_word' id='word_1_66' title='bbox 481 1218 617 1277; x_wconf 87' lang='grc'><strong>179.</strong></span> <span class='ocrx_word' id='word_1_67' title='bbox 664 1217 732 1276; x_wconf 94' lang='grc' dir='ltr'><strong>Τ.</strong></span> <span class='ocrx_word' id='word_1_68' title='bbox 774 1215 876 1274; x_wconf 90' lang='lat' dir='ltr'><strong>IV.</strong></span> <span class='ocrx_word' id='word_1_69' title='bbox 931 1215 1303 1292; x_wconf 86' lang='lat' dir='ltr'><strong>Praxagoras</strong></span> <span class='ocrx_word' id='word_1_70' title='bbox 1348 1215 1670 1275; x_wconf 90' lang='lat' dir='ltr'><strong>historiam</strong></span> <span class='ocrx_word' id='word_1_71' title='bbox 1714 1213 2008 1275; x_wconf 89' lang='lat' dir='ltr'><strong>Constan-</strong></span> 
     </span>
     <span class='ocr_line' id='line_1_12' title="bbox 236 1313 2009 1396; baseline -0.002 -19"><span class='ocrx_word' id='word_1_72' title='bbox 236 1320 349 1377; x_wconf 91' lang='lat' dir='ltr'><strong>tini</strong></span> <span class='ocrx_word' id='word_1_73' title='bbox 401 1318 484 1376; x_wconf 88' lang='lat' dir='ltr'><strong>M.</strong></span> <span class='ocrx_word' id='word_1_74' title='bbox 539 1318 714 1396; x_wconf 74' lang='lat' dir='ltr'><strong>Phot.</strong></span> <span class='ocrx_word' id='word_1_75' title='bbox 757 1315 913 1377; x_wconf 86' lang='lat' dir='ltr'><strong>LXI.</strong></span> <span class='ocrx_word' id='word_1_76' title='bbox 959 1314 1057 1375; x_wconf 89' lang='grc'><strong>31.</strong></span> <span class='ocrx_word' id='word_1_77' title='bbox 1093 1324 1188 1385; x_wconf 28' lang='lat' dir='ltr'><strong>let</strong></span> <span class='ocrx_word' id='word_1_78' title='bbox 1242 1313 1611 1395; x_wconf 89' lang='lat' dir='ltr'><strong>Apollonius</strong></span> <span class='ocrx_word' id='word_1_79' title='bbox 1669 1314 2009 1392; x_wconf 86' lang='lat' dir='ltr'><strong>Tyanensis</strong></span> 
     </span>
     <span class='ocr_line' id='line_1_13' title="bbox 235 1414 2009 1495; baseline -0.003 -16"><span class='ocrx_word' id='word_1_80' title='bbox 235 1415 543 1495; x_wconf 68' lang='grc' dir='ltr'><em>διαθήκας</em></span> <span class='ocrx_word' id='word_1_81' title='bbox 597 1433 738 1474; x_wconf 90' lang='lat' dir='ltr'><strong>suas</strong></span> <span class='ocrx_word' id='word_1_82' title='bbox 792 1415 1009 1473; x_wconf 88' lang='lat' dir='ltr'><strong>ionicis</strong></span> <span class='ocrx_word' id='word_1_83' title='bbox 1053 1416 1332 1474; x_wconf 84' lang='lat' dir='ltr'><strong>exaravit</strong></span> <span class='ocrx_word' id='word_1_84' title='bbox 1374 1415 1567 1472; x_wconf 90' lang='lat' dir='ltr'><strong>literis</strong></span> <span class='ocrx_word' id='word_1_85' title='bbox 1610 1415 1892 1475; x_wconf 86' lang='lat' dir='ltr'><strong>Philostr.</strong></span> <span class='ocrx_word' id='word_1_86' title='bbox 1937 1414 2009 1473; x_wconf 88' lang='lat' dir='ltr'><strong>V.</strong></span> 
     </span>
     <span class='ocr_line' id='line_1_14' title="bbox 237 1511 2014 1575; baseline -0.001 0"><span class='ocrx_word' id='word_1_87' title='bbox 237 1517 309 1575; x_wconf 91' lang='lat' dir='ltr'><strong>A.</strong></span> <span class='ocrx_word' id='word_1_88' title='bbox 353 1515 454 1575; x_wconf 90' lang='lat' dir='ltr'><strong>VI.</strong></span> <span class='ocrx_word' id='word_1_89' title='bbox 499 1512 598 1574; x_wconf 83' lang='lat'><strong>35.</strong></span> <span class='ocrx_word' id='word_1_90' title='bbox 643 1514 783 1574; x_wconf 84' lang='lat'><strong>314.</strong></span> <span class='ocrx_word' id='word_1_91' title='bbox 890 1513 1074 1572; x_wconf 94' lang='lat' dir='ltr'><strong>Illum</strong></span> <span class='ocrx_word' id='word_1_92' title='bbox 1118 1522 1321 1572; x_wconf 90' lang='lat' dir='ltr'><strong>autem</strong></span> <span class='ocrx_word' id='word_1_93' title='bbox 1369 1511 1446 1571; x_wconf 94' lang='lat' dir='ltr'><strong>de</strong></span> <span class='ocrx_word' id='word_1_94' title='bbox 1490 1513 1711 1572; x_wconf 89' lang='lat' dir='ltr'><strong>Perseo</strong></span> <span class='ocrx_word' id='word_1_95' title='bbox 1757 1525 1818 1573; x_wconf 91' lang='lat' dir='ltr'><strong>et</strong></span> <span class='ocrx_word' id='word_1_96' title='bbox 1858 1516 2014 1574; x_wconf 93' lang='lat' dir='ltr'><strong>Dio-</strong></span> 
     </span>
     <span class='ocr_line' id='line_1_15' title="bbox 236 1611 2014 1694; baseline -0.001 -19"><span class='ocrx_word' id='word_1_97' title='bbox 236 1635 393 1694; x_wconf 90' lang='lat' dir='ltr'><strong>nyso</strong></span> <span class='ocrx_word' id='word_1_98' title='bbox 449 1616 653 1674; x_wconf 88' lang='lat' dir='ltr'><strong>locum</strong></span> <span class='ocrx_word' id='word_1_99' title='bbox 710 1623 771 1672; x_wconf 89' lang='lat' dir='ltr'><strong>et</strong></span> <span class='ocrx_word' id='word_1_100' title='bbox 814 1631 969 1692; x_wconf 91' lang='lat' dir='ltr'><strong>quae</strong></span> <span class='ocrx_word' id='word_1_101' title='bbox 1011 1620 1331 1691; x_wconf 90' lang='lat' dir='ltr'><strong>praeterea</strong></span> <span class='ocrx_word' id='word_1_102' title='bbox 1373 1611 1727 1688; x_wconf 75' lang='lat' dir='ltr'><strong>SyneeIIUS,</strong></span> <span class='ocrx_word' id='word_1_103' title='bbox 1786 1615 2014 1674; x_wconf 93' lang='lat' dir='ltr'><strong>Malela</strong></span> 
     </span>
     <span class='ocr_line' id='line_1_16' title="bbox 240 1708 2014 1792; baseline -0.001 -17"><span class='ocrx_word' id='word_1_104' title='bbox 240 1725 303 1775; x_wconf 90' lang='lat' dir='ltr'><strong>et</strong></span> <span class='ocrx_word' id='word_1_105' title='bbox 355 1716 562 1775; x_wconf 92' lang='lat' dir='ltr'><strong>Moses</strong></span> <span class='ocrx_word' id='word_1_106' title='bbox 617 1711 1002 1773; x_wconf 89' lang='lat' dir='ltr'><strong>Chosroenus</strong></span> <span class='ocrx_word' id='word_1_107' title='bbox 1058 1731 1097 1770; x_wconf 91' lang='lat' dir='ltr'><strong>a</strong></span> <span class='ocrx_word' id='word_1_108' title='bbox 1157 1708 1534 1792; x_wconf 89' lang='lat' dir='ltr'><strong>Cephalione</strong></span> <span class='ocrx_word' id='word_1_109' title='bbox 1593 1713 1820 1774; x_wconf 89' lang='lat' dir='ltr'><strong>tradita</strong></span> <span class='ocrx_word' id='word_1_110' title='bbox 1859 1715 2014 1774; x_wconf 88' lang='lat' dir='ltr'><strong>refe-</strong></span> 
     </span>
     <span class='ocr_line' id='line_1_17' title="bbox 238 1810 2014 1890; baseline -0.001 -15"><span class='ocrx_word' id='word_1_111' title='bbox 238 1824 399 1887; x_wconf 85' lang='lat' dir='ltr'><strong>runt,</strong></span> <span class='ocrx_word' id='word_1_112' title='bbox 442 1833 567 1874; x_wconf 91' lang='lat' dir='ltr'><strong>non</strong></span> <span class='ocrx_word' id='word_1_113' title='bbox 612 1812 945 1890; x_wconf 86' lang='lat' dir='ltr'><strong>Gergithio‚</strong></span> <span class='ocrx_word' id='word_1_114' title='bbox 988 1819 1059 1870; x_wconf 90' lang='lat' dir='ltr'><strong>ut</strong></span> <span class='ocrx_word' id='word_1_115' title='bbox 1103 1810 1464 1874; x_wconf 87' lang='lat' dir='ltr'><strong>Sancrucius</strong></span> <span class='ocrx_word' id='word_1_116' title='bbox 1507 1813 1757 1874; x_wconf 90' lang='lat' dir='ltr'><strong>volebat</strong></span> <span class='ocrx_word' id='word_1_117' title='bbox 1799 1814 2014 1875; x_wconf 86' lang='lat' dir='ltr'><strong>Exam.</strong></span> 
     </span>
     <span class='ocr_line' id='line_1_18' title="bbox 242 1909 2069 1996; baseline 0.001 -23"><span class='ocrx_word' id='word_1_118' title='bbox 242 1937 302 1996; x_wconf 88' lang='lat' dir='ltr'><strong>p.</strong></span> <span class='ocrx_word' id='word_1_119' title='bbox 349 1913 448 1974; x_wconf 85' lang='lat'><strong>59.</strong></span> <span class='ocrx_word' id='word_1_120' title='bbox 493 1912 601 1974; x_wconf 88' lang='lat' dir='ltr'><strong>sed</strong></span> <span class='ocrx_word' id='word_1_121' title='bbox 638 1913 874 1990; x_wconf 87' lang='lat' dir='ltr'><strong>juniori</strong></span> <span class='ocrx_word' id='word_1_122' title='bbox 916 1909 1230 1971; x_wconf 87' lang='lat' dir='ltr'><strong>Historiae</strong></span> <span class='ocrx_word' id='word_1_123' title='bbox 1275 1910 1607 1971; x_wconf 89' lang='lat' dir='ltr'><strong>catholicae</strong></span> <span class='ocrx_word' id='word_1_124' title='bbox 1646 1917 1883 1974; x_wconf 87' lang='lat' dir='ltr'><strong>auctori</strong></span> <span class='ocrx_word' id='word_1_125' title='bbox 1907 1913 2015 1975; x_wconf 88' lang='lat' dir='ltr'><strong>ad·</strong></span> <span class='ocrx_word' id='word_1_126' title='bbox 2065 1927 2069 1932; x_wconf 58' lang='lat'><strong>⁴</strong></span> 
     </span>
     <span class='ocr_line' id='line_1_19' title="bbox 244 2009 2015 2090; baseline -0.001 -15"><span class='ocrx_word' id='word_1_127' title='bbox 244 2013 594 2075; x_wconf 35' lang='lat' dir='ltr'><strong>scribenda.</strong></span> <span class='ocrx_word' id='word_1_128' title='bbox 632 2030 765 2071; x_wconf 91' lang='lat' dir='ltr'><strong>esse</strong></span> <span class='ocrx_word' id='word_1_129' title='bbox 827 2020 990 2070; x_wconf 85' lang='lat' dir='ltr'><strong>recte</strong></span> <span class='ocrx_word' id='word_1_130' title='bbox 1034 2009 1341 2088; x_wconf 89' lang='lat' dir='ltr'><strong>judicavit</strong></span> <span class='ocrx_word' id='word_1_131' title='bbox 1393 2010 1636 2090; x_wconf 89' lang='lat' dir='ltr'><strong>Volney</strong></span> <span class='ocrx_word' id='word_1_132' title='bbox 1695 2013 2015 2075; x_wconf 87' lang='lat' dir='ltr'><strong>Recherch.</strong></span> 
     </span>
     <span class='ocr_line' id='line_1_20' title="bbox 243 2109 2019 2193; baseline -0.001 -19"><span class='ocrx_word' id='word_1_133' title='bbox 243 2114 510 2175; x_wconf 91' lang='lat' dir='ltr'><strong>nouvell.</strong></span> <span class='ocrx_word' id='word_1_134' title='bbox 565 2131 670 2172; x_wconf 90' lang='lat' dir='ltr'><strong>sur</strong></span> <span class='ocrx_word' id='word_1_135' title='bbox 721 2112 900 2170; x_wconf 90' lang='lat' dir='ltr'><strong>l’hist.</strong></span> <span class='ocrx_word' id='word_1_136' title='bbox 958 2130 1087 2174; x_wconf 82' lang='lat' dir='ltr'><strong>ano.</strong></span> <span class='ocrx_word' id='word_1_137' title='bbox 1144 2111 1213 2170; x_wconf 89' lang='lat' dir='ltr'><strong>T.</strong></span> <span class='ocrx_word' id='word_1_138' title='bbox 1257 2113 1332 2193; x_wconf 87' lang='lat' dir='ltr'><strong>II.</strong></span> <span class='ocrx_word' id='word_1_139' title='bbox 1376 2109 1518 2170; x_wconf 88' lang='lat'><strong>254.</strong></span> <span class='ocrx_word' id='word_1_140' title='bbox 1573 2111 1784 2193; x_wconf 93' lang='lat' dir='ltr'><strong>Neque</strong></span> <span class='ocrx_word' id='word_1_141' title='bbox 1827 2115 2019 2174; x_wconf 89' lang='lat' dir='ltr'><strong>alium</strong></span> 
     </span>
     <span class='ocr_line' id='line_1_21' title="bbox 243 2210 2020 2295; baseline 0.002 -23"><span class='ocrx_word' id='word_1_142' title='bbox 243 2213 460 2292; x_wconf 84' lang='lat' dir='ltr'><strong>legisse</strong></span> <span class='ocrx_word' id='word_1_143' title='bbox 502 2212 748 2274; x_wconf 87' lang='lat' dir='ltr'><strong>videtur</strong></span> <span class='ocrx_word' id='word_1_144' title='bbox 792 2211 1048 2271; x_wconf 86' lang='lat' dir='ltr'><strong>Tzetzes</strong></span> <span class='ocrx_word' id='word_1_145' title='bbox 1092 2210 1278 2289; x_wconf 86' lang='lat' dir='ltr'><strong>Exeg.</strong></span> <span class='ocrx_word' id='word_1_146' title='bbox 1321 2231 1383 2291; x_wconf 94' lang='lat' dir='ltr'><strong>p.</strong></span> <span class='ocrx_word' id='word_1_147' title='bbox 1427 2211 1486 2271; x_wconf 89' lang='lat'><strong>4.</strong></span> <span class='ocrx_word' id='word_1_148' title='bbox 1543 2212 1874 2295; x_wconf 81' lang='grc' dir='ltr'><em>Κεφαλίων</em></span> <span class='ocrx_word' id='word_1_149' title='bbox 1915 2213 2020 2276; x_wconf 80' lang='grc' dir='ltr'><em>καὶ</em></span> 
     </span>
     <span class='ocr_line' id='line_1_22' title="bbox 248 2311 2021 2396; baseline 0 -21"><span class='ocrx_word' id='word_1_150' title='bbox 248 2312 658 2396; x_wconf 83' lang='grc' dir='ltr'><em>Παλαίφατος</em></span> <span class='ocrx_word' id='word_1_151' title='bbox 721 2312 826 2375; x_wconf 82' lang='grc' dir='ltr'><em>καὶ</em></span> <span class='ocrx_word' id='word_1_152' title='bbox 890 2316 1199 2394; x_wconf 84' lang='grc' dir='ltr'><em>Δομνῒνος</em></span> <span class='ocrx_word' id='word_1_153' title='bbox 1267 2312 1406 2394; x_wconf 79' lang='grc' dir='ltr'><em>περὶ</em></span> <span class='ocrx_word' id='word_1_154' title='bbox 1457 2319 1586 2376; x_wconf 81' lang='grc' dir='ltr'><strong>τῶν</strong></span> <span class='ocrx_word' id='word_1_155' title='bbox 1639 2311 1863 2396; x_wconf 78' lang='grc' dir='ltr'><em>ἡρώων</em></span> <span class='ocrx_word' id='word_1_156' title='bbox 1916 2313 2021 2377; x_wconf 83' lang='grc' dir='ltr'><em>καὶ</em></span> 
     </span>
     <span class='ocr_line' id='line_1_23' title="bbox 249 2412 2021 2494; baseline 0 -20"><span class='ocrx_word' id='word_1_157' title='bbox 249 2421 377 2477; x_wconf 83' lang='grc' dir='ltr'><strong>τῶν</strong></span> <span class='ocrx_word' id='word_1_158' title='bbox 429 2412 768 2494; x_wconf 77' lang='grc' dir='ltr'><em>τεραστίων</em></span> <span class='ocrx_word' id='word_1_159' title='bbox 825 2417 1155 2492; x_wconf 79' lang='grc' dir='ltr'><strong><em>ῥητορικῶς</em></strong></span> <span class='ocrx_word' id='word_1_160' title='bbox 1210 2412 1293 2480; x_wconf 78' lang='grc' dir='ltr'><strong>ὥς</strong></span> <span class='ocrx_word' id='word_1_161' title='bbox 1337 2412 1434 2473; x_wconf 78' lang='grc' dir='ltr'><strong>ἐπὶ</strong></span> <span class='ocrx_word' id='word_1_162' title='bbox 1474 2412 1545 2474; x_wconf 81' lang='grc' dir='ltr'><strong>τὸ</strong></span> <span class='ocrx_word' id='word_1_163' title='bbox 1590 2419 1874 2477; x_wconf 83' lang='grc' dir='ltr'><em>πλεῖστον</em></span> <span class='ocrx_word' id='word_1_164' title='bbox 1915 2413 2021 2475; x_wconf 81' lang='grc' dir='ltr'><em>καὶ</em></span> 
     </span>
     <span class='ocr_line' id='line_1_24' title="bbox 253 2509 2037 2596; baseline -0.003 -21"><span class='ocrx_word' id='word_1_165' title='bbox 253 2514 326 2575; x_wconf 81' lang='grc' dir='ltr'><strong>οὗ</strong></span> <span class='ocrx_word' id='word_1_166' title='bbox 383 2520 659 2596; x_wconf 80' lang='grc' dir='ltr'><em>φυσικῶς</em></span> <span class='ocrx_word' id='word_1_167' title='bbox 713 2511 752 2590; x_wconf 79' lang='grc' dir='ltr'>ἢ</span> <span class='ocrx_word' id='word_1_168' title='bbox 808 2514 1262 2592; x_wconf 80' lang='grc' dir='ltr'><em>μαθηματικῶς</em></span> <span class='ocrx_word' id='word_1_169' title='bbox 1314 2509 1755 2596; x_wconf 77' lang='grc' dir='ltr'><em>ἠλληγόρησαν.</em></span> <span class='ocrx_word' id='word_1_170' title='bbox 1819 2523 1881 2571; x_wconf 87' lang='lat' dir='ltr'><strong>et</strong></span> <span class='ocrx_word' id='word_1_171' title='bbox 1939 2511 2037 2571; x_wconf 88' lang='lat' dir='ltr'><strong>ad.</strong></span> 
     </span>
     <span class='ocr_line' id='line_1_25' title="bbox 251 2607 2021 2696; baseline 0.002 -25"><span class='ocrx_word' id='word_1_172' title='bbox 251 2613 397 2689; x_wconf 85' lang='lat' dir='ltr'><strong>Lyc.</strong></span> <span class='ocrx_word' id='word_1_173' title='bbox 440 2632 501 2692; x_wconf 91' lang='lat' dir='ltr'><strong>p.</strong></span> <span class='ocrx_word' id='word_1_174' title='bbox 546 2612 645 2671; x_wconf 86' lang='lat'><strong>26.</strong></span> <span class='ocrx_word' id='word_1_175' title='bbox 701 2612 1059 2695; x_wconf 77' lang='grc' dir='ltr'><em>ἆλληγορεῖν</em></span> <span class='ocrx_word' id='word_1_176' title='bbox 1113 2607 1501 2693; x_wconf 75' lang='grc' dir='ltr'><em>ἐπιστάμεθα</em></span> <span class='ocrx_word' id='word_1_177' title='bbox 1542 2611 1696 2695; x_wconf 78' lang='grc' dir='ltr'><strong><em>ὑπὲρ</em></strong></span> <span class='ocrx_word' id='word_1_178' title='bbox 1739 2619 2021 2696; x_wconf 80' lang='grc' dir='ltr'><em>Κορνοῦ-</em></span> 
     </span>
     <span class='ocr_line' id='line_1_26' title="bbox 252 2709 2021 2795; baseline -0.002 -19"><span class='ocrx_word' id='word_1_179' title='bbox 252 2736 363 2776; x_wconf 85' lang='grc' dir='ltr'><strong>τον</strong></span> <span class='ocrx_word' id='word_1_180' title='bbox 404 2712 510 2774; x_wconf 85' lang='grc' dir='ltr'><em>καὶ</em></span> <span class='ocrx_word' id='word_1_181' title='bbox 551 2709 968 2794; x_wconf 86' lang='grc' dir='ltr'><em>Παλαίφατον</em></span> <span class='ocrx_word' id='word_1_182' title='bbox 1010 2734 1114 2772; x_wconf 80' lang='grc' dir='ltr'><em>και</em></span> <span class='ocrx_word' id='word_1_183' title='bbox 1155 2711 1527 2794; x_wconf 83' lang='grc' dir='ltr'><em>Κεφαλίωνα</em></span> <span class='ocrx_word' id='word_1_184' title='bbox 1569 2713 1675 2775; x_wconf 82' lang='grc' dir='ltr'><em>καὶ</em></span> <span class='ocrx_word' id='word_1_185' title='bbox 1708 2711 2021 2795; x_wconf 76' lang='grc' dir='ltr'><em>Ἡράκλει-</em></span> 
     </span>
     <span class='ocr_line' id='line_1_27' title="bbox 252 2809 2023 2895; baseline -0.002 -21"><span class='ocrx_word' id='word_1_186' title='bbox 252 2835 363 2876; x_wconf 87' lang='grc' dir='ltr'><strong>τον</strong></span> <span class='ocrx_word' id='word_1_187' title='bbox 405 2812 510 2875; x_wconf 81' lang='grc' dir='ltr'><em>καὶ</em></span> <span class='ocrx_word' id='word_1_188' title='bbox 550 2817 886 2895; x_wconf 86' lang='grc' dir='ltr'><em>Δομνῖνον,</em></span> <span class='ocrx_word' id='word_1_189' title='bbox 931 2811 1036 2891; x_wconf 89' lang='lat' dir='ltr'><strong>qui</strong></span> <span class='ocrx_word' id='word_1_190' title='bbox 1077 2811 1208 2870; x_wconf 85' lang='lat' dir='ltr'><strong>sine</strong></span> <span class='ocrx_word' id='word_1_191' title='bbox 1252 2811 1440 2872; x_wconf 88' lang='lat' dir='ltr'><strong>dubio</strong></span> <span class='ocrx_word' id='word_1_192' title='bbox 1483 2811 1650 2872; x_wconf 89' lang='lat' dir='ltr'><strong>idem</strong></span> <span class='ocrx_word' id='word_1_193' title='bbox 1696 2821 1789 2871; x_wconf 88' lang='lat' dir='ltr'><strong>est</strong></span> <span class='ocrx_word' id='word_1_194' title='bbox 1832 2809 2023 2871; x_wconf 87' lang='lat' dir='ltr'><strong>Chro-</strong></span> 
     </span>
     <span class='ocr_line' id='line_1_28' title="bbox 253 2911 2021 2993; baseline 0 -22"><span class='ocrx_word' id='word_1_195' title='bbox 253 2912 598 2993; x_wconf 87' lang='lat' dir='ltr'><strong>nographus</strong></span> <span class='ocrx_word' id='word_1_196' title='bbox 654 2931 692 2971; x_wconf 92' lang='lat' dir='ltr'><strong>a</strong></span> <span class='ocrx_word' id='word_1_197' title='bbox 732 2911 959 2971; x_wconf 91' lang='lat' dir='ltr'><strong>Malela</strong></span> <span class='ocrx_word' id='word_1_198' title='bbox 1012 2913 1256 2991; x_wconf 90' lang='lat' dir='ltr'><strong>saepius</strong></span> <span class='ocrx_word' id='word_1_199' title='bbox 1298 2912 1613 2985; x_wconf 88' lang='lat' dir='ltr'><strong>laudatus,</strong></span> <span class='ocrx_word' id='word_1_200' title='bbox 1656 2912 2021 2993; x_wconf 76' lang='lat' dir='ltr'><strong>EpiscopuS‚</strong></span> 
     </span>
     <span class='ocr_line' id='line_1_29' title="bbox 258 3010 2021 3094; baseline 0 -24"><span class='ocrx_word' id='word_1_201' title='bbox 258 3022 326 3070; x_wconf 92' lang='lat' dir='ltr'><strong>ut</strong></span> <span class='ocrx_word' id='word_1_202' title='bbox 379 3013 655 3090; x_wconf 85' lang='lat' dir='ltr'><strong>Bentlejo</strong></span> <span class='ocrx_word' id='word_1_203' title='bbox 711 3010 959 3073; x_wconf 84' lang='lat' dir='ltr'><strong>videtur</strong></span> <span class='ocrx_word' id='word_1_204' title='bbox 1013 3011 1230 3090; x_wconf 91' lang='lat' dir='ltr'><strong>Opusc.</strong></span> <span class='ocrx_word' id='word_1_205' title='bbox 1286 3034 1348 3094; x_wconf 89' lang='lat' dir='ltr'><strong>p.</strong></span> <span class='ocrx_word' id='word_1_206' title='bbox 1410 3011 1550 3073; x_wconf 82' lang='lat'><strong>513.</strong></span> <span class='ocrx_word' id='word_1_207' title='bbox 1593 3012 1759 3092; x_wconf 81' lang='lat' dir='ltr'><strong>LiPS.</strong></span> <span class='ocrx_word' id='word_1_208' title='bbox 1804 3012 2021 3073; x_wconf 86' lang='lat' dir='ltr'><strong>Antio-</strong></span> 
     </span>
    </p>
   </div>
   <div class='ocr_carea' id='block_1_3' title="bbox 261 3150 2018 3267">
    <p class='ocr_par' dir='ltr' id='par_1_3' title="bbox 261 3150 2018 3267">
     <span class='ocr_line' id='line_1_30' title="bbox 376 3150 2018 3209; baseline 0.001 -15"><span class='ocrx_word' id='word_1_209' title='bbox 376 3152 443 3208; x_wconf 82' lang='lat' dir='ltr'><strong>[q]</strong></span> <span class='ocrx_word' id='word_1_210' title='bbox 491 3152 666 3209; x_wconf 84' lang='lat' dir='ltr'><strong>Menag.</strong></span> <span class='ocrx_word' id='word_1_211' title='bbox 698 3154 753 3197; x_wconf 83' lang='lat' dir='ltr'><strong>ad</strong></span> <span class='ocrx_word' id='word_1_212' title='bbox 781 3154 910 3209; x_wconf 85' lang='lat' dir='ltr'><strong>Diog.</strong></span> <span class='ocrx_word' id='word_1_213' title='bbox 941 3152 995 3195; x_wconf 81' lang='lat' dir='ltr'><strong>V.</strong></span> <span class='ocrx_word' id='word_1_214' title='bbox 1025 3150 1096 3195; x_wconf 85' lang='lat'><strong>58.</strong></span> <span class='ocrx_word' id='word_1_215' title='bbox 1127 3153 1355 3197; x_wconf 84' lang='lat' dir='ltr'><strong>Amoenitt.</strong></span> <span class='ocrx_word' id='word_1_216' title='bbox 1385 3154 1477 3197; x_wconf 88' lang='lat' dir='ltr'><strong>Jur.</strong></span> <span class='ocrx_word' id='word_1_217' title='bbox 1508 3169 1547 3197; x_wconf 90' lang='lat' dir='ltr'><strong>c.</strong></span> <span class='ocrx_word' id='word_1_218' title='bbox 1577 3152 1650 3197; x_wconf 80' lang='lat'><strong>35.</strong></span> <span class='ocrx_word' id='word_1_219' title='bbox 1680 3151 1782 3197; x_wconf 73' lang='lat'><strong>224.</strong></span> <span class='ocrx_word' id='word_1_220' title='bbox 1814 3152 2018 3209; x_wconf 85' lang='lat' dir='ltr'><strong>Wiggan.</strong></span> 
     </span>
     <span class='ocr_line' id='line_1_31' title="bbox 261 3210 1434 3267; baseline 0.003 -14"><span class='ocrx_word' id='word_1_221' title='bbox 261 3210 317 3253; x_wconf 83' lang='lat' dir='ltr'><strong>ad</strong></span> <span class='ocrx_word' id='word_1_222' title='bbox 345 3210 466 3254; x_wconf 80' lang='lat' dir='ltr'><strong>Aret.</strong></span> <span class='ocrx_word' id='word_1_223' title='bbox 496 3225 538 3267; x_wconf 88' lang='lat' dir='ltr'><strong>p.</strong></span> <span class='ocrx_word' id='word_1_224' title='bbox 570 3211 611 3254; x_wconf 90' lang='lat'><strong>9.</strong></span> <span class='ocrx_word' id='word_1_225' title='bbox 642 3212 691 3255; x_wconf 91' lang='lat' dir='ltr'><strong>P.</strong></span> <span class='ocrx_word' id='word_1_226' title='bbox 721 3213 851 3255; x_wconf 84' lang='lat' dir='ltr'><strong>Petit.</strong></span> <span class='ocrx_word' id='word_1_227' title='bbox 881 3212 1024 3254; x_wconf 85' lang='lat' dir='ltr'><strong>Praef.</strong></span> <span class='ocrx_word' id='word_1_228' title='bbox 1056 3211 1112 3253; x_wconf 87' lang='lat' dir='ltr'><strong>ad</strong></span> <span class='ocrx_word' id='word_1_229' title='bbox 1141 3211 1301 3256; x_wconf 88' lang='lat' dir='ltr'><strong>Comm.</strong></span> <span class='ocrx_word' id='word_1_230' title='bbox 1336 3211 1434 3256; x_wconf 81' lang='lat'><strong>136.</strong></span> 
     </span>
    </p>
   </div>
   <div class='ocr_carea' id='block_1_4' title="bbox 262 3268 2017 3385">
    <p class='ocr_par' dir='ltr' id='par_1_4' title="bbox 262 3268 2017 3385">
     <span class='ocr_line' id='line_1_32' title="bbox 378 3268 2017 3327; baseline 0 -16"><span class='ocrx_word' id='word_1_231' title='bbox 378 3269 459 3325; x_wconf 83' lang='lat'><strong>[†]</strong></span> <span class='ocrx_word' id='word_1_232' title='bbox 499 3283 541 3311; x_wconf 87' lang='lat' dir='ltr'><strong>v.</strong></span> <span class='ocrx_word' id='word_1_233' title='bbox 573 3270 744 3314; x_wconf 82' lang='lat' dir='ltr'><strong>Reines.</strong></span> <span class='ocrx_word' id='word_1_234' title='bbox 783 3271 868 3327; x_wconf 81' lang='lat' dir='ltr'><strong>Ep.</strong></span> <span class='ocrx_word' id='word_1_235' title='bbox 909 3270 966 3313; x_wconf 90' lang='lat' dir='ltr'><strong>ad</strong></span> <span class='ocrx_word' id='word_1_236' title='bbox 1000 3270 1228 3313; x_wconf 80' lang='lat' dir='ltr'><strong>Hofmann.</strong></span> <span class='ocrx_word' id='word_1_237' title='bbox 1270 3285 1314 3327; x_wconf 89' lang='lat' dir='ltr'><strong>p.</strong></span> <span class='ocrx_word' id='word_1_238' title='bbox 1353 3268 1452 3314; x_wconf 83' lang='lat'><strong>456.</strong></span> <span class='ocrx_word' id='word_1_239' title='bbox 1501 3270 1692 3327; x_wconf 86' lang='lat' dir='ltr'><strong>aliosque</strong></span> <span class='ocrx_word' id='word_1_240' title='bbox 1733 3283 1838 3326; x_wconf 86' lang='lat' dir='ltr'><strong>quos</strong></span> <span class='ocrx_word' id='word_1_241' title='bbox 1876 3269 2017 3312; x_wconf 83' lang='lat' dir='ltr'><strong>Thor-</strong></span> 
     </span>
     <span class='ocr_line' id='line_1_33' title="bbox 262 3327 1364 3385; baseline 0.003 -16"><span class='ocrx_word' id='word_1_242' title='bbox 262 3327 438 3369; x_wconf 83' lang='lat' dir='ltr'><strong>beckius</strong></span> <span class='ocrx_word' id='word_1_243' title='bbox 467 3327 520 3369; x_wconf 88' lang='lat' dir='ltr'><strong>de</strong></span> <span class='ocrx_word' id='word_1_244' title='bbox 551 3329 666 3372; x_wconf 79' lang='lat' dir='ltr'><strong>Asin.</strong></span> <span class='ocrx_word' id='word_1_245' title='bbox 700 3330 808 3373; x_wconf 89' lang='lat' dir='ltr'><strong>Poll.</strong></span> <span class='ocrx_word' id='word_1_246' title='bbox 842 3329 929 3372; x_wconf 81' lang='lat' dir='ltr'><strong>Vit.</strong></span> <span class='ocrx_word' id='word_1_247' title='bbox 962 3342 1005 3385; x_wconf 84' lang='lat' dir='ltr'><strong>p.</strong></span> <span class='ocrx_word' id='word_1_248' title='bbox 1038 3327 1133 3371; x_wconf 89' lang='lat'><strong>119.</strong></span> <span class='ocrx_word' id='word_1_249' title='bbox 1166 3329 1364 3373; x_wconf 75' lang='lat' dir='ltr'><strong>nominat.</strong></span> 
     </span>
    </p>
   </div>
  </div>
 </body>
</html>
