2210 3886
220 220 347 282 798
747 186 986 279 mesu
1028 234 1456 282 SECUNDUS.

219 367 394 449 ἄγων
447 364 558 433 τὰς
601 364 808 446 ψυχὰς
863 369 947 433 εἰς
989 364 1060 426 τὸ
1107 371 1286 446 σῶμα
1329 366 1434 446 καὶ
1474 365 1662 430 πάλιν
1707 367 1826 428 ἀπὸ
1874 375 1988 430 τοῦ

219 461 503 546 σώματος
559 461 815 549 ἀνοίγων
870 463 974 525 καὶ
1025 470 1210 526 τοῦτο
1267 463 1471 548 κύκλῳ
1525 464 1838 536 πολλάκις·
1887 466 1993 526 ubi

216 564 469 644 proprie
511 571 572 621 et
614 564 1020 641 significanter
1063 565 1334 643 positum
1380 575 1475 626 est
1510 585 1733 626 nomen
1755 566 1990 637 κύκλος.

215 665 521 741 Diogenes
591 665 654 721 in
709 662 854 721 Vita
908 661 1291 740 Pythagorae
1349 665 1506 724 VIII.
1580 664 1676 726 14.
1743 664 1993 750 πρῶτόν

216 785 372 847 φασι
413 770 640 825 τοῦτον
685 762 1002 844 ἀποφῆναι
1044 763 1159 841 τὴν
1203 764 1412 844 ψυχὴν
1454 763 1682 829 κύκλον
1720 765 1993 852 ἀνάγκης

214 863 602 945 ἀμείβουσαν
647 860 859 922 ἄλλοτε
905 863 1108 932 ἄλλοις
1153 862 1472 926 ἐνδεῖσθαι
1517 864 1711 949 ζώοις.
1768 865 1991 927 Hiero-

211 979 434 1039 nymus
490 957 632 1021 adv.
687 958 882 1019 Rufin.
939 961 1007 1020 L.
1061 962 1166 1021 ΙΙΙ.
1222 961 1365 1023 410.
1425 962 1494 1022 Τ.
1550 963 1651 1024 IV.
1690 964 1990 1025 ”Martiam

211 1062 693 1140 Pythagoras
770 1063 1067 1140 primus
1134 1063 1444 1123 invenit
1507 1064 1992 1124 immortales

212 1179 382 1224 esse
459 1161 763 1221 animos
839 1172 914 1223 et
974 1162 1062 1223 de
1125 1164 1312 1224 aliis
1375 1163 1850 1245 corporibus
1914 1165 1992 1222 in

209 1264 367 1324 alia
419 1262 794 1334 transire,
857 1263 1054 1344 quod
1109 1263 1419 1344 quidem
1477 1274 1550 1325 et
1602 1263 1992 1343 Virgilius

208 1364 285 1423 in
319 1374 539 1424 sexto
573 1362 951 1425 Aeneidis
995 1365 1394 1426 volumine
1427 1364 1627 1448 (748.)
1662 1382 1990 1445 sequens

206 1463 592 1544 loquitur:
636 1463 800 1524 Hos
847 1483 1108 1524 omnes
1153 1463 1285 1523 ubi
1326 1466 1509 1525 mile
1551 1475 1800 1525 rotam
1837 1465 1990 1527 vol-

207 1581 394 1623 vere
460 1582 598 1643 per
677 1563 933 1623 orbem
1002 1574 1111 1622 etc.
1227 1559 1575 1643 Cyprianus
1653 1566 1844 1644 Exeg.
1923 1567 1990 1624 in

208 1661 421 1739 Symb.
488 1662 705 1742 Apost.
774 1684 835 1744 p.
896 1659 1195 1722 CCXXV.
1266 1663 1479 1723 Baluz.
1546 1665 1991 1724 Manichaei

207 1761 497 1821 docent
551 1772 1012 1823 coaeternas
1069 1761 1208 1821 deo
1253 1765 1557 1823 animas
1599 1765 1988 1825 hominum

205 1859 628 1922 secundum
707 1863 1274 1940 Pythagoricos
1352 1864 1428 1922 in
1508 1862 1849 1943 pecudes
1916 1875 1990 1925 et

206 1961 592 2022 animales>
646 1973 723 2023 et
775 1964 1083 2023 bestias
1126 1962 1393 2023 redire
1435 1982 1572 2044 per
1616 1963 1992 2027 diversos

205 2062 605 2123 circulos<
644 2063 966 2143 Augustin.
1027 2061 1161 2124 Civ.
1220 2062 1299 2123 X.
1358 2063 1458 2124 30.
1531 2061 1907 2125 Creditus
1951 2084 1988 2125 a

203 2162 651 2222 Platonicis
721 2166 949 2243 quasi
1005 2165 1513 2224 necessarius
1571 2165 1788 2227 orbis
1843 2167 1986 2239 ille

204 2261 296 2323 ab
363 2261 652 2323 iisdem
720 2262 1068 2324 abeundi
1124 2274 1201 2324 et
1256 2262 1352 2324 ad
1409 2263 1680 2326 eadem
1729 2285 1988 2328 rever-

202 2361 443 2423 tendi.
486 2361 727 2433 Κύκλος
767 2372 876 2443 τῆς
917 2366 1208 2450 γενέσεως
1241 2363 1464 2424 dicitur
1498 2365 1693 2425 Procl.
1724 2368 1792 2426 in
1827 2366 1984 2426 Tim.

200 2463 248 2522 Ι.
305 2482 370 2543 p.
411 2461 512 2522 32.
568 2473 631 2523 et
681 2465 747 2522 in
794 2462 1005 2523 Theol.
1048 2463 1117 2524 L.
1162 2463 1265 2522 VI.
1310 2484 1357 2523 c.
1403 2463 1461 2523 3.
1505 2483 1567 2543 p.
1611 2462 1753 2524 351.
1798 2485 1984 2546 quam

200 2563 497 2642 Virgilius
546 2563 614 2623 in
668 2565 1059 2644 expositione·
1112 2563 1365 2644 Orphici
1419 2563 1726 2642 dogmatis
1768 2577 1987 2628 votam

200 2663 399 2738 dixit,
444 2662 727 2744 Orpheus
767 2666 903 2745 ipse
944 2662 1172 2747 τροχόν
1214 2674 1276 2724 et
1318 2662 1562 2728 κύκλον.
1625 2664 1981 2757 Simplicius

199 2767 269 2825 in
318 2764 391 2825 L.
443 2762 523 2825 de
580 2761 746 2824 Coel.
802 2766 878 2825 11.
934 2786 994 2846 p.
1054 2765 1154 2826 91..
1199 2765 1256 2825 b.
1311 2764 1584 2826 fabulam
1629 2765 1707 2826 de
1749 2767 1983 2827 Ixionis

200 2874 346 2925 rota
401 2864 482 2925 ad
549 2866 903 2945 allegoriam
960 2883 1256 2928 revocans
1308 2866 1403 2926 illi
1460 2859 1726 2927 hominis
1783 2869 1978 2928 ambi-

200 2967 346 3025 tiosi
361 2965 441 3047 [ἢ]
491 2984 689 3027 vanos
745 2976 995 3027 conatus
1053 2976 1397 3048 comparat:
1452 2968 1851 3050 προςὸέὸεται
1909 2969 1980 3032 δὲ

199 3067 322 3130 ὑπὸ
365 3074 480 3130 τοῦ
524 3071 685 3131 θεοῦ
724 3076 815 3150 τῷ
856 3077 964 3148 τῆς
1007 3069 1232 3151 μοίρας
1276 3076 1481 3150 τροχῷ
1522 3069 1628 3130 καὶ
1667 3076 1775 3148 τῆς
1807 3070 1978 3154 γενέ-

318 3222 384 3280 [ἃ]
416 3221 501 3266 1)ἰο
533 3224 688 3282 Chrys.
719 3225 797 3268 Or.
812 3225 893 3268 III.
923 3222 1020 3267 116.
1049 3224 1213 3267 Ixionis
1240 3221 1398 3283 τροχὸς
1427 3222 1612 3283 κομψὸν
1642 3227 1836 3284 εἴκασμα
1867 3221 1974 3280 δόξη

198 3277 612 3341 παραβαλλόμενος.
644 3283 732 3326 Alii
762 3283 1139 3340 metempsychosis
1167 3283 1404 3340 symbolum
1427 3297 1522 3325 esse
1544 3283 1799 3336 voluerunt3
1829 3271 1972 3327 Schol.

200 3340 257 3382 ad
286 3341 475 3397 Gregor.
502 3341 547 3384 in
578 3342 721 3386 eatal.
751 3343 864 3386 Bibl.
893 3343 1020 3387 Bodl.
1051 3358 1091 3400 p.
1112 3339 1182 3385 44.
1212 3341 1369 3394 ἐπειδη
1401 3343 1444 3385 οἱ
1461 3341 1668 3396 ’Έλληνες
1696 3340 1777 3397 τὴν
1805 3343 1856 3386 ἐκ
1879 3355 1972 3386 σω-

199 3395 355 3455 μάτων
383 3402 446 3450 εἷς
474 3396 662 3461 σώματα
689 3405 1038 3461 μεταγγίζεσθαι
1067 3398 1345 3446 ἐπιδεδώκασι
1373 3427 1429 3433 -
1461 3402 1535 3444 καὶ
1564 3398 1645 3453 τὴν
1669 3399 1847 3450 Ἰξίονος
1884 3413 1971 3444 πε-
