2150 3814
233 185 361 246 970
769 201 1004 246 Lmen
1048 199 1478 245 succubus,

475 455 1425 534 EPIMETRUM
1533 458 1762 535 ΙΙΙ.

633 621 710 673 ad
758 620 818 674 P.
865 620 904 676 1.
962 620 1021 676 c,
1068 625 1117 676 3.
1190 629 1238 690 ς.
1287 624 1337 676 7.
1390 634 1520 680 not.
1569 624 1604 679 1.

393 809 465 867 In
510 808 1096 870 commemoratione
1150 808 1375 868 artium
1433 811 1808 872 occultarum
1863 831 2010 872 con-

225 908 390 969 sulto
433 908 864 988 praeteriimus
911 906 1184 987 lapidem
1240 904 1431 967 Mal'ei
1485 911 1735 988 magicis
1788 911 2009 973 ritibus

223 996 646 1070 consecratum
703 1007 876 1067 Suid.
934 1027 982 1067 s,
1041 1008 1332 1082 Μάλεος,
1394 1008 1676 1071 Eustath.
1718 1029 1779 1090 p.
1828 1010 2010 1072 1469.

221 1110 323 1171 20.
369 1117 431 1168 et
472 1106 691 1168 Asium
734 1108 1176 1189 philosophum
1233 1110 1336 1189 qui
1392 1107 1737 1171 Palladium
1795 1109 2010 1175 divina

222 1218 355 1269 arte
397 1208 730 1269 fabricasse
774 1208 998 1268 dicitur
1043 1208 1243 1268 Schol.
1288 1208 1438 1267 Ven.
1484 1216 1556 1271 Z.
1601 1209 1744 1270 811.
1798 1209 2007 1270 Tzetz.

219 1308 409 1388 Exeg.
473 1309 544 1369 11.
587 1328 648 1388 p.
700 1306 839 1370 135.
894 1327 1019 1368 una
1074 1328 1211 1368 cum
1280 1309 1516 1369 Pasetis
1570 1326 1760 1369 numo
1814 1313 2008 1389 magi-

220 1426 292 1468 co
311 1406 386 1488 [†]
435 1418 498 1467 et
541 1407 942 1488 Taraxippis,
988 1427 1142 1488 quos
1185 1409 1523 1468 Pausanias
1566 1408 1670 1471 VI.
1714 1412 1813 1471 20.
1861 1429 2006 1470 enu-

218 1517 444 1583 merat3
489 1517 552 1567 et
598 1507 679 1566 ad
718 1508 880 1567 hunc
920 1509 1125 1567 locum
1172 1510 1627 1570 reservavimus
1669 1511 2004 1570 amuletum

216 1609 682 1689 perantiquum,
755 1609 930 1686 cujus
1004 1627 1119 1668 nos
1191 1618 1388 1668 certos
1455 1607 1730 1668 reddidit
1797 1609 2006 1687 Hesy-

219 1709 419 1767 chius:
477 1706 810 1788 Καταχήνη
866 1744 952 1754 --
1009 1708 1130 1772 ὑπὸ
1183 1706 1640 1792 Πεισιστράτου
1690 1709 2006 1795 καλαμαίᾳ

219 1806 476 1891 ἐμφερὲς
535 1808 698 1883 ζῶον
742 1807 863 1871 ἀπὸ
917 1815 1026 1887 τῆς
1070 1806 1456 1891 ἀκροπόλεως
1497 1811 2006 1894 προβεβλημένον

219 1908 404 1972 ὁποῖα
457 1907 539 1971 τὰ
594 1908 748 1990 πρὸς
799 1907 1185 1991 βασκανίαν·
1259 1908 1426 1988 quod
1483 1909 1649 1967 male
1703 1911 2004 1990 interpre-

218 2017 429 2068 tantur
484 2027 654 2067 arce
716 2009 1079 2085 ejectum,
1140 2027 1328 2088 quum
1382 2006 1539 2068 illud
1602 2010 1776 2089 quasi
1846 2011 2002 2070 arcis

215 2106 596 2190 praesidium
641 2118 703 2167 et
745 2106 1080 2191 πρόβλημα
1123 2108 1312 2167 fuerit
1355 2107 1435 2168 ad
1479 2108 1773 2169 arcendas
1808 2129 2002 2170 noxas

215 2210 378 2269 sicut
401 2208 542 2270 Itali
579 2210 791 2268 rustici
829 2217 890 2267 et
917 2208 1136 2267 Graeci
1174 2207 1418 2268 tuendis
1452 2208 1796 2284 arboribuS‚
1821 2211 2001 2288 agriS,

213 2309 444 2382 hortis,
502 2307 787 2369 domibus
846 2309 1150 2370 calvarias
1196 2319 1258 2368 et
1300 2311 1475 2388 signa
1516 2310 1783 2388 satyrica
1823 2329 2002 2391 prae-

213 2410 398 2487 figere
440 2408 722 2468 solebant
774 2410 928 2493 πρὸς
979 2410 1339 2491 ἀποτροπὴν
1395 2408 1746 2491 βασκανίας
1799 2409 1999 2470 Schol.

215 2509 403 2571 Arist.
459 2509 617 2568 Plut.
679 2508 822 2569 944.
891 2528 950 2568 v.
1004 2508 1186 2567 Delle
1252 2509 1542 2569 antichite
1600 2507 1665 2568 di
1718 2509 2002 2570 Ercolan.

333 2710 414 2766 [†]
462 2706 621 2765 Πᾶσης
648 2707 832 2752 πάντων
872 2703 1132 2766 ἀνθρώπων
1171 2706 1222 2750 ἓν
1260 2710 1431 2765 μαγείᾳ
1473 2702 1758 2764 διενήνοχεν,
1802 2704 1909 2756 ὥςτε
1947 2706 1999 2752 ἐκ

215 2773 306 2814 τῶν
334 2768 565 2814 ἐπαοιδῶν
595 2766 733 2811 αὐτοῦ
763 2768 838 2810 καὶ
880 2765 1044 2809 δεῖπνα
1085 2766 1305 2819 πολυτελῆ
1346 2763 1544 2824 ὁρᾶσθαι
1578 2769 1654 2809 καὶ
1695 2766 1998 2824 διακονουμέ-

215 2843 324 2878 νους
350 2823 486 2877 τινάς.
544 2822 655 2883 Εἶχε
685 2826 737 2871 δὲ
767 2827 843 2869 καὶ
872 2819 1166 2899 ἧμιωβόλιον,
1209 2820 1234 2868 ὃ
1266 2821 1590 2883 διαδιδόμενον
1629 2822 1702 2868 ὑπ’
1736 2823 1876 2871 αὐτοῦ
1903 2829 1998 2876 τοῖς

216 2883 526 2945 πιπράσκουσι
554 2884 694 2929 πάλιν
723 2883 826 2940 παρ’
861 2886 981 2940 αυτῷ
1021 2880 1270 2940 ηὑρίσκετο.
1328 2884 1424 2927 Καὶ
1459 2883 1628 2926 Ἀπίων
1668 2880 1692 2926 ὁ
1731 2898 1997 2941 γραμματι-

219 2944 299 2995 κὸς
326 2941 602 3004 μνημονεύει
632 2942 769 2988 αὐτοῦ
809 2943 860 2988 ἐν
897 2945 959 3000 τῷ
998 2944 1104 3000 περὶ
1145 2937 1317 3000 Μάγου
1357 2941 1481 2985 Suid.
1517 2956 1554 2983 s.
1593 2955 1637 2984 v.
1679 2940 1852 2983 Coenae
1893 2941 1995 2985 illae

214 3003 524 3061 imaginariae,
566 3017 671 3060 quas
701 3003 906 3046 Albertus
937 3014 1102 3058 quoque
1145 3001 1333 3056 Magnus
1374 2999 1565 3043 convivis
1605 2999 1694 3041 suis
1735 3001 1995 3056 apponebat,

217 3063 433 3106 consuetis
465 3062 693 3118 Magorum
724 3061 922 3104 artificiis
951 3060 1283 3103 adnumerantur
1313 3059 1368 3102 ab
1399 3058 1591 3114 Origene
1615 3073 1653 3100 c.
1685 3057 1799 3100 Cels.
1828 3058 1864 3100 Ι.
1894 3056 1994 3101 382.

214 3121 270 3165 F.
307 3119 363 3164 τὰ
392 3122 506 3179 ἔργα
535 3124 626 3164 τῶν
653 3117 831 3180 γοήτων
859 3121 937 3163 καὶ
964 3117 1019 3163 τὰ
1050 3116 1138 3162 ὑπὸ
1182 3121 1273 3162 τῶν
1309 3113 1557 3178 μαθόντων
1597 3115 1687 3162 ἀπὸ
1728 3119 1996 3174 Αἰγυπτίων

215 3175 540 3238 ἐπιτελούμενα
569 3181 620 3224 ἐν
646 3182 807 3238 μέσαις
836 3177 1024 3236 ἀγοραῖς
1053 3176 1219 3235 ὀλίγων
1249 3176 1423 3232 ὀβολῶν
1447 3175 1751 3235 ἀποδομένων
1772 3173 1826 3218 τὰ
1847 3171 1994 3234 σεμνὰ

215 3235 468 3298 μαθήματα
497 3239 574 3282 καὶ
605 3238 827 3297 δαίμονας
855 3232 1186 3288 ἐξελαυνόντων
1215 3238 1293 3280 καὶ
1315 3233 1470 3294 ψυχὰς
1498 3230 1861 3290 ἀνακαλούντων,
1893 3233 1990 3278 δεῖ·

213 3293 310 3341 πνά
337 3311 385 3340 τε
413 3298 635 3351 πολυτελῆ
664 3298 741 3341 καὶ
782 3298 998 3356 τραπέζας
1039 3296 1117 3338 καὶ
1155 3297 1369 3354 πέμματα
1415 3294 1491 3338 καὶ
1530 3288 1627 3350 ὄψα
1665 3290 1720 3336 τὰ
1760 3291 1843 3337 οὐκ
1885 3286 1992 3338 ὄντα·

150 3357 152 3359 ’
218 3352 499 3401 δεικνύντων.
551 3399 553 3402 ,
