2150 3814
810 188 1261 234 onPIIIcA.
1804 179 1930 238 939

148 319 435 382 Ceterum
479 320 595 380 ina-
622 318 958 398 septenarii
999 317 1210 394 religio
1267 319 1370 398 (ne
1413 318 1547 396 quis
1592 336 1631 376 a
1674 318 1933 379 Patriar-

150 423 278 482 chis
321 420 635 501 proditam
679 425 742 475 ct
785 426 1019 490 sancte‚·
1053 416 1227 479 velut
1270 417 1593 479 articulum
1627 417 1792 492 fidei,
1837 438 1935 479 cu-

149 521 447 581 stoditam
486 517 689 598 putet)
732 519 1041 576 neminem
1087 517 1435 590 absterruit,
1479 520 1806 597 quominus
1843 529 1938 579 tot

152 623 320 682 vitae
362 617 722 690 intervalla,
766 627 916 696 quot
958 618 1252 697 placitum
1299 626 1477 690 esset,
1523 621 1937 679 constitueret.

150 720 344 779 Varro
403 720 567 778 enim
623 719 892 797 quinque
936 717 1083 776 fecit
1126 714 1375 777 Censor.
1420 717 1585 777 XIV.
1632 714 1788 779 Gen.
1830 720 1937 779 111.

151 819 246 879 10.
275 818 683 898 totidemque
732 818 973 878 'Seneca
1030 814 1274 877 Consol.
1329 817 1410 877 ad
1450 818 1637 878 Marc.
1682 818 1824 878 XX.
1871 839 1934 900 p.

146 919 291 979 284.
346 919 444 979 ed.
501 914 699 978 Ruhk.
759 927 821 978 et
862 919 1149 977 Irenaeus
1192 936 1254 996 p.
1300 915 1438 976 161.
1474 926 1538 976 et
1578 918 1715 977 166.
1760 917 1938 977 Plato

147 1037 298 1082 vero
349 1008 606 1083 novem.
648 1031 711 1080 ν’.
765 1017 1074 1093 Anonym.
1140 1015 1280 1098 περὶ
1333 1023 1464 1079 τῶν
1517 1017 1774 1095 ἡλικιῶν
1825 1026 1940 1080 τοῦ

149 1118 501 1202 ἀνθρώπου
569 1121 637 1177 in
705 1116 794 1176 Le
850 1116 1082 1193 Moyne
1138 1109 1279 1174 Var.
1338 1115 1502 1176 Sacr.
1558 1134 1620 1197 p.
1680 1114 1822 1177 509.
1879 1127 1943 1175 et

151 1217 440 1279 Chalcid..
478 1221 545 1279 in
600 1217 762 1277 Tim.
800 1208 879 1296 p.
936 1217 1081 1277 290.
1135 1214 1414 1276 Isidorus
1456 1235 1565 1276 sex
1606 1217 1941 1296 inaequali-

147 1319 262 1379 bus
317 1320 538 1399 spatiis
595 1317 690 1377 V.
727 1311 784 1377 3.
842 1317 952 1376 alii
1009 1326 1304 1396 quatuor,-
1362 1325 1436 1376 ut
1478 1318 1649 1377 Theo
1695 1317 1940 1395 Smyrn.

150 1418 228 1478 de
295 1419 453 1479 Mus.
516 1439 564 1478 c.
626 1407 976 1479 XXXVIII.
1039 1416 1177 1476 153.
1235 1417 1393 1476 Bun.
1450 1402 1801 1479 Nicomach.
1864 1418 1943 1477 de

148 1519 394 1579 Tetrad.
449 1539 510 1599 p.
571 1521 671 1579 22.
727 1518 812 1576 Μ.
873 1517 1102 1578 Anton.
1161 1517 1270 1577 IX.
1316 1516 1369 1598 ξ.
1415 1518 1516 1578 21.
1536 1520 1630 1599 [ss].
1718 1520 1801 1580 Et
1843 1520 1944 1579 hic

149 1638 439 1679 numerus
496 1617 578 1679 ad
632 1619 929 1677 amussim
1003 1620 1282 1695 congruit
1354 1637 1492 1684 cum
1530 1619 1944 1698 ,Pythagorae

150 1720 396 1780 calculis
454 1721 628 1797 cujus
683 1736 868 1777 causa
924 1717 1317 1795 potissimum
1372 1721 1440 1776 in
1493 1715 1656 1778 hunc
1710 1738 1943 1778 sermo-

149 1839 294 1879 nem
314 1821 574 1897 ingrcssi
626 1836 869 1891 sumus;
938 1817 993 1874 is
1050 1817 1214 1877 enim
1270 1818 1600 1902 διαιρεῖται
1653 1820 1768 1883 τὸν
1827 1828 1943 1883 τοῦ

154 1918 504 2003 ἀνθρώπου
548 1918 696 2002 βίον
740 1918 962 2004 οῧῃωςῖ
1002 1923 1146 1987 παῖς
1190 1922 1380 1980 εἴκοσι
1423 1921 1580 1992 ἔτεα,
1624 1920 1944 1999 νεηνίσκος

150 2026 358 2095 εἴκοσι,
400 2018 644 2099 νεηνίης
688 2022 901 2090 εἴκοσι.
944 2019 1146 2102 γέρων
1189 2023 1378 2082 εἴκοσι
1420 2018 1602 2097 Diog.
1648 2020 1810 2080 VIII.
1848 2020 1945 2081 lo.

150 2139 299 2201 quas
342 2121 449 2179 ille
492 2126 727 2178 aetates
774 2116 856 2176 ad
901 2126 1166 2196 quatuor
1211 2120 1358 2177 anui
1415 2129 1699 2200 tempora
1743 2121 1945 2200 appli-

152 2223 310 2282 cuit:
355 2222 421 2282 αἱ
462 2217 533 2282 δὲ
574 2217 803 2297 ἡλικίαι
844 2217 999 2300 πρὸς
1041 2217 1153 2287 τὰς
1198 2219 1363 2300 ὥρας
1409 2216 1530 2283 ὧδε
1577 2218 1941 2303 σύμμετροι,

152 2327 297 2390 παῖς
352 2323 493 2403 ἔαρ,
549 2318 869 2398 νεηνίσκος
924 2318 1147 2399 θέρος,
1202 2319 1447 2399 νεηνίης
1503 2319 1943 2407 φθινόπωρον,

149 2423 352 2507 γέρων
412 2417 649 2501 χειμών
703 2417 853 2476 ibid.
913 2425 977 2476 et
1033 2417 1253 2478 eodem
1307 2420 1498 2479 modo
1555 2422 1623 2480 in
1678 2420 1946 2480 Diodori

149 2518 632 2600 Excerpt.lMaji
674 2516 902 2577 Anecd.
948 2516 1018 2577 Τ.
1062 2519 1137 2577 Π.
1182 2539 1244 2600 p.
1289 2519 1389 2582 32.
1467 2521 1683 2602 Neque
1726 2523 1794 2581 id
1838 2542 1942 2581 ne..

151 2621 340 2699 glexit
407 2618 670 2680 Ovidius
735 2617 882 2677 Met.
953 2617 1087 2679 XV.
1163 2620 1300 2681 199.
1361 2623 1468 2700 qui
1525 2622 1942 2701 Pythagoram

154 2723 243 2781 ita
287 2729 607 2781 canentem
650 2717 897 2778 induxit

297 2862 457 2920 Quid?
494 2879 595 2910 non
631 2864 683 2909 in
719 2862 901 2925 specIes
938 2865 1195 2912 succedere
1233 2873 1438 2928 quatuor
1475 2881 1654 2914 annum

297 2945 538 3013 adspicis,
575 2949 748 2996 aetatis
785 2958 1089 3016 peragentem
1126 2952 1390 2998 imitamina
1425 2951 1651 2999 nostrae?

291 3032 406 3083 vnam
441 3044 580 3084 tener
616 3043 665 3082 et
700 3037 884 3083 lactens
920 3038 1147 3101 puerique
1185 3039 1455 3086 simillimus
1489 3054 1607 3086 aevo

298 3137 410 3168 vere
446 3137 574 3169 novo
612 3130 684 3169 est
727 3149 784 3157 —

246 3287 356 3385 2ἐξ]
420 3288 610 3332 Aliorum
665 3290 900 3333 sententias
932 3299 1156 3344 *recenset
1209 3293 1383 3335 Vossius
1436 3294 1573 3337 Instit.
1635 3295 1835 3338 Rhetorr.
1886 3297 1942 3339 ll.

165 3360 203 3399 p.
335 3376 342 3383 .
