2150 3814
766 195 1325 242 SAMOTHRACIA.
1543 189 1549 192 ·
1764 185 1955 259 1313,

153 328 430 414 Κόβαλοι
473 328 762 411 δαίμονές
804 326 923 392 εἶσί
963 350 1123 394 τινες
1167 323 1416 405 σκληροὶ
1456 324 1595 406 περὶ
1637 327 1749 388 τὸν
1778 327 1930 390 Διό-

152 451 365 494 νυσον.
410 445 670 507 quorum
710 435 1025 505 postrema
1067 442 1211 504 pars
1255 421 1531 504 Κόβαλοι
1574 460 1660 469 —-
1701 424 1929 490 Διόνυ-

150 550 264 594 σον
306 527 514 590 verbis
555 525 680 585 illis
737 527 811 588 οὐ
865 526 988 612 γὰρ
1044 560 1130 570 --
1184 525 1486 604 praeponi
1542 522 1754 583 debet:
1813 522 1928 583 Co-

147 628 275 688 bali
317 625 612 687 satellites
655 635 797 684 sunt
838 625 1137 702 Dionysi,
1193 641 1320 683 non
1360 625 1496 703 ipse
1540 622 1690 683 deus
1733 622 1928 707 κ’όβα-

146 730 248 796 λος
291 722 766 799 existimandus,
827 724 1013 804 idque
1071 732 1283 784 contra
1335 741 1440 782 eos
1503 722 1624 783 dici
1658 722 1927 784 -videtur

143 826 248 904 qui
301 826 368 884 in
422 826 650 885 veteris
709 823 1025 903 cujusdam
1084 825 1400 903 scriptoris
1455 823 1624 898 loco,
1683 833 1754 883 ut
1810 824 1926 884 hoc

140 934 280 984 utar
324 925 638 1004 exemplo,
683 923 973 1007 κοβάλοις
1018 924 1051 986 ὃ
1096 921 1402 993 Διόνυσος
1443 924 1656 1002 ἥδεται
1698 942 1746 985 S.
1791 926 1922 1006 τέρ-

138 1049 349 1098 πεται,
416 1025 689 1104 primum
746 1041 978 1082 nomen
1031 1020 1326 1099 adjectivi
1382 1021 1570 1081 modo
1625 1025 1922 1102 interpre-

139 1126 255 1184 tati
298 1134 503 1183 essent
527 1109 624 1205 [⁶].
677 1122 1160 1202 Harpocrationi
1201 1120 1564 1198 suffragatur
1601 1121 1923 1182 Gramma-

136 1226 292 1282 ticus
333 1224 399 1281 in
442 1221 672 1282 Anecd.
717 1220 909 1280 Bekk.
953 1239 1014 1299 p.
1064 1216 1202 1305 101.
1270 1217 1558 1301 Κόβαλος
1602 1221 1634 1283 ὃ
1682 1224 1919 1301 σκιῤῥα-

133 1320 349 1401 πῶδης
403 1321 510 1383 καὶ
564 1318 789 1400 ἀειδής·
840 1318 1254 1402 Ἀρίσταρχος
1306 1318 1675 1403 Βατράχοις.
1762 1320 1916 1379 Sub-

130 1421 261 1480 lato
305 1421 572 1479 nominis
616 1421 808 1496 vitio,
869 1419 1036 1500 quod
1079 1437 1156 1478 ne
1199 1420 1463 1479 tironem
1509 1419 1759 1500 quidem
1803 1420 1917 1479 fal-

130 1520 235 1592 lit,
290 1519 474 1580 scribi
518 1528 767 1600 oportet
808 1518 1209 1603 ,σκιραφώδης
1250 1520 1356 1582 καὶ
1398 1518 1620 1600 ἀηδής,
1677 1538 1804 1580 non
1847 1529 1917 1579 ut

130 1619 405 1680 Barkero
473 1621 676 1681 visum
730 1621 797 1679 in
851 1619 1053 1682 Anall.
1112 1619 1322 1680 Wolfii
1377 1620 1442 1679 P.
1497 1619 1599 1679 IV.
1654 1640 1715 1700 p.
1771 1616 1914 1689 345.

134 1718 526 1804 σκιραπώδης
593 1727 702 1782 aut
758 1719 1124 1804 σατυρώδης
1179 1728 1289 1780 aut
1348 1718 1748 1800 σκυλακιόδης
1776 1708 1914 1793 §aut

129 1818 542 1903 πριαπώδης,,
593 1839 748 1900 quae
811 1821 920 1879 ille
975 1821 1184 1880 omnia
1239 1838 1363 1879 uno
1419 1819 1743 1902 profundit
1796 1821 1912 1880 im-

128 1928 295 2000 petu.
392 1918 551 1980 Nam
611 1917 1009 2004 σκιραφώδης
1064 1921 1320 2002 propria
1376 1929 1438 1979 et
1489 1921 1765 1998 legitima
1817 1938 1912 1980 ra-

128 2020 297 2079 tione
352 2017 595 2079 ducitur
647 2039 686 2079 a
744 2020 1078 2105 σκίραφος,
1150 2019 1317 2100 quod
1372 2020 1551 2079 aliter
1607 2022 1913 2103 σκέραφος

127 2118 413 2178 scribitur
472 2129 534 2179 et
598 2121 782 2178 attice
852 2122 1189 2202 σχέραφος,
1258 2118 1751 2198 declinatumque
1804 2129 1913 2179 >est

126 2237 252 2277 non
294 2217 459 2277 unde
500 2217 948 2299 Lexicographi
991 2220 1212 2281 volunt
1246 2218 1358 2279 sed
1393 2239 1431 2279 a
1467 2219 1734 2299 simplici
1780 2235 1911 2283 σκι-

128 2317 268 2401 ρός,
323 2327 393 2378 ut
433 2317 511 2377 ab
555 2319 724 2394 ἕδος,
782 2320 1046 2403 ἔδαφος,
1103 2338 1142 2379 a
1185 2328 1415 2402 φλῆνος
1460 2317 1816 2402 φλήναφος,
1872 2337 1911 2377 a

127 2417 311 2499 κόρῥη
380 2418 544 2499 (non
599 2437 639 2478 a
697 2419 968 2503 κροτέω)
1022 2417 1370 2502 κρόταφος,
1432 2421 1662 2478 usitato
1718 2419 1908 2502 ὑπερ-

123 2521 462 2603 βιβασμῷ,
529 2537 710 2602 quem
773 2521 962 2579 etiam
1019 2519 1288 2579 Zonaras
1356 2538 1403 2579 s.
1460 2518 1792 2603 Κόρταφος
1848 2532 1910 2579 et

126 2617 459 2702 Κρόταφος
503 2620 810 2696 agnoscit,
855 2629 918 2678 et
960 2638 998 2679 a
1041 2619 1345 2679 similibus
1387 2621 1708 2700 principiis
1752 2621 1910 2702 Κέρ-

126 2744 358 2802 καφος,
411 2719 754 2803 Τέκταφος,
809 2721 1138 2801 ipsumque
1180 2719 1439 2779 verbum
1484 2727 1787 2802 ψηλαφᾷν
1830 2718 1908 2778 ab

128 2836 202 2876 eo
248 2816 414 2899 quod
457 2830 551 2878 est
593 2817 811 2903 ψάλλω
839 2815 948 2901 [f].
1035 2817 1268 2901 Σκιρός
1312 2827 1518 2878 autem
1561 2820 1696 2881 sive
1742 2822 1909 2899 σκιᾷ-

130 2990 295 3039 morat,
338 2989 528 3031 fortasse
558 2988 613 3032 ad
644 2987 973 3045 significandum
1003 3002 1138 3046 genus
1166 2988 1434 3042 saltationis,
1477 2988 1549 3031 cui
1581 3001 1733 3031 nomen
1761 2983 1908 3044 Σκῶψ

132 3060 175 3090 v.
207 3045 460 3089 Schneideri
487 3047 597 3091 Lex.
1830 3060 1833 3062 ·

249 3104 326 3160 [θ]
358 3103 477 3148 Deus
503 3106 598 3164 ipse
629 3105 759 3148 etiam
776 3105 1037 3148 Cobalorum
1069 3104 1257 3148 collusor
1287 3102 1476 3161 κόβαλος
1504 3103 1590 3148 dici
1618 3107 1794 3162 poterat
1820 3104 1905 3156 sic-‚

131 3167 180 3231 ut
203 3160 432 3263 {dtvpggt
448 3170 629 3267 vocat113u
647 3164 714 3235 'in
742 3164 915 3266 Hir-{mne
940 3164 990 3266 liln
1018 3163 1178 3263 Bagch.
1211 3178 1252 3206 v.
1287 3163 1354 3206 19.
1385 3163 1528 3207 Anall.
1561 3164 1618 3206 Τ.
1644 3163 1700 3206 ΙΙ.
1731 3163 1830 3207 517.
1859 3167 1905 3206 et

132 3236 320 3264 Vlb'lssfllm
386 3235 411 3262 a
433 3235 536 3276 ymfl
607 3239 764 3283 ρΟμΙΟς
838 3238 941 3280 88Υο
972 3255 982 3264 .
1018 3238 1051 3267 S.
1115 3254 1124 3263 .
1157 3237 1197 3267 V.

178 3333 187 3349 .
250 3277 316 3335 [f]
359 3278 539 3380 gadem
574 3281 927 3326 deminutivorum
967 3280 1210 3325 terminasso
1246 3276 1468 3338 θεάφιον,
1509 3276 1768 3342 μυράφιον,
1807 3296 1905 3336 xm*

134 3352 304 3397 ρίζφίθν
334 3352 358 3379 θ
407 3371 414 3379 .
