<?xml version="1.0" encoding="UTF-8"?>
<!DOCTYPE html PUBLIC "-//W3C//DTD XHTML 1.0 Transitional//EN"
    "http://www.w3.org/TR/xhtml1/DTD/xhtml1-transitional.dtd">
<html xmlns="http://www.w3.org/1999/xhtml" xml:lang="en" lang="en">
 <head>
  <title>
</title>
<meta http-equiv="Content-Type" content="text/html;charset=utf-8" />
  <meta name='ocr-system' content='tesseract 3.04.00' />
  <meta name='ocr-capabilities' content='ocr_page ocr_carea ocr_par ocr_line ocrx_word'/>
</head>
<body>
  <div class='ocr_page' id='page_1' title='image "./aglaophamussived02lobeuoft_0224.png"; bbox 0 0 2150 3814; ppageno 0'>
   <div class='ocr_carea' id='block_1_1' title="bbox 219 213 1472 274">
    <p class='ocr_par' dir='ltr' id='par_1_1' title="bbox 219 213 1472 274">
     <span class='ocr_line' id='line_1_1' title="bbox 219 213 1472 274; baseline -0.005 0"><span class='ocrx_word' id='word_1_1' title='bbox 219 213 380 274; x_wconf 88' lang='grc' dir='ltr'><strong>10Οο</strong></span> <span class='ocrx_word' id='word_1_2' title='bbox 766 225 1002 272; x_wconf 74' lang='lat' dir='ltr'><strong>menn</strong></span> <span class='ocrx_word' id='word_1_3' title='bbox 1044 224 1472 271; x_wconf 77' lang='lat' dir='ltr'><strong>SECUNDUS.</strong></span> 
     </span>
    </p>
   </div>
   <div class='ocr_carea' id='block_1_2' title="bbox 204 351 2041 3128">
    <p class='ocr_par' dir='ltr' id='par_1_2' title="bbox 204 351 2041 3128">
     <span class='ocr_line' id='line_1_2' title="bbox 218 351 1983 433; baseline 0 -18"><span class='ocrx_word' id='word_1_4' title='bbox 218 356 528 421; x_wconf 74' lang='lat' dir='ltr'><strong>duxisse</strong></span> <span class='ocrx_word' id='word_1_5' title='bbox 574 391 656 399; x_wconf 90' lang='lat'><strong>—-</strong></span> <span class='ocrx_word' id='word_1_6' title='bbox 700 355 971 433; x_wconf 88' lang='lat' dir='ltr'><strong>Itaque</strong></span> <span class='ocrx_word' id='word_1_7' title='bbox 1014 372 1152 433; x_wconf 92' lang='lat' dir='ltr'><strong>pro</strong></span> <span class='ocrx_word' id='word_1_8' title='bbox 1198 353 1597 416; x_wconf 77' lang='lat' dir='ltr'><strong>ben-esicio</strong></span> <span class='ocrx_word' id='word_1_9' title='bbox 1643 355 1712 412; x_wconf 89' lang='lat' dir='ltr'><strong>ei</strong></span> <span class='ocrx_word' id='word_1_10' title='bbox 1754 351 1983 415; x_wconf 87' lang='lat' dir='ltr'><strong>Liber</strong></span> 
     </span>
     <span class='ocr_line' id='line_1_3' title="bbox 219 452 1987 533; baseline 0 -18"><span class='ocrx_word' id='word_1_11' title='bbox 219 457 722 518; x_wconf 84' lang='lat' dir='ltr'><strong>existimatur</strong></span> <span class='ocrx_word' id='word_1_12' title='bbox 765 470 1022 530; x_wconf 88' lang='lat' dir='ltr'><strong>agrum</strong></span> <span class='ocrx_word' id='word_1_13' title='bbox 1070 452 1383 516; x_wconf 73' lang='lat' dir='ltr'><strong>‚dedisse</strong></span> <span class='ocrx_word' id='word_1_14' title='bbox 1430 464 1537 515; x_wconf 71' lang='lat' dir='ltr'><strong>etc.</strong></span> <span class='ocrx_word' id='word_1_15' title='bbox 1583 455 1820 533; x_wconf 77' lang='lat' dir='ltr'><strong>quaesi</strong></span> <span class='ocrx_word' id='word_1_16' title='bbox 1850 473 1987 515; x_wconf 86' lang='lat' dir='ltr'><strong>cum</strong></span> 
     </span>
     <span class='ocr_line' id='line_1_4' title="bbox 220 551 1991 618; baseline -0.002 -2"><span class='ocrx_word' id='word_1_17' title='bbox 220 555 580 618; x_wconf 85' lang='lat' dir='ltr'>Tertulliani</span> <span class='ocrx_word' id='word_1_18' title='bbox 623 552 827 614; x_wconf 87' lang='lat' dir='ltr'><strong>verbis</strong></span> <span class='ocrx_word' id='word_1_19' title='bbox 870 552 1146 615; x_wconf 86' lang='lat' dir='ltr'><strong>conferas</strong></span> <span class='ocrx_word' id='word_1_20' title='bbox 1192 552 1269 613; x_wconf 83' lang='lat' dir='ltr'><strong>de</strong></span> <span class='ocrx_word' id='word_1_21' title='bbox 1308 551 1450 614; x_wconf 85' lang='lat' dir='ltr'><strong>Cor.</strong></span> <span class='ocrx_word' id='word_1_22' title='bbox 1508 554 1636 614; x_wconf 90' lang='lat' dir='ltr'><strong>VII.</strong></span> <span class='ocrx_word' id='word_1_23' title='bbox 1701 554 1801 614; x_wconf 89' lang='lat' dir='ltr'><strong>Le</strong></span> <span class='ocrx_word' id='word_1_24' title='bbox 1819 556 1991 613; x_wconf 84' lang='lat' dir='ltr'><strong>onis</strong></span> 
     </span>
     <span class='ocr_line' id='line_1_5' title="bbox 219 652 1993 733; baseline -0.002 -18"><span class='ocrx_word' id='word_1_25' title='bbox 219 655 521 732; x_wconf 85' lang='lat' dir='ltr'><strong>scripta</strong></span> <span class='ocrx_word' id='word_1_26' title='bbox 601 652 960 724; x_wconf 78' lang='lat' dir='ltr'><strong>evolvaS‚</strong></span> <span class='ocrx_word' id='word_1_27' title='bbox 1059 653 1259 730; x_wconf 87' lang='lat' dir='ltr'><strong>prim</strong></span> <span class='ocrx_word' id='word_1_28' title='bbox 1287 672 1325 717; x_wconf 79' lang='lat' dir='ltr'><strong>a</strong></span> <span class='ocrx_word' id='word_1_29' title='bbox 1405 655 1551 716; x_wconf 88' lang='lat' dir='ltr'><strong>Isis</strong></span> <span class='ocrx_word' id='word_1_30' title='bbox 1632 663 1993 733; x_wconf 84' lang='lat' dir='ltr'><strong>repertas</strong></span> 
     </span>
     <span class='ocr_line' id='line_1_6' title="bbox 204 752 1996 833; baseline -0.001 -19"><span class='ocrx_word' id='word_1_31' title='bbox 204 756 478 833; x_wconf 31' lang='lat' dir='ltr'><strong>‘spicas</strong></span> <span class='ocrx_word' id='word_1_32' title='bbox 533 752 793 830; x_wconf 86' lang='lat' dir='ltr'><strong>capite</strong></span> <span class='ocrx_word' id='word_1_33' title='bbox 851 753 1460 832; x_wconf 79' lang='lat' dir='ltr'><strong>circumtulit[⁸]‚</strong></span> <span class='ocrx_word' id='word_1_34' title='bbox 1515 755 1728 833; x_wconf 80' lang='lat' dir='ltr'><strong>hisque</strong></span> <span class='ocrx_word' id='word_1_35' title='bbox 1785 772 1996 813; x_wconf 82' lang='lat' dir='ltr'><strong>rursus</strong></span> 
     </span>
     <span class='ocr_line' id='line_1_7' title="bbox 221 849 1998 932; baseline 0.001 -21"><span class='ocrx_word' id='word_1_36' title='bbox 221 853 544 929; x_wconf 85' lang='lat' dir='ltr'><strong>Augustini</strong></span> <span class='ocrx_word' id='word_1_37' title='bbox 585 851 790 913; x_wconf 88' lang='lat' dir='ltr'><strong>locum</strong></span> <span class='ocrx_word' id='word_1_38' title='bbox 833 870 1114 932; x_wconf 86' lang='lat' dir='ltr'><strong>apponas</strong></span> <span class='ocrx_word' id='word_1_39' title='bbox 1161 849 1293 912; x_wconf 88' lang='lat' dir='ltr'><strong>Civ.</strong></span> <span class='ocrx_word' id='word_1_40' title='bbox 1327 851 1486 912; x_wconf 84' lang='lat' dir='ltr'><strong>VIII.</strong></span> <span class='ocrx_word' id='word_1_41' title='bbox 1512 854 1611 913; x_wconf 83' lang='lat'><strong>27.</strong></span> <span class='ocrx_word' id='word_1_42' title='bbox 1657 853 1744 912; x_wconf 85' lang='lat' dir='ltr'><strong>de</strong></span> <span class='ocrx_word' id='word_1_43' title='bbox 1786 853 1998 913; x_wconf 89' lang='lat' dir='ltr'><strong>Iside</strong></span> 
     </span>
     <span class='ocr_line' id='line_1_8' title="bbox 223 950 1997 1031; baseline 0.001 -20"><span class='ocrx_word' id='word_1_44' title='bbox 223 971 460 1013; x_wconf 84' lang='lat' dir='ltr'><strong>uxore</strong></span> <span class='ocrx_word' id='word_1_45' title='bbox 533 950 794 1011; x_wconf 84' lang='lat' dir='ltr'>Osiris</span> <span class='ocrx_word' id='word_1_46' title='bbox 875 962 952 1011; x_wconf 92' lang='lat' dir='ltr'><strong>et</strong></span> <span class='ocrx_word' id='word_1_47' title='bbox 1017 951 1104 1013; x_wconf 89' lang='lat' dir='ltr'><strong>de</strong></span> <span class='ocrx_word' id='word_1_48' title='bbox 1168 951 1639 1031; x_wconf 85' lang='lat' dir='ltr'><strong>parentibus</strong></span> <span class='ocrx_word' id='word_1_49' title='bbox 1705 970 1997 1026; x_wconf 86' lang='lat' dir='ltr'><strong>eorum,</strong></span> 
     </span>
     <span class='ocr_line' id='line_1_9' title="bbox 223 1051 2000 1132; baseline -0.001 -20"><span class='ocrx_word' id='word_1_50' title='bbox 223 1054 352 1132; x_wconf 88' lang='lat' dir='ltr'><strong>qui</strong></span> <span class='ocrx_word' id='word_1_51' title='bbox 410 1070 666 1111; x_wconf 90' lang='lat' dir='ltr'><strong>omnes</strong></span> <span class='ocrx_word' id='word_1_52' title='bbox 726 1071 943 1129; x_wconf 83' lang='lat' dir='ltr'><strong>reges</strong></span> <span class='ocrx_word' id='word_1_53' title='bbox 1000 1052 1248 1113; x_wconf 83' lang='lat' dir='ltr'><strong>fuisse</strong></span> <span class='ocrx_word' id='word_1_54' title='bbox 1303 1051 1786 1125; x_wconf 85' lang='lat' dir='ltr'><strong>scribuntur,</strong></span> <span class='ocrx_word' id='word_1_55' title='bbox 1844 1054 2000 1132; x_wconf 85' lang='lat' dir='ltr'><strong>qui-</strong></span> 
     </span>
     <span class='ocr_line' id='line_1_10' title="bbox 226 1150 2003 1231; baseline 0.001 -20"><span class='ocrx_word' id='word_1_56' title='bbox 226 1152 364 1211; x_wconf 90' lang='lat' dir='ltr'><strong>bus</strong></span> <span class='ocrx_word' id='word_1_57' title='bbox 408 1150 872 1231; x_wconf 90' lang='lat' dir='ltr'><strong>parentibus</strong></span> <span class='ocrx_word' id='word_1_58' title='bbox 918 1153 1082 1212; x_wconf 88' lang='lat' dir='ltr'><strong>suis</strong></span> <span class='ocrx_word' id='word_1_59' title='bbox 1125 1152 1266 1213; x_wconf 88' lang='lat' dir='ltr'><strong>illa</strong></span> <span class='ocrx_word' id='word_1_60' title='bbox 1309 1171 1468 1213; x_wconf 91' lang='lat' dir='ltr'><strong>cum</strong></span> <span class='ocrx_word' id='word_1_61' title='bbox 1506 1152 2003 1222; x_wconf 72' lang='lat' dir='ltr'><strong>sacrificaret</strong></span> 
     </span>
     <span class='ocr_line' id='line_1_11' title="bbox 224 1250 2004 1331; baseline 0.003 -22"><span class='ocrx_word' id='word_1_62' title='bbox 224 1252 534 1312; x_wconf 85' lang='lat' dir='ltr'><strong>invenit</strong></span> <span class='ocrx_word' id='word_1_63' title='bbox 588 1250 863 1311; x_wconf 85' lang='lat' dir='ltr'><strong>hordei</strong></span> <span class='ocrx_word' id='word_1_64' title='bbox 919 1260 1285 1328; x_wconf 82' lang='lat' dir='ltr'><strong>segetem,</strong></span> <span class='ocrx_word' id='word_1_65' title='bbox 1341 1271 1532 1330; x_wconf 90' lang='lat' dir='ltr'><strong>quae</strong></span> <span class='ocrx_word' id='word_1_66' title='bbox 1589 1263 1664 1312; x_wconf 88' lang='lat' dir='ltr'><strong>et</strong></span> <span class='ocrx_word' id='word_1_67' title='bbox 1717 1262 2004 1331; x_wconf 83' lang='lat' dir='ltr'><strong>quanta</strong></span> 
     </span>
     <span class='ocr_line' id='line_1_12' title="bbox 226 1350 2004 1429; baseline 0.002 -21"><span class='ocrx_word' id='word_1_68' title='bbox 226 1351 426 1411; x_wconf 89' lang='lat' dir='ltr'><strong>mala</strong></span> <span class='ocrx_word' id='word_1_69' title='bbox 468 1368 620 1408; x_wconf 90' lang='lat' dir='ltr'><strong>non</strong></span> <span class='ocrx_word' id='word_1_70' title='bbox 665 1370 701 1408; x_wconf 88' lang='lat' dir='ltr'><strong>a</strong></span> <span class='ocrx_word' id='word_1_71' title='bbox 743 1351 1004 1429; x_wconf 87' lang='lat' dir='ltr'><strong>poetis</strong></span> <span class='ocrx_word' id='word_1_72' title='bbox 1049 1350 1185 1412; x_wconf 88' lang='lat' dir='ltr'><strong>sed</strong></span> <span class='ocrx_word' id='word_1_73' title='bbox 1228 1353 1588 1427; x_wconf 82' lang='lat' dir='ltr'><strong>mysticis</strong></span> <span class='ocrx_word' id='word_1_74' title='bbox 1633 1354 2004 1411; x_wconf 86' lang='lat' dir='ltr'><strong>eorumli-</strong></span> 
     </span>
     <span class='ocr_line' id='line_1_13' title="bbox 229 1450 2005 1522; baseline -0.002 -14"><span class='ocrx_word' id='word_1_75' title='bbox 229 1451 417 1513; x_wconf 86' lang='lat' dir='ltr'><strong>teris</strong></span> <span class='ocrx_word' id='word_1_76' title='bbox 462 1451 880 1516; x_wconf 84' lang='lat' dir='ltr'><strong>memoriae</strong></span> <span class='ocrx_word' id='word_1_77' title='bbox 922 1450 1288 1511; x_wconf 88' lang='lat' dir='ltr'><strong>mandata</strong></span> <span class='ocrx_word' id='word_1_78' title='bbox 1330 1452 1520 1522; x_wconf 87' lang='lat' dir='ltr'><strong>sint,</strong></span> <span class='ocrx_word' id='word_1_79' title='bbox 1572 1453 1783 1510; x_wconf 78' lang='lat' dir='ltr'><strong>sieut</strong></span> <span class='ocrx_word' id='word_1_80' title='bbox 1825 1451 2005 1511; x_wconf 71' lang='lat' dir='ltr'><strong>Leo.-</strong></span> 
     </span>
     <span class='ocr_line' id='line_1_14' title="bbox 227 1548 2005 1631; baseline 0.002 -23"><span class='ocrx_word' id='word_1_81' title='bbox 227 1568 316 1608; x_wconf 91' lang='lat' dir='ltr'><strong>ne</strong></span> <span class='ocrx_word' id='word_1_82' title='bbox 371 1548 785 1608; x_wconf 87' lang='lat' dir='ltr'><strong>sacerdote</strong></span> <span class='ocrx_word' id='word_1_83' title='bbox 849 1549 1231 1627; x_wconf 82' lang='lat' dir='ltr'><strong>prodente</strong></span> <span class='ocrx_word' id='word_1_84' title='bbox 1301 1548 1396 1610; x_wconf 89' lang='lat' dir='ltr'><strong>ad</strong></span> <span class='ocrx_word' id='word_1_85' title='bbox 1465 1549 2005 1631; x_wconf 83' lang='lat' dir='ltr'><strong>Olympiadem</strong></span> 
     </span>
     <span class='ocr_line' id='line_1_15' title="bbox 231 1647 2006 1728; baseline 0.002 -20"><span class='ocrx_word' id='word_1_86' title='bbox 231 1647 519 1708; x_wconf 88' lang='lat' dir='ltr'><strong>scribit</strong></span> <span class='ocrx_word' id='word_1_87' title='bbox 589 1648 1093 1723; x_wconf 60' lang='lat' dir='ltr'><strong>Alexander,</strong></span> <span class='ocrx_word' id='word_1_88' title='bbox 1157 1650 1421 1727; x_wconf 84' lang='lat' dir='ltr'><strong>legant</strong></span> <span class='ocrx_word' id='word_1_89' title='bbox 1498 1652 1630 1728; x_wconf 89' lang='lat' dir='ltr'><strong>qui</strong></span> <span class='ocrx_word' id='word_1_90' title='bbox 1696 1653 2006 1727; x_wconf 84' lang='lat' dir='ltr'><strong>volunt3</strong></span> 
     </span>
     <span class='ocr_line' id='line_1_16' title="bbox 229 1735 2009 1831; baseline 0.003 -24"><span class='ocrx_word' id='word_1_91' title='bbox 229 1749 324 1808; x_wconf 90' lang='lat' dir='ltr'><strong>his</strong></span> <span class='ocrx_word' id='word_1_92' title='bbox 373 1749 654 1812; x_wconf 88' lang='lat' dir='ltr'><strong>omnibus</strong></span> <span class='ocrx_word' id='word_1_93' title='bbox 700 1749 958 1812; x_wconf 89' lang='lat' dir='ltr'><strong>eandem</strong></span> <span class='ocrx_word' id='word_1_94' title='bbox 1003 1735 1369 1812; x_wconf 83' lang='lat' dir='ltr'><strong>sententiam</strong></span> <span class='ocrx_word' id='word_1_95' title='bbox 1414 1748 1664 1810; x_wconf 83' lang='lat' dir='ltr'><strong>subesse</strong></span> <span class='ocrx_word' id='word_1_96' title='bbox 1685 1753 2009 1831; x_wconf 62' lang='lat' dir='ltr'><strong>intelligam,</strong></span> 
     </span>
     <span class='ocr_line' id='line_1_17' title="bbox 233 1848 2010 1929; baseline 0.001 -23"><span class='ocrx_word' id='word_1_97' title='bbox 233 1866 338 1907; x_wconf 92' lang='lat' dir='ltr'><strong>eos</strong></span> <span class='ocrx_word' id='word_1_98' title='bbox 398 1862 514 1928; x_wconf 80' lang='lat' dir='ltr'><strong>pro</strong></span> <span class='ocrx_word' id='word_1_99' title='bbox 572 1848 690 1908; x_wconf 85' lang='lat' dir='ltr'><strong>diis</strong></span> <span class='ocrx_word' id='word_1_100' title='bbox 746 1849 988 1909; x_wconf 86' lang='lat' dir='ltr'><strong>habitos</strong></span> <span class='ocrx_word' id='word_1_101' title='bbox 1046 1867 1206 1925; x_wconf 90' lang='lat' dir='ltr'><strong>esse,</strong></span> <span class='ocrx_word' id='word_1_102' title='bbox 1262 1868 1301 1909; x_wconf 89' lang='lat' dir='ltr'><strong>a</strong></span> <span class='ocrx_word' id='word_1_103' title='bbox 1355 1849 1575 1929; x_wconf 86' lang='lat' dir='ltr'><strong>quibus</strong></span> <span class='ocrx_word' id='word_1_104' title='bbox 1630 1870 1728 1911; x_wconf 88' lang='lat' dir='ltr'><strong>res</strong></span> <span class='ocrx_word' id='word_1_105' title='bbox 1780 1852 1862 1912; x_wconf 86' lang='lat' dir='ltr'><strong>ad</strong></span> <span class='ocrx_word' id='word_1_106' title='bbox 1917 1854 2010 1915; x_wconf 71' lang='lat' dir='ltr'><strong>vi.-</strong></span> 
     </span>
     <span class='ocr_line' id='line_1_18' title="bbox 232 1933 2041 2011; baseline 0.002 -4"><span class='ocrx_word' id='word_1_107' title='bbox 232 1960 332 2008; x_wconf 91' lang='lat' dir='ltr'><strong>tae</strong></span> <span class='ocrx_word' id='word_1_108' title='bbox 376 1949 607 2010; x_wconf 85' lang='lat' dir='ltr'><strong>cultum</strong></span> <span class='ocrx_word' id='word_1_109' title='bbox 648 1948 828 2009; x_wconf 91' lang='lat' dir='ltr'><strong>utiles</strong></span> <span class='ocrx_word' id='word_1_110' title='bbox 871 1951 1160 2011; x_wconf 89' lang='lat' dir='ltr'><strong>inventae</strong></span> <span class='ocrx_word' id='word_1_111' title='bbox 1204 1957 1422 2008; x_wconf 91' lang='lat' dir='ltr'><strong>essent.</strong></span> <span class='ocrx_word' id='word_1_112' title='bbox 1506 1948 1679 2008; x_wconf 84' lang='lat' dir='ltr'><strong>Haec</strong></span> <span class='ocrx_word' id='word_1_113' title='bbox 1721 1969 1870 2011; x_wconf 90' lang='lat' dir='ltr'><strong>vero</strong></span> <span class='ocrx_word' id='word_1_114' title='bbox 1916 1933 2041 2010; x_wconf 74' lang='lat' dir='ltr'><strong>in-¹</strong></span> 
     </span>
     <span class='ocr_line' id='line_1_19' title="bbox 237 2049 2010 2130; baseline 0.002 -25"><span class='ocrx_word' id='word_1_115' title='bbox 237 2057 327 2106; x_wconf 85' lang='lat' dir='ltr'><strong>ter</strong></span> <span class='ocrx_word' id='word_1_116' title='bbox 382 2067 448 2106; x_wconf 92' lang='lat' dir='ltr'><strong>se</strong></span> <span class='ocrx_word' id='word_1_117' title='bbox 503 2057 565 2107; x_wconf 94' lang='lat' dir='ltr'><strong>et</strong></span> <span class='ocrx_word' id='word_1_118' title='bbox 633 2066 770 2108; x_wconf 88' lang='lat' dir='ltr'><strong>cum</strong></span> <span class='ocrx_word' id='word_1_119' title='bbox 823 2049 1159 2111; x_wconf 89' lang='lat' dir='ltr'><strong>Euhemeri</strong></span> <span class='ocrx_word' id='word_1_120' title='bbox 1226 2051 1465 2109; x_wconf 90' lang='lat' dir='ltr'><strong>ratione</strong></span> <span class='ocrx_word' id='word_1_121' title='bbox 1530 2052 1622 2107; x_wconf 90' lang='lat' dir='ltr'><strong>ita</strong></span> <span class='ocrx_word' id='word_1_122' title='bbox 1687 2051 2010 2130; x_wconf 88' lang='lat' dir='ltr'><strong>perspicue</strong></span> 
     </span>
     <span class='ocr_line' id='line_1_20' title="bbox 234 2148 2012 2229; baseline 0.003 -25"><span class='ocrx_word' id='word_1_123' title='bbox 234 2155 598 2224; x_wconf 85' lang='lat' dir='ltr'><strong>congruunt,</strong></span> <span class='ocrx_word' id='word_1_124' title='bbox 652 2155 723 2206; x_wconf 91' lang='lat' dir='ltr'><strong>ut</strong></span> <span class='ocrx_word' id='word_1_125' title='bbox 773 2166 900 2210; x_wconf 89' lang='lat' dir='ltr'><strong>non</strong></span> <span class='ocrx_word' id='word_1_126' title='bbox 955 2149 1232 2209; x_wconf 87' lang='lat' dir='ltr'><strong>dubitem</strong></span> <span class='ocrx_word' id='word_1_127' title='bbox 1277 2150 1636 2228; x_wconf 86' lang='lat' dir='ltr'><strong>scriptorem</strong></span> <span class='ocrx_word' id='word_1_128' title='bbox 1678 2148 2012 2229; x_wconf 80' lang='lat' dir='ltr'><strong>Aegyptia·</strong></span> 
     </span>
     <span class='ocr_line' id='line_1_21' title="bbox 235 2236 2010 2329; baseline 0.002 -23"><span class='ocrx_word' id='word_1_129' title='bbox 235 2265 442 2307; x_wconf 88' lang='lat' dir='ltr'><strong>corum</strong></span> <span class='ocrx_word' id='word_1_130' title='bbox 486 2245 564 2306; x_wconf 91' lang='lat' dir='ltr'><strong>ab</strong></span> <span class='ocrx_word' id='word_1_131' title='bbox 607 2245 857 2325; x_wconf 84' lang='lat' dir='ltr'><strong>Hygino</strong></span> <span class='ocrx_word' id='word_1_132' title='bbox 903 2249 1228 2327; x_wconf 86' lang='lat' dir='ltr'><strong>allegatum</strong></span> <span class='ocrx_word' id='word_1_133' title='bbox 1275 2236 1541 2309; x_wconf 85' lang='lat' dir='ltr'><strong>eundem</strong></span> <span class='ocrx_word' id='word_1_134' title='bbox 1585 2267 1750 2323; x_wconf 83' lang='lat' dir='ltr'><strong>esse,</strong></span> <span class='ocrx_word' id='word_1_135' title='bbox 1793 2251 1898 2329; x_wconf 93' lang='lat' dir='ltr'><strong>qui</strong></span> <span class='ocrx_word' id='word_1_136' title='bbox 1932 2249 2010 2309; x_wconf 91' lang='lat' dir='ltr'><strong>ab</strong></span> 
     </span>
     <span class='ocr_line' id='line_1_22' title="bbox 234 2346 2013 2430; baseline 0.002 -24"><span class='ocrx_word' id='word_1_137' title='bbox 234 2346 510 2411; x_wconf 90' lang='lat' dir='ltr'><strong>Arnobio</strong></span> <span class='ocrx_word' id='word_1_138' title='bbox 535 2346 812 2412; x_wconf 87' lang='lat' dir='ltr'><strong>Pellaeus</strong></span> <span class='ocrx_word' id='word_1_139' title='bbox 849 2360 1136 2426; x_wconf 85' lang='lat' dir='ltr'><strong>vocatur3</strong></span> <span class='ocrx_word' id='word_1_140' title='bbox 1159 2369 1444 2430; x_wconf 68' lang='lat' dir='ltr'><strong>eumque</strong></span> <span class='ocrx_word' id='word_1_141' title='bbox 1476 2351 1661 2409; x_wconf 88' lang='lat' dir='ltr'><strong>etiam</strong></span> <span class='ocrx_word' id='word_1_142' title='bbox 1689 2349 2013 2427; x_wconf 82' lang='lat' dir='ltr'><strong>significari</strong></span> 
     </span>
     <span class='ocr_line' id='line_1_23' title="bbox 237 2446 2011 2531; baseline 0.003 -26"><span class='ocrx_word' id='word_1_143' title='bbox 237 2446 499 2509; x_wconf 84' lang='lat' dir='ltr'><strong>arbitror</strong></span> <span class='ocrx_word' id='word_1_144' title='bbox 540 2449 606 2506; x_wconf 92' lang='lat' dir='ltr'><strong>in</strong></span> <span class='ocrx_word' id='word_1_145' title='bbox 651 2447 849 2507; x_wconf 88' lang='lat' dir='ltr'><strong>Schol.</strong></span> <span class='ocrx_word' id='word_1_146' title='bbox 882 2449 1088 2527; x_wconf 84' lang='lat' dir='ltr'><strong>Apoll.</strong></span> <span class='ocrx_word' id='word_1_147' title='bbox 1126 2449 1229 2508; x_wconf 91' lang='lat' dir='ltr'><strong>IV.</strong></span> <span class='ocrx_word' id='word_1_148' title='bbox 1261 2451 1403 2509; x_wconf 89' lang='grc'><strong>262.</strong></span> <span class='ocrx_word' id='word_1_149' title='bbox 1445 2451 1630 2512; x_wconf 75' lang='grc' dir='ltr'><em>Λέων</em></span> <span class='ocrx_word' id='word_1_150' title='bbox 1674 2452 1742 2512; x_wconf 77' lang='grc' dir='ltr'><strong>ἐν</strong></span> <span class='ocrx_word' id='word_1_151' title='bbox 1783 2447 2011 2531; x_wconf 77' lang='grc' dir='ltr'><em>πρώτῳ</em></span> 
     </span>
     <span class='ocr_line' id='line_1_24' title="bbox 236 2546 2013 2631; baseline 0.001 -21"><span class='ocrx_word' id='word_1_152' title='bbox 236 2555 367 2610; x_wconf 81' lang='grc' dir='ltr'><strong>τῶν</strong></span> <span class='ocrx_word' id='word_1_153' title='bbox 420 2546 573 2629; x_wconf 78' lang='grc' dir='ltr'><strong><em>πρὸς</em></strong></span> <span class='ocrx_word' id='word_1_154' title='bbox 625 2547 740 2626; x_wconf 87' lang='grc' dir='ltr'><strong>τὴν</strong></span> <span class='ocrx_word' id='word_1_155' title='bbox 793 2550 1026 2631; x_wconf 72' lang='grc' dir='ltr'><em>μητέρα</em></span> <span class='ocrx_word' id='word_1_156' title='bbox 1078 2549 1222 2630; x_wconf 85' lang='lat' dir='ltr'><strong>(hoc</strong></span> <span class='ocrx_word' id='word_1_157' title='bbox 1277 2558 1402 2622; x_wconf 86' lang='lat' dir='ltr'><strong>est,</strong></span> <span class='ocrx_word' id='word_1_158' title='bbox 1457 2550 1524 2608; x_wconf 93' lang='lat' dir='ltr'><strong>ni</strong></span> <span class='ocrx_word' id='word_1_159' title='bbox 1578 2548 1792 2620; x_wconf 86' lang='lat' dir='ltr'><strong>fallor,</strong></span> <span class='ocrx_word' id='word_1_160' title='bbox 1858 2550 2013 2631; x_wconf 73' lang='grc' dir='ltr'><strong><em>πρὸς</em></strong></span> 
     </span>
     <span class='ocr_line' id='line_1_25' title="bbox 237 2644 2011 2732; baseline 0.002 -24"><span class='ocrx_word' id='word_1_161' title='bbox 237 2647 352 2726; x_wconf 82' lang='grc' dir='ltr'><strong>τὴν</strong></span> <span class='ocrx_word' id='word_1_162' title='bbox 427 2644 826 2730; x_wconf 73' lang='grc' dir='ltr'><em>Ἀλεξάνδρου</em></span> <span class='ocrx_word' id='word_1_163' title='bbox 906 2648 1165 2732; x_wconf 76' lang='grc' dir='ltr'><em>μητέρα)</em></span> <span class='ocrx_word' id='word_1_164' title='bbox 1232 2646 1489 2712; x_wconf 83' lang='grc' dir='ltr'><em>πάντων</em></span> <span class='ocrx_word' id='word_1_165' title='bbox 1563 2646 2011 2730; x_wconf 73' lang='grc' dir='ltr'><em>ἀρχαιοτάτους</em></span> 
     </span>
     <span class='ocr_line' id='line_1_26' title="bbox 237 2746 2010 2833; baseline -0.002 -22"><span class='ocrx_word' id='word_1_166' title='bbox 237 2746 619 2832; x_wconf 75' lang='grc' dir='ltr'><em>Αὐγυπτίους</em></span> <span class='ocrx_word' id='word_1_167' title='bbox 661 2748 813 2830; x_wconf 80' lang='grc' dir='ltr'><em>φησὶ</em></span> <span class='ocrx_word' id='word_1_168' title='bbox 854 2748 961 2811; x_wconf 81' lang='grc' dir='ltr'><strong>καὶ</strong></span> <span class='ocrx_word' id='word_1_169' title='bbox 1002 2754 1328 2831; x_wconf 82' lang='grc' dir='ltr'><em>συμφωνεῖ</em></span> <span class='ocrx_word' id='word_1_170' title='bbox 1355 2785 1440 2794; x_wconf 92' lang='lat'><strong>-—</strong></span> <span class='ocrx_word' id='word_1_171' title='bbox 1475 2747 1785 2833; x_wconf 77' lang='grc' dir='ltr'><em>Νικάνωρ.</em></span> <span class='ocrx_word' id='word_1_172' title='bbox 1829 2767 2010 2829; x_wconf 89' lang='lat' dir='ltr'><strong>quem</strong></span> 
     </span>
     <span class='ocr_line' id='line_1_27' title="bbox 237 2845 2012 2929; baseline 0.001 -22"><span class='ocrx_word' id='word_1_173' title='bbox 237 2845 602 2907; x_wconf 83' lang='lat' dir='ltr'><strong>Nicanorem</strong></span> <span class='ocrx_word' id='word_1_174' title='bbox 644 2846 954 2908; x_wconf 90' lang='lat' dir='ltr'><strong>Arnobius</strong></span> <span class='ocrx_word' id='word_1_175' title='bbox 998 2866 1236 2929; x_wconf 87' lang='lat' dir='ltr'><strong>quoque</strong></span> <span class='ocrx_word' id='word_1_176' title='bbox 1278 2847 1473 2908; x_wconf 93' lang='lat' dir='ltr'><strong>Leoni</strong></span> <span class='ocrx_word' id='word_1_177' title='bbox 1527 2848 1818 2926; x_wconf 72' lang='lat' dir='ltr'><strong>adiungit.</strong></span> <span class='ocrx_word' id='word_1_178' title='bbox 1903 2848 2012 2909; x_wconf 92' lang='lat' dir='ltr'><strong>Ni-</strong></span> 
     </span>
     <span class='ocr_line' id='line_1_28' title="bbox 240 2945 2009 3009; baseline 0.002 -5"><span class='ocrx_word' id='word_1_179' title='bbox 240 2945 367 3007; x_wconf 93' lang='lat' dir='ltr'><strong>hilo</strong></span> <span class='ocrx_word' id='word_1_180' title='bbox 411 2955 621 3007; x_wconf 89' lang='lat' dir='ltr'><strong>tamen</strong></span> <span class='ocrx_word' id='word_1_181' title='bbox 655 2950 851 3008; x_wconf 90' lang='lat' dir='ltr'><strong>secius</strong></span> <span class='ocrx_word' id='word_1_182' title='bbox 885 2947 1246 3008; x_wconf 84' lang='lat' dir='ltr'><strong>Jablonskio</strong></span> <span class='ocrx_word' id='word_1_183' title='bbox 1282 2949 1581 3009; x_wconf 85' lang='lat' dir='ltr'><strong>assentior</strong></span> <span class='ocrx_word' id='word_1_184' title='bbox 1611 2948 1825 3007; x_wconf 87' lang='lat' dir='ltr'><strong>Panth.</strong></span> <span class='ocrx_word' id='word_1_185' title='bbox 1861 2948 2009 3008; x_wconf 90' lang='lat' dir='ltr'><strong>Pro-</strong></span> 
     </span>
     <span class='ocr_line' id='line_1_29' title="bbox 241 3043 2010 3128; baseline 0.003 -26"><span class='ocrx_word' id='word_1_186' title='bbox 241 3043 354 3122; x_wconf 85' lang='lat' dir='ltr'><strong>leg.</strong></span> <span class='ocrx_word' id='word_1_187' title='bbox 397 3065 458 3125; x_wconf 90' lang='lat' dir='ltr'><strong>p.</strong></span> <span class='ocrx_word' id='word_1_188' title='bbox 501 3045 692 3109; x_wconf 88' lang='lat' dir='ltr'><strong>XXX.</strong></span> <span class='ocrx_word' id='word_1_189' title='bbox 747 3050 949 3108; x_wconf 86' lang='lat' dir='ltr'><strong>fictam</strong></span> <span class='ocrx_word' id='word_1_190' title='bbox 992 3067 1124 3109; x_wconf 87' lang='lat' dir='ltr'><strong>esse</strong></span> <span class='ocrx_word' id='word_1_191' title='bbox 1164 3049 1338 3110; x_wconf 88' lang='lat' dir='ltr'><strong>illam</strong></span> <span class='ocrx_word' id='word_1_192' title='bbox 1379 3046 1711 3109; x_wconf 86' lang='lat' dir='ltr'><strong>Alexandri</strong></span> <span class='ocrx_word' id='word_1_193' title='bbox 1754 3048 1838 3108; x_wconf 89' lang='grc' dir='ltr'><strong>Μ.</strong></span> <span class='ocrx_word' id='word_1_194' title='bbox 1883 3049 2010 3128; x_wconf 91' lang='lat' dir='ltr'><strong>epi-</strong></span> 
     </span>
    </p>
   </div>
   <div class='ocr_carea' id='block_1_3' title="bbox 360 3257 2007 3335">
    <p class='ocr_par' dir='ltr' id='par_1_3' title="bbox 360 3257 2007 3335">
     <span class='ocr_line' id='line_1_30' title="bbox 360 3257 2007 3335; baseline 0.002 -35"><span class='ocrx_word' id='word_1_195' title='bbox 360 3257 402 3314; x_wconf 79' lang='lat'><strong>[¹³</strong></span> <span class='ocrx_word' id='word_1_196' title='bbox 411 3257 428 3313; x_wconf 97' lang='lat'>]</span> <span class='ocrx_word' id='word_1_197' title='bbox 463 3257 658 3304; x_wconf 86' lang='lat' dir='ltr'><strong>Clemens</strong></span> <span class='ocrx_word' id='word_1_198' title='bbox 686 3261 845 3305; x_wconf 88' lang='lat' dir='ltr'><strong>Strom.</strong></span> <span class='ocrx_word' id='word_1_199' title='bbox 876 3262 911 3305; x_wconf 95' lang='grc' dir='ltr'><strong>Ι.</strong></span> <span class='ocrx_word' id='word_1_200' title='bbox 943 3259 1042 3304; x_wconf 77' lang='lat'><strong>383.</strong></span> <span class='ocrx_word' id='word_1_201' title='bbox 1091 3262 1227 3306; x_wconf 81' lang='grc' dir='ltr'><strong>Λέων</strong></span> <span class='ocrx_word' id='word_1_202' title='bbox 1255 3260 1279 3308; x_wconf 83' lang='grc' dir='ltr'><strong>ὁ</strong></span> <span class='ocrx_word' id='word_1_203' title='bbox 1309 3259 1363 3305; x_wconf 84' lang='grc' dir='ltr'><strong>τὰ</strong></span> <span class='ocrx_word' id='word_1_204' title='bbox 1392 3261 1499 3335; x_wconf 81' lang='grc' dir='ltr'><em>περὶ</em></span> <span class='ocrx_word' id='word_1_205' title='bbox 1526 3262 1616 3305; x_wconf 80' lang='grc' dir='ltr'><strong>τῶν</strong></span> <span class='ocrx_word' id='word_1_206' title='bbox 1645 3259 1736 3304; x_wconf 78' lang='grc' dir='ltr'><strong>κατ’</strong></span> <span class='ocrx_word' id='word_1_207' title='bbox 1768 3264 2007 3319; x_wconf 80' lang='grc' dir='ltr'><em>Αἴγυπτον</em></span> 
     </span>
    </p>
   </div>
   <div class='ocr_carea' id='block_1_4' title="bbox 243 3312 2005 3435">
    <p class='ocr_par' dir='ltr' id='par_1_4' title="bbox 243 3312 2005 3435">
     <span class='ocr_line' id='line_1_31' title="bbox 243 3312 2005 3419; baseline 0.003 -61"><span class='ocrx_word' id='word_1_208' title='bbox 243 3316 424 3419; x_wconf 60' lang='grc' dir='ltr'><strong>ῗεῶνι</strong></span> <span class='ocrx_word' id='word_1_209' title='bbox 402 3318 865 3378; x_wconf 80' lang='grc' dir='ltr'><em>πραγματευσάμενος</em></span> <span class='ocrx_word' id='word_1_210' title='bbox 901 3319 982 3375; x_wconf 82' lang='grc' dir='ltr'><strong>τὴν</strong></span> <span class='ocrx_word' id='word_1_211' title='bbox 1007 3312 1118 3365; x_wconf 80' lang='grc' dir='ltr'><em>Ἰσιν</em></span> <span class='ocrx_word' id='word_1_212' title='bbox 1154 3317 1243 3365; x_wconf 73' lang='grc' dir='ltr'><strong>ὑπὸ</strong></span> <span class='ocrx_word' id='word_1_213' title='bbox 1281 3322 1371 3366; x_wconf 78' lang='grc' dir='ltr'><strong>τῶν</strong></span> <span class='ocrx_word' id='word_1_214' title='bbox 1403 3316 1624 3374; x_wconf 76' lang='grc' dir='ltr'><em>Ἑλλήνων</em></span> <span class='ocrx_word' id='word_1_215' title='bbox 1666 3316 1882 3390; x_wconf 77' lang='grc' dir='ltr'><em>Δήμητρα</em></span> <span class='ocrx_word' id='word_1_216' title='bbox 1923 3334 2005 3363; x_wconf 78' lang='grc' dir='ltr'><strong>κα</strong></span> 
     </span>
     <span class='ocr_line' id='line_1_32' title="bbox 270 3376 585 3435; baseline 0.021 -19"><span class='ocrx_word' id='word_1_217' title='bbox 270 3387 304 3417; x_wconf 81' lang='grc' dir='ltr'><strong>ει</strong></span> <span class='ocrx_word' id='word_1_218' title='bbox 293 3376 372 3418; x_wconf 69' lang='grc' dir='ltr'><strong>’θα</strong></span> <span class='ocrx_word' id='word_1_219' title='bbox 372 3378 424 3419; x_wconf 79' lang='lat' dir='ltr'><strong>at</strong></span> <span class='ocrx_word' id='word_1_220' title='bbox 459 3389 585 3435; x_wconf 86' lang='grc' dir='ltr'><strong>φησι.</strong></span> 
     </span>
    </p>
   </div>
  </div>
 </body>
</html>
