2150 3814
217 169 377 228 1332
773 179 1003 237 LIBER
1045 178 1410 224 TERTIUS.

210 311 319 370 sed
361 311 584 388 Blityri
600 309 671 393 [⁶]
719 320 977 391 apparet
1019 329 1239 370 sonum
1283 314 1510 397 ἄλογον
1554 318 1616 369 et
1656 311 1970 391 παρεμβο-

211 413 409 492 λοειὸῆ
454 430 586 470 esse
629 411 1009 491 eundemque
1051 415 1118 475 ἐν
1140 411 1460 498 καταλόγῳ
1487 409 1835 495 φαρμάκων
1862 409 1977 466 hoc

212 521 303 571 est
357 514 422 570 in
477 530 731 570 numero
789 530 1009 572 vocum
1064 513 1431 589 magicarum
1477 512 1695 582 fuisse,
1757 507 1976 587 quibus

214 611 410 670 morbi
465 611 694 689 pellere
761 599 1172 683 crederentur,
1252 612 1407 670 sicut
1462 612 1619 670 aliae
1674 606 1978 667 formulae

213 710 719 788 antipatheticae,
773 696 1053 771 Daries
1096 709 1522 781 Dardaries
1567 709 1772 768 Huat
1825 704 1976 764 Ha-

216 818 375 881 nat,
431 808 627 883 Hax,
684 810 865 883 Pax,
919 811 1159 883 Deax,
1203 810 1564 882 Adimax,
1609 817 1670 867 et
1713 817 1979 867 ceterum
2015 818 2033 841 Χ

213 911 539 985 mysticum
582 908 1031 969 Abracadabra.
1120 911 1342 969 Galeni
1386 906 1803 969 testimonium
1845 904 1983 986 βλί-

210 1034 352 1092 τυρι
412 1020 473 1085 et
527 1010 871 1093 σκινδαψὸς
927 1012 1178 1070 nomina
1233 1009 1605 1091 κρουμάτων
1650 1024 1782 1066 esse
1827 1012 1982 1062 cete-

210 1109 431 1187 rosque
474 1110 670 1183 locos,
713 1112 817 1189 qui
860 1111 977 1169 huc
1019 1112 1357 1189 pertinent,
1413 1109 1733 1186 diligenter
1775 1112 1985 1166 contu-

214 1208 285 1267 lit
337 1207 586 1268 Reiffius
646 1207 724 1268 ad
780 1208 1080 1268 Artemid.
1137 1208 1240 1268 IV.
1285 1211 1342 1269 2.
1386 1209 1529 1269 444.
1585 1225 1710 1266 non
1755 1194 1985 1264 omisso

214 1313 441 1366 asemo*
470 1306 626 1378 κνάξ
641 1351 663 1380 ,
727 1308 889 1366 unde
933 1308 1300 1387 productum
1343 1307 1567 1391 κνάξβι
1608 1310 1675 1366 in
1716 1306 1987 1366 Milesio-

211 1425 349 1466 rum
402 1407 635 1483 hymno
680 1407 1093 1485 alphabetico,
1155 1410 1251 1466 cui
1296 1407 1774 1486 comparandum
1816 1404 1990 1467 vide-

215 1515 313 1564 tur
380 1523 620 1565 sacrum
692 1524 934 1565 carmen
993 1506 1070 1565 de
1128 1525 1247 1586 quo
1308 1503 1620 1565 Charisius
1675 1506 1744 1564 L.
1797 1505 1872 1564 H.
1929 1524 1989 1583 p.

215 1604 356 1664 216.
401 1606 459 1664 7.
516 1605 953 1665 Rutubatta
1009 1607 1192 1665 haec
1245 1607 1570 1666 Plautus
1615 1623 1751 1687 pro
1795 1605 1991 1663 nihi-

215 1704 291 1763 lo
355 1714 428 1763 et
470 1724 608 1784 pro
652 1708 875 1784 nugis
919 1708 1219 1786 posuit,
1276 1717 1355 1766 ut
1411 1709 1487 1765 in
1531 1707 1819 1784 glossis
1874 1723 1993 1765 ve-

219 1814 463 1865 terum
521 1805 862 1865 Battatti
915 1807 1204 1866 fluctus
1262 1806 1566 1886 quidam
1628 1819 1702 1865 et
1757 1796 2010 1865 sonus⁴

218 1906 443 1965 vocis
500 1904 1103 1965 effoeminatior
1128 1907 1233 1986 [³J,
1289 1915 1369 1964 ut
1413 1924 1583 1964 esse
1625 1907 1703 1964 in
1747 1906 1992 1964 sacris

221 2003 276 2063 A
290 2022 331 2061 n
347 2023 384 2062 a
398 2023 435 2080 g
449 2023 507 2062 m
527 2023 560 2061 e
572 2023 614 2061 n
629 2023 666 2062 o
679 2025 710 2062 r
722 2023 760 2062 u
775 2023 836 2062 m
852 2048 869 2077 ,
938 2004 1045 2063 ubi
1111 2004 1530 2081 Anagniorum
1587 2003 1995 2078 scribendum,

219 2121 344 2160 non
386 2102 1101 2162 Anaxamentorum
1145 2104 1247 2164 vel
1292 2098 1685 2162 Saliorum
1732 2123 1996 2163 anaxa-

219 2221 283 2260 m
299 2221 332 2260 e
346 2203 501 2261 ntis
515 2246 532 2276 ,
592 2222 749 2282 quae
802 2202 1106 2262 Meursius
1160 2205 1487 2283 proposuit
1539 2205 1801 2266 Exercit.
1850 2201 1996 2263 Crit.

222 2301 286 2359 P.
356 2302 431 2360 II.
490 2323 535 2361 c.
595 2304 695 2362 28.
763 2303 1026 2383 probata
1079 2303 1365 2362 Dacicrio
1424 2303 1504 2363 ad
1559 2305 1722 2363 Fest.
1782 2325 1842 2385 p.
1899 2304 1998 2364 38.

221 2400 560 2460 Butubatta
614 2404 799 2479 igitur
853 2403 1185 2482 respondet
1238 2414 1449 2463 nostro
1505 2404 1768 2464 Larifari
1782 2447 1801 2478 ,
1855 2404 1998 2464 Bat-

224 2501 384 2573 tatti,
430 2504 548 2560 nisi
593 2499 922 2561 Cascorum
966 2521 1089 2563 vox
1134 2513 1243 2576 est,
1287 2505 1776 2583 epiphonematis
1810 2502 1997 2563 modo

231 2610 589 2679 usurpatum
632 2602 909 2675 videtur,
964 2603 1072 2662 illa
1115 2613 1319 2662 autem
1362 2605 1745 2665 Milesiorum
1786 2605 2000 2663 litania

231 2720 264 2758 e
320 2702 641 2762 vocabulis
700 2704 925 2761 asemis
977 2703 1335 2780 joculariter
1388 2707 1730 2784 composita
1784 2713 1876 2763 est
1918 2703 1997 2763 ad

233 2804 583 2882 exemplum
628 2805 965 2863 carminum
1009 2806 1396 2882 magicorum.
1443 2799 1605 2884 Orig.
1649 2826 1696 2865 c.
1742 2801 1896 2863 Cels..
1928 2804 1997 2863 L.

353 2971 428 3028 [d]
473 2974 620 3018 Simile
649 2975 821 3017 videtur
850 2972 1034 3035 τάγυρι,
1064 2977 1330 3020 titivillitium
1362 2977 1620 3034 significans.
1653 2976 1848 3019 Obscure
1879 2975 1995 3018 Pho-

234 3031 320 3072 tius
347 3033 619 3092 Νεβλαρέτοι
648 3033 778 3090 φωνὴ
809 3030 994 3092 ἄσημος.
1970 3052 1973 3055 ·

353 3090 425 3145 [θ]
480 3092 608 3134 Nunc
637 3093 800 3136 demum
830 3094 956 3135 video
993 3094 1082 3149 jam
1121 3093 1363 3148 seyfertum
1401 3093 1446 3135 in
1488 3093 1675 3135 Gramm.
1715 3092 1802 3134 Lat
1841 3091 1894 3134 T.
1935 3090 1996 3133 ΙΙ.

236 3145 335 3188 301.
379 3163 577 3203 graecum
609 3165 758 3193 nomen
796 3152 999 3194 Battalus
1039 3165 1330 3207 comparasse,
1371 3152 1424 3194 de
1464 3165 1546 3206 quo
1588 3151 1675 3193 vid.
1717 3150 1901 3192 Casaub.
1942 3149 1998 3191 ad

239 3205 416 3248 Sueton.
446 3223 488 3263 p.
521 3205 620 3251 453.
659 3210 841 3266 Taylor.
871 3210 1072 3266 Prolegg.
1102 3210 1156 3252 ad
1185 3209 1306 3253 Dem.
1345 3224 1389 3267 p.
1420 3207 1520 3251 742.
1566 3209 1622 3250 Τ.
1653 3209 1772 3251 VIII.
1812 3222 1892 3250 nec
1931 3208 1998 3250 di-

238 3268 327 3305 stat
355 3264 528 3309 multum
557 3267 761 3311 Battaces
791 3276 835 3312 et
863 3270 1148 3320 Battabaces,
1186 3268 1424 3325 Archigalli
1464 3282 1627 3311 nomen.
1657 3282 1698 3310 v.
1727 3266 1910 3310 Wessel.
1941 3266 1998 3309 ad

238 3323 366 3366 Diod.
396 3324 571 3382 Fragm.
603 3326 656 3369 L.
685 3327 889 3373 XXXVI.
920 3344 963 3386 p.
994 3327 1096 3371 360.
1128 3326 1185 3371 Τ.
1214 3327 1268 3372 Χ.

2140 121 2150 195 ,f

2104 207 2143 316 l
