2150 3814
824 300 1280 345 onPu1cA.
1780 287 1952 394 10427

155 435 316 507 εὐοῖ,
373 433 493 496 εἷεν
547 429 726 515 (εὐάν
782 428 1201 511 scribendum)
1255 432 1364 494 καὶ
1418 442 1509 516 τῷ
1565 436 1707 517 παρ3
1748 437 1938 499 Ἀττι-

152 540 284 604 κοῖς
335 531 529 602 vanig-
577 529 760 590 etde
802 530 1075 592 Adverb.
1119 549 1180 611 p.
1228 528 1371 592 588.
1417 531 1517 593 25.
1551 521 1654 597 ’τὰ
1698 535 1943 617 πρωτό-

152 657 318 697 τυπα
370 634 537 694 θέλει
595 631 990 712 ὅπωςὸήποτε
1032 631 1470 715 περισπᾶσθαί
1511 647 1598 679 -’-
1643 635 1947 699 Φαίνεται

151 733 246 794 3τι
287 732 393 794 καὶ
434 731 505 794 τὸ
553 733 689 795 εὐοῖ
726 733 889 796 κατὰ
931 740 1117 796 τοῦτο
1165 732 1589 815 σημειώσεται,
1636 734 1801 794 unde
1833 753 1943 816 pa-

147 840 239 890 tet
282 833 469 892 etiam
512 833 580 891 in
621 831 692 892 L.
737 831 816 893 de
861 830 1182 912 Conjunct‚
1226 853 1287 914 p.
1325 832 1466 894 509.
1502 833 1603 893 21.
1648 827 1757 894 ubi
1802 853 1945 895 con-

138 931 528 1039 junctionem
583 931 751 997 διότι
807 943 990 1012 negat
1047 951 1182 993 esse
1223 933 1451 1022 μόριον
1493 943 1623 998 τῶν
1665 936 1947 1019 ἡμαρτη-

145 1033 356 1194 μέἵιηκ
412 1031 642 1115 ὁμοίως
695 1041 787 1115 τῷ
842 1034 1099 1105 εὔαδεν,
1156 1034 1318 1106 εὐοῖ,
1374 1033 1765 1094 scribendum
1812 1053 1946 1095 esse

147 1157 173 1193 ε
194 1133 213 1155 ³
250 1136 305 1205 ἲ,
362 1134 429 1191 in
487 1145 607 1211 quo
665 1139 800 1191 tum
854 1132 1145 1211 aspiratis
1200 1130 1513 1191 abuormis
1543 1133 1614 1212 [⁰]
1673 1142 1804 1193 turn
1850 1153 1949 1193 ac-

149 1207 363 1289 cbntus'
411 1249 540 1289 non
597 1249 710 1293 suo
764 1231 903 1290 loco
947 1232 1205 1311 positus·
1237 1241 1347 1291 est.
1433 1220 1616 1291 Illam
1657 1233 1843 1293 sibili
1866 1235 1949 1293 si-

142 1330 354 1390 milem
397 1330 590 1392 fuisse
635 1329 907 1391 ostendit
928 1329 1266 1410 Arignotae
1301 1334 1731 1414 interpretatio
1767 1319 1948 1415 ‘apud

143 1429 513 1512 Harpocrat.
558 1451 620 1512 p.
671 1431 811 1492 132.
857 1432 942 1503 ὥς
986 1433 1083 1496 ὅτι
1123 1456 1288 1504 τινες
1333 1435 1543 1505 ἔλεξαν
1586 1420 1721 1498 εὕοῖ
1761 1435 1849 1505 αἷς
1877 1415 1973 1497 mi

147 1531 277 1605 σοί,
334 1531 405 1595 τὸ
465 1524 724 1618 εὕρημα·
761 1541 877 1597 τοῦ
933 1523 1207 1616 ῥόπτρου
1265 1535 1666 1603 ἐπαινέοντες.
1772 1533 1947 1594 Haec

145 1633 338 1709 igitur
392 1633 528 1715 εὐοῖ
579 1652 618 1693 a
671 1635 1042 1714 pronomine
1087 1632 1392 1693 secundae
1435 1653 1742 1714 personae
1783 1654 1948 1695 com-

145 1733 421 1812 positum
475 1733 739 1812 putabat
796 1742 858 1793 et
913 1735 1072 1793 sicut
1114 1733 1302 1809 vulgo
1349 1733 1770 1793 acclamabant
1812 1739 1946 1794 rem

144 1831 303 1891 bene
360 1833 709 1909 gerentibus
765 1823 845 1896 εὖ
890 1835 988 1895 σοι
1044 1837 1133 1911 εἴη
1194 1830 1418 1891 Strabo
1472 1830 1639 1892 XIV.
1685 1831 1829 1893 658.
1876 1831 1945 1896 εὗ

148 1954 245 1995 σοι
285 1933 526 2018 γένοιτο
570 1931 793 1993 Justin.
837 1933 1046 2011 Legat.
1092 1927 1174 1990 ad
1214 1931 1379 1991 Pers.
1416 1951 1478 2012 p.
1509 1928 1648 1991 172.
1685 1930 1750 1992 C.
1787 1930 1949 2015 ''Epi-

146 2041 283 2091 ctet.
327 2031 589 2093 Dissert.
633 2035 709 2094 ΙΙ.
753 2033 812 2094 6.
858 2032 913 2115 ξ.
959 2034 1059 2094 30.
1103 2053 1166 2113 p.
1210 2031 1353 2095 193.
1399 2030 1567 2111 apud
1603 2032 1948 2094 Lucianum

145 2142 352 2193 autem
393 2133 610 2194 Bacch.
656 2132 710 2214 ξ.
755 2134 813 2194 3.
857 2134 918 2193 4.
963 2141 1026 2192 et
1064 2131 1122 2192 5.
1164 2132 1235 2194 T.
1270 2131 1403 2192 VII.
1447 2152 1508 2213 p.
1545 2130 1946 2192 305.—308.

145 2233 276 2293 Pan
320 2234 575 2293 alumno
619 2251 734 2293 suo
777 2232 935 2293 illud
979 2229 1048 2296 εὗ
1093 2234 1152 2295 οἱ
1193 2232 1420 2292 iterum
1453 2229 1805 2312 iterumque
1839 2232 1947 2292 ad-

147 2335 396 2414 strepit,
462 2335 552 2394 sic
602 2332 812 2394 Liberi
866 2334 1066 2394 Patris
1125 2333 1379 2392 comites
1435 2332 1678 2394 inventi
1733 2330 1811 2390 ab
1870 2350 1945 2390 eo

148 2436 437 2514 tympani
510 2453 737 2495 munus
813 2436 931 2495 hac
1008 2433 1457 2493 exclamatione
1534 2440 1945 2512 prosequutos

149 2550 286 2593 esse
304 2529 397 2615 [⁶].
496 2527 637 2593 Alii
685 2553 897 2595 rursus
927 2591 930 2599 ,
955 2533 1282 2594 articulum
1328 2535 1387 2596 οἱ
1427 2534 1630 2592 inesse
1675 2531 1949 2592 credide-

148 2641 311 2695 runt.
373 2633 574 2695 Schol.
629 2635 854 2698 Bavar.
899 2632 982 2694 ad
1023 2633 1348 2694 Demosth.
1393 2653 1456 2714 p.
1503 2630 1605 2723 65.
1650 2633 1788 2695 εὐοῖ
1830 2654 1943 2695 σα-

148 2738 262 2818 βοῖ
324 2734 630 2820 βακχικόν
691 2761 756 2799 τι
821 2734 1184 2823 ἐπίφθεγμα
1253 2732 1415 2796 κατὰ
1484 2732 1601 2812 τὴν
1663 2737 1947 2816 Φρυγῶν

250 2961 348 3020 ,[6]
390 2962 459 3007 De
502 2963 881 3022 iuteraspiratione
932 2963 1136 3007 dlxerunt
1174 2960 1322 3013 multi,
1364 2973 1472 3016 quos
1512 2956 1768 3021 Artigrapbi
1808 2957 1947 3019 nostri

158 3018 349 3064 laudant.
416 3022 622 3067 Ultimum
663 3022 942 3066 circumflecti
984 3020 1266 3066 Grammatici
1301 3019 1471 3074 Jubent.
1515 3031 1560 3061 v.
1602 3016 1856 3060 Hermann.·
1889 3014 1948 3058 ad

156 3079 320 3124 Trach.
362 3095 406 3125 v.
443 3081 543 3125 218.
584 3083 697 3125 sicut
743 3082 886 3125 omnia
927 3082 1037 3124 haec
1078 3078 1347 3124 adverbialia
1388 3080 1565 3135 praeter
1609 3079 1690 3118 ναί
1711 3079 1769 3136 ‘et
1808 3076 1951 3130 βαβαί

157 3137 303 3184 Schol.
334 3139 440 3195 Lye-
469 3137 544 3183 31.
575 3140 652 3183 sed
682 3141 854 3184 acuitur
881 3139 979 3185 εὗοὶ
1012 3139 1117 3184 εὐαί
1152 3136 1372 3193 Aristoph.
1418 3134 1539 3178 Eccl.
1587 3133 1713 3179 1180.
1755 3133 1941 3202 Lysiqtr.

160 3194 288 3243 1294.
325 3211 405 3241 nec
433 3197 571 3241 minor
598 3199 645 3242 in
684 3199 866 3257 reliquis
906 3198 1223 3248 inconstantia3
1263 3195 1376 3253 quod
1419 3193 1651 3251 aliquando
1697 3197 1944 3236 accuramus

159 3256 429 3300 tractandum
458 3256 566 3310 erit,
604 3271 732 3315 quam
761 3259 970 3302 hactenus
1000 3260 1161 3302 factum
1191 3261 1271 3298 cst.
1862 3263 1864 3265 ·

282 3338 357 3397 [⁶]
401 3342 503 3386 Non
542 3344 675 3388 multo
714 3346 843 3390 aliter
883 3346 1121 3404 Euripides
1161 3346 1311 3386 narrat
1356 3340 1411 3383 de
1457 3338 1652 3397 tympani
1678 3336 1942 3385 ‚inventione

163 3398 324 3442 Bacch.
355 3398 452 3442 126.
494 3413 621 3456 quam
650 3403 975 3461 Corybantibus
1004 3403 1157 3447 tribuit
1186 3406 1231 3445 et
1259 3397 1402 3443 multis
1442 3397 1614 3456 quidem
1655 3395 1801 3439 verbis
1845 3399 1942 3436 tan-

162 3472 286 3513 quam
318 3471 407 3502 rem
435 3471 643 3515 magnam.

1438 3528 1521 3589 17
1567 3531 1602 3570 *
