2150 3814
690 221 1254 269 SAMOTHRACIA.
1713 212 1882 274 1227

95 358 288 419 modo
330 357 607 419 Hecatae
644 352 994 427 vindicant,
1053 354 1420 433 permittunt
1462 350 1644 414 nobis
1687 353 1884 415 Vene-

97 479 227 520 rem
300 459 619 518 Thraciam
698 453 1101 527 substituere,
1183 456 1428 535 utrique
1494 455 1760 514 similem
1790 457 1885 536 [5].
1942 468 1972 473 ·’

96 561 261 620 Hinc
324 576 393 617 se
459 557 661 638 aperit
727 554 969 637 infinita
1034 551 1117 614 ad
1173 547 1642 633 conjectandum
1696 557 1886 634 regio,

96 677 278 740 quam
342 657 560 716 saltem
634 675 671 715 e
738 655 1071 734 longinquo
1144 655 1485 716 ostendam.
1586 654 1888 717 Venerem

95 757 535 818 Samothracae
588 756 708 816 coli
764 766 1028 817 testatur
1083 757 1320 816 Plinius
1376 756 1449 816 V.
1505 755 1558 838 ξ.
1607 755 1703 816 16.
1747 776 1888 819 eam

93 858 351 931 scilicet,
394 874 580 937 quam
625 856 960 922 Phoenices
1005 859 1385 918 invexerant.
1452 856 1613 917 Nam
1658 857 1887 918 Thebis

93 966 272 1017 erant
329 959 450 1017 tria
492 958 917 1019 vetustissima
960 957 1216 1016 Veneris
1261 959 1464 1034 signa,
1525 976 1684 1036 quae
1726 958 1889 1019 Har-

91 1059 303 1118 monia
358 1077 393 1117 e
451 1054 672 1117 Cadmi
727 1057 990 1118 navibus
1045 1064 1352 1116 sumserat
1405 1057 1585 1116 Paus.
1629 1057 1738 1116 IX.
1789 1059 1885 1118 16.

93 1161 211 1218 hoc
235 1167 331 1218 est
357 1177 392 1217 e
419 1157 699 1216 Pataecis
724 1151 1221 1228 concinnaverat,
1251 1142 1403 1233 quos
1421 1155 1757 1216 Phoenices
1783 1176 1890 1218 na-

89 1261 266 1320 vium
308 1258 512 1338 proris
555 1255 877 1337 imponere
920 1256 1202 1316 solebant
1235 1252 1603 1316 Cabirorum
1648 1258 1889 1318 similli-

87 1375 225 1419 mos
281 1356 516 1418 Herod.
571 1355 676 1416 111.
732 1357 834 1417 37.
919 1356 1087 1416 Hinc
1141 1374 1292 1418 vero
1349 1359 1703 1436 conjectura
1747 1377 1888 1419 con-

83 1461 390 1539 jecturam
459 1457 773 1537 sequitur,
843 1458 1022 1517 sicut
1073 1475 1227 1519 vara
1297 1458 1554 1519 vibiam.
1680 1457 1889 1519 Cabiri

97 1561 262 1619 enim
319 1558 508 1636 vulgo
567 1556 656 1616 dii
717 1559 926 1636 magni
993 1567 1325 1633 vocantur,
1396 1560 1727 1640 ipsumque
1780 1578 1891 1619 no-

94 1679 238 1718 men
293 1657 608 1720 arabicum
664 1654 898 1718 Cabir
954 1676 1248 1736 magnum
1307 1660 1480 1720 valet
1538 1669 1600 1718 et
1653 1663 1887 1742 praeci-

92 1778 218 1840 pue
260 1759 487 1818 Veneri
540 1757 864 1830 tribuitur,
920 1767 993 1816 ut
1035 1757 1308 1817 ostendit
1352 1759 1794 1820 Gutberlethus
1839 1780 1887 1820 e.

92 1862 139 1922 Ι.
198 1880 234 1918 e
290 1857 609 1918 Catechesi
667 1856 1112 1917 Saracenorum
1168 1859 1319 1918 haec
1365 1859 1652 1920 afferens:
1690 1862 1889 1925 ’Ava-

94 1959 416 2043 θεματίζω
473 1957 622 2028 τοὺς
687 1965 1192 2041 προςκυνοῦντας
1247 1966 1339 2042 τῷ
1402 1959 1731 2046 Ἑωςφόρῳ
1786 1961 1892 2025 καὶ

91 2070 168 2143 τῇ
234 2059 618 2144 Ἀφροδίτῃ,
687 2059 769 2138 ἣν
835 2058 998 2121 κατὰ
1064 2059 1184 2139 τὴν
1230 2058 1539 2143 Ἀράβων
1593 2069 1890 2147 γλῶσσαν

85 2160 303 2245 χάβαρ
360 2161 675 2245 λέγουσιν,
730 2158 881 2242 ὅπερ
926 2161 1053 2221 ἔστι
1094 2158 1331 2245 μεγάλη
1345 2159 1436 2242 [Ἴ.
1525 2160 1691 2222 Hinc
1733 2181 1887 2244 pau-

214 2342 289 2402 [ς]
334 2342 582 2400 Hesychius
611 2338 811 2403 Ζειρήνη
841 2340 868 2398 ἡ
894 2341 1139 2402 Ἀφροδίτη
1181 2343 1232 2388 ἐν
1257 2344 1551 2402 Μακεδονίᾳ.
1597 2346 1662 2391 Μ.
1705 2347 1890 2392 Crassus

99 2403 144 2446 in
181 2401 458 2459 expeditione
498 2400 665 2445 Dacica
709 2406 877 2445 anta-um
919 2402 1210 2446 vastissimum
1248 2406 1419 2460 Κείρην
1463 2405 1755 2462 expugnavit,
1805 2421 1889 2463 quo

99 2462 246 2505 Getae
284 2462 594 2516 confugerant,
635 2456 752 2506 οὕτω
779 2464 998 2519 μέγιστον
1034 2462 1113 2505 καὶ
1142 2458 1431 2519 ὀχυρώτατον
1462 2460 1522 2513 ὥς
1559 2466 1638 2508 καὶ
1666 2462 1770 2515 τοὺς
1805 2469 1891 2509 Τι-

95 2523 234 2570 τᾶνας
262 2519 307 2569 ἐς
335 2517 442 2563 αὐτὸ
470 2517 588 2579 μετὰ
616 2516 699 2574 τὴν
727 2510 867 2573 ἧτταν
894 2524 1269 2621 συγκαταῗυγεῖν
1295 2516 1585 2579 μυθεύεσθαι
1638 2523 1724 2566 Dio
1759 2523 1887 2568 Cass.

92 2579 167 2623 LI.
194 2578 267 2623 26.
303 2578 491 2622 fortasse
520 2577 736 2639 Gigantes
765 2577 1016 2635 significans
1029 2611 1043 2633 ,
1117 2591 1143 2621 e
1173 2579 1328 2636 quibus
1369 2580 1547 2625 similem
1586 2582 1779 2626 fabulam
1817 2597 1889 2626 re-

95 2640 184 2684 fert
211 2637 461 2695 Stephanus
490 2651 525 2681 s.
552 2633 840 2696 Ἀπάτουρος.

215 2736 285 2794 [³]
331 2737 454 2780 Haec
484 2740 531 2780 et
560 2751 672 2795 quae
702 2741 964 2794 sequuntur,
1007 2752 1034 2780 a
1064 2738 1220 2795 Vossio
1251 2739 1403 2782 sumsit
1431 2738 1541 2782 Idol.
1570 2740 1630 2783 II.
1670 2739 1742 2785 31.
1785 2738 1888 2784 467.

99 2796 174 2853 qui
204 2810 315 2853 quae
345 2810 401 2840 ex
429 2795 656 2853 Euthymii
685 2796 900 2853 Zigabeni
930 2796 1135 2854 panoplia
1166 2797 1320 2850 affert,
1362 2798 1512 2841 eadem
1553 2799 1696 2842 omnia
1734 2800 1888 2856 legun-

101 2861 173 2898 tur
199 2855 315 2912 apud
344 2856 614 2912 Auonymum
644 2859 795 2899 contra
825 2855 1100 2899 Muhammed
1130 2870 1255 2913 quem
1285 2856 1349 2898 Le
1379 2856 1544 2914 Moyne
1583 2858 1720 2902 edidit
1759 2860 1887 2903 Varr.

103 2913 225 2955 Sacr.
251 2927 295 2971 p.
323 2911 424 2958 429.
468 2913 743 2958 Constantini
780 2913 940 2974 Porph.
982 2914 1119 2958 locum
1160 2915 1283 2960 XIV.
1326 2914 1397 2958 68.
1446 2915 1615 2960 addidit
1655 2917 1889 2962 Tristanus

40 3006 45 3009 .
105 2971 266 3014 Comm-
294 2985 338 3028 p.
369 2972 439 3018 17.
481 2973 539 3016 ad
566 2972 863 3017 illustrandum
902 2974 1096 3018 Uraniae
1137 2979 1182 3016 et
1219 2975 1425 3017 Astartae
1464 2988 1630 3020 nomen.
1691 2976 1775 3020 His
1815 2991 1885 3021 ac-

110 3029 226 3073 cedit
254 3028 574 3076 Bartholomaei
601 3031 816 3075 Edesseni
845 3032 1099 3077 confutatio
1128 3032 1356 3089 Hagareni
1385 3048 1426 3092 p.
1456 3033 1558 3078 307.
1599 3031 1655 3079 ὃν
1684 3037 1729 3079 οἱ
1747 3031 1888 3096 ’Ἆρα-

112 3093 188 3143 βες
215 3084 472 3148 δοκιμάζετε
509 3089 560 3136 τὸ
591 3088 826 3151 ἔως-φόρον
864 3087 1054 3151 ἄστρον,
1096 3090 1248 3148 Ζεβώ,
1285 3090 1553 3152 Ἀφροδίτη,
1590 3090 1775 3153 Κρόνον
1811 3098 1888 3139 καὶ

110 3143 279 3205 Χάμαρ
308 3149 472 3205 λέγετε.
502 3149 649 3194 Schol.
679 3150 867 3207 Gregor.
897 3151 1065 3208 Bodlej.
1096 3165 1139 3208 p.
1170 3150 1241 3194 43.
1285 3148 1450 3207 ταύτην
1489 3150 1650 3212 ἑορτὴν
1679 3150 1888 3210 ’Έλληνες

109 3199 224 3263 ἦγον
251 3201 427 3261 ἐτήσιον
455 3207 648 3252 ἔκπαλαι
678 3209 780 3253 καθῗ
813 3206 872 3265 ἣν
900 3209 1061 3268 ἐτέχθη
1093 3207 1289 3268 Χριστὸς
1316 3207 1491 3271 ἡμέραν
1519 3210 1778 3270 αὐξίφωτον
1807 3228 1887 3257 κα-

107 3265 299 3313 λοῦντες.
352 3262 604 3311 Ἐτελοῦντο
635 3267 686 3314 δὲ
713 3265 827 3312 κατὰ
860 3266 909 3313 τὸ
937 3265 1237 3328 μεσονύκτιον
1278 3266 1460 3319 ἀδύτοις
1500 3267 1882 3331 ὑπειςερχόμενοι,

106 3320 221 3389 ὅθεν
265 3319 455 3394 ἐξιόντες
508 3326 694 3384 ἔκραζον
740 3323 806 3371 ‘H
857 3331 1159 3387 παρθένος
1213 3331 1479 3384 τέτοκεν,
1539 3325 1700 3380 αὔξει
1751 3332 1882 3388 φῶς.

115 3385 309 3435 Ταιντην,
353 3397 413 3430 ως
434 3380 699 3441 Ἐπιφάνιος
725 3383 915 3445 γράφει,
957 3384 1040 3440 τὴν
1070 3385 1230 3445 ἑορτὴν
1259 3379 1374 3444 ἦγον
1403 3390 1479 3431 καὶ
1509 3391 1770 3447 Σαρακηνοὶ
1798 3386 1884 3432 πά-
