2150 3814
13 3194 23 3205 ι,

17 3214 24 3259 ἒ

20 3277 24 3286 ι

760 218 1325 268 sAMo'rnnAcrA.
1769 206 1933 270 111⁵

155 381 271 428 νας
312 362 442 429 τοῖς
478 353 792 435 Σατύροις
830 351 964 416 ἀνὰ
1007 348 1215 437 λόγον,
1259 348 1406 420 τοὺς
1445 348 1517 411 δ’
1564 351 1794 420 αὐτοὺς
1835 354 1943 415 καὶ

153 456 565 541 Κορύβαντας
618 454 863 540 λέγουσι
880 470 894 483 ·
957 469 1220 532 quorum
1277 451 1582 511 sententia
1635 451 1788 510 haec
1830 461 1941 511 est.

153 559 328 618 Deae
368 557 670 634 Phrygiae
724 553 1023 613 ministris
1063 569 1290 611 nomen
1334 550 1582 631 quidem
1628 548 1943 625 Curetum,

153 657 328 717 Jovis
384 656 649 714 altorum
708 651 1091 714 Cretensium
1108 695 1127 726 ,
1166 635 1223 712 'a
1279 652 1530 712 Graecis
1584 651 1777 712 tribui
1833 651 1945 711 sed

152 758 494 834 sejunctum
563 773 601 813 a
670 753 1047 813 Graecanica
1115 753 1361 826 fabula,
1432 753 1726 812 nimirum
1781 753 1945 831 quia,

151 874 342 934 quum
398 855 630 914 multae
686 853 870 913 urbes
913 852 1090 914 Jovis
1133 854 1371 912 natales
1417 852 1538 912 sibi
1584 860 1946 926 assererent,

149 957 438 1036 pertinax
490 954 658 1014 fama
701 955 1156 1033 antiquitasque
1198 953 1361 1011 hunc
1406 949 1627 1012 Cretae
1670 952 1948 1013 vindica-

151 1057 245 1115 vit
285 1055 613 1130 honorem3
658 1065 721 1113 et
759 1062 1092 1134 propterea
1135 1050 1303 1130 quod
1345 1053 1413 1110 in
1444 1050 1727 1128 Phrygiis
1770 1052 1947 1117 fabu-

148 1155 227 1215 lis
282 1157 455 1215 nulla
508 1156 580 1214 fit
636 1153 886 1213 Saturni
942 1152 1211 1223 mentio,
1281 1168 1402 1229 quo
1461 1150 1706 1210 sublato
1765 1170 1984 1220 causa«

147 1258 257 1317 illa
300 1263 576 1316 armatae
618 1253 969 1313 saltationis
1012 1250 1254 1311 tollitur
1298 1248 1747 1332 Curetibusque
1795 1253 1952 1334 ipsis

149 1358 306 1418 nihil
359 1355 729 1434 relinquitur
785 1360 1035 1435 praeter
1089 1350 1354 1430 Magnae
1412 1353 1629 1414 matris
1684 1361 1950 1413 assecta-

150 1460 414 1531 tionem3
473 1474 628 1536 quae
670 1456 813 1536 ipsa
853 1456 922 1514 in
965 1471 1150 1514 causa
1189 1452 1382 1514 fuisse
1426 1453 1705 1533 videtur,
1762 1474 1954 1535 quare

154 1577 294 1618 cum
366 1556 607 1633 Satyris
678 1562 1198 1635 componerentur
1265 1554 1425 1615 nulli
1479 1565 1644 1614 certo
1701 1557 1950 1634 negotio

151 1658 526 1739 praepositis
570 1666 744 1718 extra
790 1673 975 1735 quam
1018 1665 1089 1715 ut
1135 1652 1411 1732 Cybelen
1456 1656 1709 1735 eJ‘usque
1753 1657 1955 1716 alum-

150 1777 300 1817 num
381 1751 689 1819 Bacchum
772 1754 1128 1818 saltabundi
1198 1756 1721 1835 circumstrepant.
1833 1755 1952 1815 His

153 1856 365 1918 subdit
430 1855 652 1918 Strabo
718 1875 780 1936 p.
859 1852 999 1937 175.
1068 1853 1383 1939 μάρτυρες
1450 1863 1581 1919 τῶν
1647 1853 1955 1920 τοιούτων

151 1958 469 2023 ὑπονοιῶν
491 1957 590 2040 [³⁸]
648 1960 710 2020 οἱ
763 1955 1033 2040 ποιηταὶν
1069 1955 1398 2038 Πίνδαρος
1441 1955 1548 2019 καὶ
1591 1956 1954 2040 Εὐριπίδης,

150 2075 489 2137 eorumque
545 2075 762 2118 versus
819 2057 1083 2139 apponit
1126 2054 1207 2115 ad
1252 2055 1801 2118 demonstrandum
1844 2075 1956 2117 no-

150 2159 321 2220 mina
363 2157 587 2220 Bacchi
631 2166 694 2216 et
730 2153 1022 2232 Cybelae,
1066 2174 1178 2215 nec
1220 2158 1428 2218 minus
1462 2156 1784 2236 Phrygiae,
1829 2157 1956 2235 Ly-

155 2256 296 2317 diae
354 2263 418 2316 et
475 2253 731 2338 Cretae,
787 2275 858 2317 ac
914 2274 1102 2338 porro
1163 2255 1389 2328 Sileni,
1433 2255 1726 2335 Marsyae
1771 2267 1956 2339 atque

156 2355 418 2438 Olympi
476 2357 886 2438 communiter
942 2355 1074 2416 fere
1132 2365 1194 2414 et
1248 2358 1603 2437 promiscue
1647 2359 1956 2440 usurpari,

155 2475 280 2540 quo
334 2456 576 2522 facilius
631 2455 1048 2533 intelligamus
1105 2473 1295 2533 genus
1338 2456 1457 2516 hoc
1499 2475 1814 2520 sacrorum
1860 2477 1958 2519 or-

151 2558 580 2636 giasticorum,
639 2557 738 2617 cui
796 2552 1048 2638 Curetes
1094 2554 1393 2635 adscripti
1436 2567 1614 2632 sunt,
1675 2559 1808 2638 late„
1843 2579 1958 2641 per

154 2658 343 2722 Asiae
429 2675 568 2721 oras
644 2665 1057 2741 propagatum
1124 2656 1319 2719 fuisse
1388 2676 1502 2719 nec
1570 2658 1846 2719 alienum
1917 2679 1958 2718 a

157 2759 456 2821 Thraciae
524 2756 825 2838 gentibus.
922 2755 1239 2838 Additque
1295 2776 1469 2819 saera
1523 2758 1957 2838 hujuscemodi

153 2860 426 2942 propriis
481 2857 849 2940 quibusdam
908 2856 1202 2939 distingui
1256 2857 1612 2920 nominibus
1657 2868 1722 2919 et
1765 2861 1957 2923 culto-

157 2979 296 3020 rum
323 2968 386 3019 et
412 2959 699 3034 deorum3
746 2958 896 3019 deos
926 2958 1175 3039 quidem
1202 2960 1268 3017 in
1297 2977 1620 3019 commune
1645 2959 1956 3023 Bacchum

160 3070 224 3120 et
258 3058 551 3137 Cybelen
619 3059 731 3121 sed
801 3060 941 3120 aliis
1008 3061 1160 3121 locis
1220 3060 1400 3119 aliter
1451 3062 1702 3136 vocari,
1762 3061 1954 3123 Saba-

164 3159 360 3233 zium,
403 3160 839 3239 Dindymenen
855 3204 874 3235 ,
920 3157 1121 3239 Cotyn
1137 3205 1156 3235 ,
1199 3159 1589 3243 Bendinque3
1633 3164 1951 3243 praesules

288 3379 384 3434 [⁰⁰]
433 3379 614 3423 Coraius
648 3385 870 3427 τουτέστιν
901 3382 1205 3441 ἄλληγοριῶν,
1249 3382 1364 3438 quod
1392 3386 1459 3428 est
1490 3382 1802 3428 alienissimum.
