2184 3840
837 204 1288 250 onrnch.
1821 195 1944 258 855

165 337 499 415 pertineat,
542 352 631 393 -ex
685 352 777 401 eo,
810 332 1071 411 judicari
1115 343 1351 414 potest,
1395 334 1560 414 quod
1588 332 1818 406 ,Cicero
1864 339 1941 400 de

163 435 307 496 Div.
350 435 426 493 H.
453 433 554 492 64.
598 434 890 494 vaticinia
933 453 1044 515 per
1087 436 1351 514 quietem
1390 432 1639 514 accepta
1680 437 1935 514 perinde

161 533 417 592 obscura
473 541 534 591 et
560 580 565 584 .
587 532 882 611 perplexa
936 551 1071 593 esse
1115 531 1293 606 dicit,
1355 541 1425 594 ut
1466 536 1519 593 si
1563 535 1697 614 quis
1741 535 1932 596 medi-

158 650 260 691 cus
303 640 551 709 aegroto
594 632 858 712 imperet
903 643 970 693 ut
1011 643 1218 693 sumat

295 746 627 813 Terrigenam,
663 747 1027 814 herbigradam,
1066 749 1411 812 domiportam‚
1459 750 1693 814 sanguine
1729 766 1929 811 cassam,

150 845 359 922 potius
402 863 586 924 quam
629 846 947 936 bominum
992 865 1166 906 more
1209 844 1517 906 cochleam
1564 845 1741 907 dicat.
1801 847 1927 928 Ap-

151 953 330 1021 paret
371 946 536 1003 enim
580 946 695 1004 hac
734 945 1079 1024 periphrasi
1121 955 1404 1004 naturam
1438 945 1620 1022 hujus
1654 948 1929 1007 animan-

149 1043 258 1115 tis,
302 1045 390 1102 sic
431 1051 503 1102 ut
543 1045 607 1101 in
654 1044 894 1122 'griphis
938 1045 1068 1103 fieri
1111 1044 1269 1102 solet
1309 1047 1395 1121 (v.
1439 1042 1659 1102 Athen.
1705 1046 1780 1104 II.
1826 1045 1925 1105 63.

146 1141 242 1221 B.)
284 1161 397 1220 per
437 1145 644 1220 partes
688 1141 965 1202 describi.
1050 1141 1343 1222 Idemque
1387 1144 1583 1203 elucet
1632 1162 1707 1203 ex
1748 1143 1927 1204 Arte-

147 1240 372 1300 midori
426 1243 626 1319 capite
680 1241 979 1315 secundo,
1046 1242 1208 1321 quod
1255 1243 1395 1325 περὶ
1436 1247 1926 1325 θεωρηματικῶν
2002 1306 2008 1310 ,

145 1341 249 1402 καὶ
304 1342 721 1425 ἄλληγορικῶν
777 1343 1137 1421 inscriptum
1196 1352 1319 1414 est,
1381 1343 1603 1401 collato
1648 1361 1783 1402 cum
1827 1344 1926 1415 iis,

144 1458 300 1520 quae
357 1441 422 1498 in
478 1440 547 1498 L.
590 1439 694 1499 IV.
753 1461 799 1499 c.
843 1442 944 1500 22.
1000 1443 1140 1521 περὶ
1196 1450 1525 1528 συνταγῶν
1583 1441 1923 1515 traduntur,

142 1540 252 1599 ubi
315 1541 502 1598 homo
567 1542 940 1601 vanissimus
998 1541 1240 1619 collegis
1293 1543 1451 1615 suis,
1540 1542 1924 1601 oraculorum

144 1639 519 1699 medicorum
589 1639 1068 1717 subjectoribus,
1143 1642 1523 1719 pergraviter
1592 1652 1922 1714 succenset,

145 1741 248 1820 qui
301 1738 670 1818 Aesculapio
728 1750 791 1798 et
835 1739 1116 1818 Serapidi
1164 1751 1290 1798 tam
1332 1740 1595 1799 insulsas
1640 1738 1923 1816 affingant

144 1839 439 1899 formulas
508 1847 576 1896 ut
641 1815 821 1918 piper
877 1839 1108 1909 Ἰνδοὺς
1178 1837 1524 1910 δάκνοντας
1583 1842 1934 1911 nominent,

145 1949 485 1999 ostreorum
524 1956 771 1997 succum
807 1938 1146 2021 Νηρηίδων·
1166 1937 1395 2020 ζωμόν,
1440 1957 1642 1998 rorem
1670 1940 1919 2021 ἄστρων

147 2042 300 2122 αἷμα
321 2035 393 2120 [⁶]
451 2036 794 2117 cujusmodi
847 2038 1141 2098 formulas
1195 2049 1374 2116 negat
1417 2052 1684 2118 unquam
1729 2057 1767 2098 a
1801 2037 1919 2098 diis

145 2139 476 2200 salutiferis
535 2137 730 2197 editas
774 2154 936 2211 esse3
1004 2140 1119 2220 ὅρα
1162 2139 1231 2200 δὲ
1274 2137 1517 2202 τούτων
1560 2142 1647 2201 ἔτι
1688 2137 1919 2223 γελοιό-

146 2261 309 2322 τερα·
356 2239 700 2317 σκέπαρνον
739 2239 811 2300 τὸ
847 2235 1078 2319 κῴδιον
1114 2240 1227 2319 ἔφη
1258 2262 1369 2311 τις,
1414 2238 1539 2299 ἐπεὶ
1575 2239 1775 2301 σκέπει
1805 2239 1919 2301 τὸν

147 2342 335 2421 ἄρνα·
397 2336 545 2396 deos
602 2346 837 2409 autem,
884 2339 987 2416 qui
1030 2338 1268 2396 soleant
1309 2356 1422 2417 per
1463 2338 1769 2397 somnium
1812 2356 1918 2399 va-

148 2437 437 2497 letudinis
517 2436 892 2495 curationem
961 2435 1407 2516 praescribere,
1492 2436 1920 2497 incubantibus

145 2536 401 2599 candide
455 2535 959 2616 simpliciterque,
1017 2535 1162 2614 quid
1219 2556 1293 2595 ex
1348 2555 1463 2595 usu
1506 2536 1779 2597 futurum
1824 2539 1922 2610 sit,

145 2645 662 2720 praemonstrare;
718 2633 800 2695 ad
856 2653 1194 2710 summum,
1250 2638 1480 2715 inquit,
1524 2637 1678 2700 ὅταν
1722 2637 1921 2700 αἰνίσ-

147 2761 406 2811 σωνται,
451 2734 617 2800 πάνυ
663 2742 880 2818 σαφῶς
923 2736 1325 2810 αἰνίσσονται,
1372 2736 1541 2813 cujus
1585 2738 1675 2794 rei
1719 2755 1918 2795 exem-

148 2839 254 2919 plo
310 2845 610 2913 memorat
668 2835 957 2895 feminam
1018 2836 1322 2916 quandam
1381 2837 1446 2894 in
1502 2837 1756 2895 somniis
1815 2839 1919 2896 ovi

150 2956 481 2998 mammam
524 2935 644 2996 sibi
685 2936 979 3018 praebere
1022 2938 1220 2999 visam
1266 2936 1650 2996 convaluisse
1669 2981 1686 3010 ,
1731 2955 1918 3015 quum

151 3037 558 3116 plantaginem
629 3040 838 3120 (quam
896 3038 1114 3098 Graeci
1172 3035 1609 3120 ἅονόγλώσσον
1671 3039 1919 3114 vocant)

267 3219 334 3277 [ἃ]
395 3221 600 3264 Similiter
650 3220 890 3263 Herennius
944 3221 1067 3263 Philo
1115 3220 1300 3263 medicus
1355 3221 1434 3263 mel
1487 3224 1606 3278 νᾶμα
1658 3222 1919 3277 θυγατέρα»)

159 3274 320 3378 muoz)
360 3277 568 3380 etxzklifv'
575 3278 885 3381 egdesssmodo
929 3280 1284 3335 circumloquutus
1338 3285 1403 3322 est
1440 3279 1593 3322 Galen.
1641 3278 1691 3319 de
1739 3277 1917 3320 Medico.

163 3350 231 3376 er
317 3350 367 3378 oc
