2150 3814
254 169 417 231 1324
811 181 1045 226 menn
1103 181 1462 226 TERTIUS.

245 326 369 387 teS,
413 315 518 394 qui
560 310 726 390 apud
768 310 1032 387 Argivos
1074 317 1415 394 γυμνῆτες,
1461 311 1525 370 id
1561 322 1654 371 est
1687 312 1904 373 velites
1920 315 2012 398 [Ἴ.

242 415 446 494 Atque
486 413 586 470 hic
626 408 804 468 nobis
849 410 1110 469 occurrit
1150 426 1360 469 scurra
1401 411 1569 472 veles
1616 408 1737 471 Cic.
1770 413 1887 492 Ep.
1911 413 2017 473 IX.

243 515 342 578 20.
399 512 475 571 de
519 528 637 590 quo
675 510 815 586 jam.
850 509 1032 567 multi
1075 507 1390 584 dixerunt,
1445 521 1509 571 et
1548 511 1640 571 illi
1685 521 2021 572 castrenses

243 631 502 684 scurrae,
549 609 626 668 de
654 607 874 687 quibus
921 608 1248 685 Gregorius
1292 607 1443 670 Naz.
1489 610 1590 670 Or.
1635 610 1707 670 V.
1759 609 1896 671 155.
1939 612 2020 671 D.

244 721 373 775 τῶν
425 714 799 795 γελοιαστῶν
851 706 1202 791 βαρβάρων
1245 711 1304 771 οἳ
1344 716 1470 779 τοῖς
1515 718 1798 791 στρατοῖς
1841 714 2021 776 ἕπον-

240 837 344 874 ται
388 808 578 889 λύπης
619 832 685 869 τε
727 808 1105 893 ψυχαγωγία
1146 808 1251 875 καὶ
1292 800 1503 878 πόνοις
1545 809 1814 891 ἥδυσμα.
1900 812 2019 871 His

244 920 476 970 ceteros
536 907 822 967 militaris
878 907 1155 967 luxuriae
1211 910 1526 967 ministros
1582 908 1849 987 adjungo
1895 914 2021 970 mi-

242 1028 432 1083 moS,
491 1006 1086 1081 saltatriculas,
1140 1009 1844 1088 praestigiatores,
1889 1011 2021 1089 qui-

240 1110 356 1170 bus
401 1108 760 1167 Plutarchus
803 1109 870 1166 in
914 1105 985 1166 V.
1032 1105 1262 1168 Cleom.
1297 1107 1432 1166 XII.
1476 1108 1712 1167 nullum
1756 1109 1884 1168 fere
1919 1129 2020 1170 ex-

242 1211 495 1269 ercitum
541 1209 805 1267 caruisse
849 1206 1089 1280 scribit,
1132 1226 1318 1287 porro
1375 1217 1634 1267 scorta
1678 1208 2020 1290 (cinaedos)

246 1317 323 1366 et
391 1307 738 1372 calones,
802 1306 1117 1382 vulgarem
1201 1314 1536 1366 castrorum
1604 1307 1805 1366 labem
1877 1308 2022 1368 Flo-

239 1426 342 1466 rus
409 1406 571 1466 Hist.
627 1405 702 1464 II.
766 1404 860 1463 18.
923 1404 1019 1463 10.
1100 1405 1172 1463 cf.
1227 1405 1468 1464 Dukeri
1533 1417 1658 1466 not.
1728 1415 1790 1463 et
1842 1427 2022 1487 pro-

241 1508 662 1567 cacissima
717 1505 1053 1563 lixarum
1107 1505 1425 1582 ingenia
1480 1504 1669 1564 Tacit.
1727 1504 1888 1565 Hist.
1945 1509 2020 1567 II.

237 1608 340 1666 87.
398 1607 473 1666 cf.
520 1604 690 1665 Suid.
736 1623 783 1664 s.
827 1608 1062 1675 Λεῒξαι.
1119 1614 1435 1684 postremo
1492 1604 1788 1665 Ribaldos
1830 1606 2022 1667 medii

238 1709 406 1780 aevi,
465 1703 763 1766 Calonum
780 1748 798 1778 ‚
856 1705 1181 1777 lenonum,
1226 1723 1573 1764 scurrarum
1615 1724 1870 1765 munera
1914 1727 2019 1768 va-

236 1809 330 1866 ria
388 1806 740 1886 complexos
800 1823 857 1864 v.
900 1803 1136 1881 Menag.
1184 1803 1346 1882 Orig.
1405 1803 1483 1862 de
1525 1804 1588 1863 la
1628 1805 1786 1883 lang.
1830 1806 2018 1866 franc.

235 1927 295 1987 p.
352 1906 495 1966 623.
580 1903 668 1964 Hi
723 1904 908 1980 igitur
951 1912 1286 1963 castrorum
1332 1904 1641 1963 asseculae
1683 1905 2020 1982 lixabundi,

237 2005 569 2066 Calones
639 2003 1071 2081 famulique
1137 2003 1602 2083 metellique
1657 2006 2016 2066 caculae-

235 2125 378 2187 que
433 2113 595 2164 certe
647 2101 858 2162 idonei
898 2101 1188 2163 videntur
1230 2102 1449 2180 quibus
1493 2100 1866 2165 Cobalorum
1910 2125 2017 2168 no-

237 2225 379 2267 men
447 2205 582 2266 sive
646 2221 991 2262 scurrarum
1020 2202 1091 2282 [¹]
1148 2200 1482 2275 tribuatur,
1549 2222 1746 2284 neque
1801 2204 2016 2266 dubito

235 2308 382 2386 quin
426 2301 637 2364 Cicero
682 2321 871 2384 quum
914 2303 1026 2362 illa
1067 2302 1357 2363 scriberet
1399 2302 1516 2362 Me
1560 2313 1816 2364 autem
1861 2325 1899 2366 a
1941 2317 2017 2366 te

233 2416 317 2465 ut
360 2392 708 2465 ¹scurram
752 2403 1077 2464 velitem
1119 2403 1346 2463 malis
1395 2411 1799 2464 oneratum
1846 2425 2013 2467 esse

236 2523 385 2565 non
428 2504 756 2564 moleste
799 2503 980 2576 tuli,
1021 2503 1138 2561 hoc
1180 2504 1387 2583 potius
1430 2522 1651 2581 genus,
1696 2503 1859 2565 unde
1899 2524 2013 2565 nos

235 2622 475 2687 quoque
533 2620 762 2664 nomen
817 2603 885 2661 in
925 2603 1205 2662 homines
1249 2603 1456 2678 futiles
1500 2597 1863 2665 translatum
1904 2605 2010 2665 ha-

235 2708 450 2766 bemus
494 2701 916 2785 (Trossbube)‚
962 2720 1142 2782 quam
1186 2705 1524 2782 parasitum
1563 2707 1719 2783 jocis
1753 2705 2012 2766 velitan-

354 2907 432 2963 [V]
475 2906 726 2962 Lyctiorum
756 2900 1007 2961 καλοφόροι
1035 2902 1190 2946 Athen.
1223 2903 1299 2947 IV.
1336 2905 1431 2948 143.
1461 2907 1515 2948 B.
1548 2920 1649 2948 sane
1677 2904 1795 2960 ligna
1826 2906 1880 2948 ad
1910 2921 2009 2949 coe-

240 2981 335 3008 nam
365 2966 656 3022 apparandam
687 2968 941 3020 apportasse
971 2961 1192 3014 videntur,
1238 2963 1349 3005 sicut
1379 2964 1548 3006 calones
1588 2978 1756 3019 quoque
1794 2964 2003 3021 interpre—

237 3031 384 3067 tantur
414 3023 603 3066 nonnulli
630 3020 734 3071 τοὺς
764 3017 872 3070 ξύλα
903 3022 1123 3078 φέροντας
1152 3022 1227 3062 καὶ
1258 3016 1369 3065 ἄλλα
1393 3020 1476 3066 ὅσα
1509 3020 1746 3081 πρόςφορα
1784 3026 1845 3072 εἰς
1870 3026 2005 3078 ποίη-

237 3096 312 3126 σιν
335 3078 690 3142 χαρακώματος,
736 3086 783 3122 ut
813 3079 1053 3122 Pausaniae
1084 3079 1227 3121 verbis
1257 3086 1355 3122 utar
1386 3081 1459 3122 IV.
1491 3080 1530 3122 7.

352 3183 415 3239 [¹]
476 3182 679 3225 Anunian.
736 3169 984 3223 XXIX.‘4.
1027 3179 1066 3221 4.
1120 3181 1342 3223 venalia
1396 3181 1668 3224 ducentes
1727 3182 2005 3238 mancipia

237 3255 492 3291 scurrae,
534 3242 624 3283 sine
655 3240 786 3282 dubio
820 3244 915 3281 sunt
946 3239 1071 3282 lixae.
