<?xml version="1.0" encoding="UTF-8"?>
<!DOCTYPE html PUBLIC "-//W3C//DTD XHTML 1.0 Transitional//EN"
    "http://www.w3.org/TR/xhtml1/DTD/xhtml1-transitional.dtd">
<html xmlns="http://www.w3.org/1999/xhtml" xml:lang="en" lang="en">
 <head>
  <title>
</title>
<meta http-equiv="Content-Type" content="text/html;charset=utf-8" />
  <meta name='ocr-system' content='tesseract 3.04.00' />
  <meta name='ocr-capabilities' content='ocr_page ocr_carea ocr_par ocr_line ocrx_word'/>
</head>
<body>
  <div class='ocr_page' id='page_1' title='image "./aglaophamussived02lobeuoft_0074.png"; bbox 0 0 2184 3840; ppageno 0'>
   <div class='ocr_carea' id='block_1_1' title="bbox 273 235 1505 296">
    <p class='ocr_par' dir='ltr' id='par_1_1' title="bbox 273 235 1505 296">
     <span class='ocr_line' id='line_1_1' title="bbox 273 235 1505 296; baseline -0.01 0"><span class='ocrx_word' id='word_1_1' title='bbox 273 235 399 296; x_wconf 85' lang='lat'><strong>850</strong></span> <span class='ocrx_word' id='word_1_2' title='bbox 804 244 1033 289; x_wconf 75' lang='lat' dir='ltr'>LIBER</span> <span class='ocrx_word' id='word_1_3' title='bbox 1078 244 1505 289; x_wconf 74' lang='lat' dir='ltr'><strong>SECUNDUS.</strong></span> 
     </span>
    </p>
   </div>
   <div class='ocr_carea' id='block_1_2' title="bbox 261 370 2056 3439">
    <p class='ocr_par' dir='ltr' id='par_1_2' title="bbox 261 370 2056 3439">
     <span class='ocr_line' id='line_1_2' title="bbox 279 370 2047 452; baseline -0.006 -13"><span class='ocrx_word' id='word_1_4' title='bbox 279 386 542 452; x_wconf 81' lang='lat' dir='ltr'><strong>constat3</strong></span> <span class='ocrx_word' id='word_1_5' title='bbox 587 377 847 438; x_wconf 88' lang='lat' dir='ltr'><strong>eundem</strong></span> <span class='ocrx_word' id='word_1_6' title='bbox 885 376 1091 434; x_wconf 88' lang='lat' dir='ltr'><strong>Latini</strong></span> <span class='ocrx_word' id='word_1_7' title='bbox 1135 374 1397 434; x_wconf 90' lang='lat' dir='ltr'><strong>cillum</strong></span> <span class='ocrx_word' id='word_1_8' title='bbox 1443 386 1503 434; x_wconf 90' lang='lat' dir='ltr'><strong>et</strong></span> <span class='ocrx_word' id='word_1_9' title='bbox 1547 373 1939 435; x_wconf 82' lang='lat' dir='ltr'><strong>ane-arium</strong></span> <span class='ocrx_word' id='word_1_10' title='bbox 1983 370 2047 428; x_wconf 88' lang='lat' dir='ltr'><strong>id</strong></span> 
     </span>
     <span class='ocr_line' id='line_1_3' title="bbox 280 472 2049 555; baseline -0.005 -18"><span class='ocrx_word' id='word_1_11' title='bbox 280 487 372 539; x_wconf 91' lang='lat' dir='ltr'><strong>est</strong></span> <span class='ocrx_word' id='word_1_12' title='bbox 428 478 734 555; x_wconf 85' lang='lat' dir='ltr'><strong>bajulum,</strong></span> <span class='ocrx_word' id='word_1_13' title='bbox 790 476 985 535; x_wconf 84' lang='lat' dir='ltr'><strong>nostri</strong></span> <span class='ocrx_word' id='word_1_14' title='bbox 1038 472 1274 551; x_wconf 89' lang='lat' dir='ltr'>Aesopi</span> <span class='ocrx_word' id='word_1_15' title='bbox 1326 473 1512 534; x_wconf 90' lang='lat' dir='ltr'><strong>modo</strong></span> <span class='ocrx_word' id='word_1_16' title='bbox 1557 475 1899 534; x_wconf 84' lang='lat' dir='ltr'><strong>auritum</strong></span> <span class='ocrx_word' id='word_1_17' title='bbox 1943 489 2049 549; x_wconf 76' lang='lat' dir='ltr'><strong>ap-</strong></span> 
     </span>
     <span class='ocr_line' id='line_1_4' title="bbox 280 570 2050 659; baseline -0.006 -21"><span class='ocrx_word' id='word_1_18' title='bbox 280 578 591 659; x_wconf 83' lang='lat' dir='ltr'><strong>pellitant,</strong></span> <span class='ocrx_word' id='word_1_19' title='bbox 647 574 834 635; x_wconf 89' lang='lat' dir='ltr'><strong>modo</strong></span> <span class='ocrx_word' id='word_1_20' title='bbox 893 591 930 631; x_wconf 92' lang='lat' dir='ltr'><strong>a</strong></span> <span class='ocrx_word' id='word_1_21' title='bbox 983 573 1186 632; x_wconf 88' lang='lat' dir='ltr'><strong>colore</strong></span> <span class='ocrx_word' id='word_1_22' title='bbox 1243 576 1487 651; x_wconf 86' lang='lat' dir='ltr'><strong>murino</strong></span> <span class='ocrx_word' id='word_1_23' title='bbox 1540 592 1766 634; x_wconf 84' lang='lat' dir='ltr'><strong>nomen</strong></span> <span class='ocrx_word' id='word_1_24' title='bbox 1806 570 2050 630; x_wconf 88' lang='lat' dir='ltr'><strong>ducunt.</strong></span> 
     </span>
     <span class='ocr_line' id='line_1_5' title="bbox 283 671 2052 752; baseline -0.005 -16"><span class='ocrx_word' id='word_1_25' title='bbox 283 675 455 749; x_wconf 79' lang='lat' dir='ltr'><strong>Quae</strong></span> <span class='ocrx_word' id='word_1_26' title='bbox 501 677 712 733; x_wconf 87' lang='lat' dir='ltr'><strong>omnia</strong></span> <span class='ocrx_word' id='word_1_27' title='bbox 754 673 889 751; x_wconf 86' lang='lat' dir='ltr'><strong>quis</strong></span> <span class='ocrx_word' id='word_1_28' title='bbox 932 690 1056 731; x_wconf 93' lang='lat' dir='ltr'><strong>non</strong></span> <span class='ocrx_word' id='word_1_29' title='bbox 1092 672 1375 748; x_wconf 85' lang='lat' dir='ltr'><strong>intelligit</strong></span> <span class='ocrx_word' id='word_1_30' title='bbox 1407 683 1632 752; x_wconf 89' lang='lat' dir='ltr'><strong>quanto</strong></span> <span class='ocrx_word' id='word_1_31' title='bbox 1669 671 2052 752; x_wconf 80' lang='lat' dir='ltr'>expressiora</span> 
     </span>
     <span class='ocr_line' id='line_1_6' title="bbox 280 771 2052 852; baseline -0.004 -18"><span class='ocrx_word' id='word_1_32' title='bbox 280 777 404 834; x_wconf 88' lang='lat' dir='ltr'><strong>sint</strong></span> <span class='ocrx_word' id='word_1_33' title='bbox 445 783 790 852; x_wconf 89' lang='lat' dir='ltr'><strong>quantoque</strong></span> <span class='ocrx_word' id='word_1_34' title='bbox 830 771 1167 829; x_wconf 85' lang='lat' dir='ltr'><strong>illustriora</strong></span> <span class='ocrx_word' id='word_1_35' title='bbox 1210 789 1390 850; x_wconf 88' lang='lat' dir='ltr'><strong>quam</strong></span> <span class='ocrx_word' id='word_1_36' title='bbox 1434 773 1582 831; x_wconf 87' lang='lat' dir='ltr'><strong>haec</strong></span> <span class='ocrx_word' id='word_1_37' title='bbox 1625 773 1896 850; x_wconf 84' lang='lat' dir='ltr'><strong>legitima</strong></span> <span class='ocrx_word' id='word_1_38' title='bbox 1938 787 2052 828; x_wconf 86' lang='lat' dir='ltr'><strong>no·-</strong></span> 
     </span>
     <span class='ocr_line' id='line_1_7' title="bbox 282 867 2053 950; baseline -0.003 -18"><span class='ocrx_word' id='word_1_39' title='bbox 282 875 477 944; x_wconf 89' lang='lat' dir='ltr'><strong>mina‚</strong></span> <span class='ocrx_word' id='word_1_40' title='bbox 539 871 757 950; x_wconf 88' lang='lat' dir='ltr'><strong>quibus</strong></span> <span class='ocrx_word' id='word_1_41' title='bbox 812 871 876 929; x_wconf 92' lang='lat' dir='ltr'><strong>in</strong></span> <span class='ocrx_word' id='word_1_42' title='bbox 921 870 1094 929; x_wconf 89' lang='lat' dir='ltr'><strong>libris</strong></span> <span class='ocrx_word' id='word_1_43' title='bbox 1149 870 1379 929; x_wconf 86' lang='lat' dir='ltr'><strong>utimur</strong></span> <span class='ocrx_word' id='word_1_44' title='bbox 1423 879 1484 928; x_wconf 90' lang='lat' dir='ltr'><strong>et</strong></span> <span class='ocrx_word' id='word_1_45' title='bbox 1525 873 1591 929; x_wconf 89' lang='lat' dir='ltr'><strong>in</strong></span> <span class='ocrx_word' id='word_1_46' title='bbox 1635 867 2053 930; x_wconf 59' lang='lat' dir='ltr'><strong>orationibus?</strong></span> 
     </span>
     <span class='ocr_line' id='line_1_8' title="bbox 280 969 2055 1051; baseline -0.004 -18"><span class='ocrx_word' id='word_1_47' title='bbox 280 973 444 1033; x_wconf 87' lang='lat' dir='ltr'><strong>Hinc</strong></span> <span class='ocrx_word' id='word_1_48' title='bbox 497 981 559 1030; x_wconf 92' lang='lat' dir='ltr'><strong>et</strong></span> <span class='ocrx_word' id='word_1_49' title='bbox 610 979 833 1051; x_wconf 87' lang='lat' dir='ltr'><strong>poetae</strong></span> <span class='ocrx_word' id='word_1_50' title='bbox 887 970 1036 1028; x_wconf 90' lang='lat' dir='ltr'><strong>talia</strong></span> <span class='ocrx_word' id='word_1_51' title='bbox 1083 989 1219 1029; x_wconf 91' lang='lat' dir='ltr'><strong>cum</strong></span> <span class='ocrx_word' id='word_1_52' title='bbox 1268 970 1450 1047; x_wconf 87' lang='lat' dir='ltr'><strong>vulgo</strong></span> <span class='ocrx_word' id='word_1_53' title='bbox 1493 971 1890 1049; x_wconf 87' lang='lat' dir='ltr'><strong>participant,</strong></span> <span class='ocrx_word' id='word_1_54' title='bbox 1935 969 2055 1027; x_wconf 55' lang='lat' dir='ltr'><strong>asi-⁴</strong></span> 
     </span>
     <span class='ocr_line' id='line_1_9' title="bbox 281 1068 2054 1155; baseline -0.004 -24"><span class='ocrx_word' id='word_1_55' title='bbox 281 1090 430 1132; x_wconf 90' lang='lat' dir='ltr'><strong>num</strong></span> <span class='ocrx_word' id='word_1_56' title='bbox 485 1071 660 1144; x_wconf 83' lang='lat' dir='ltr'><strong>verbi</strong></span> <span class='ocrx_word' id='word_1_57' title='bbox 718 1088 900 1129; x_wconf 89' lang='lat' dir='ltr'><strong>causa</strong></span> <span class='ocrx_word' id='word_1_58' title='bbox 943 1068 1249 1155; x_wconf 73' lang='grc' dir='ltr'><strong>ὄγκηστήν</strong></span> <span class='ocrx_word' id='word_1_59' title='bbox 1293 1089 1430 1129; x_wconf 89' lang='lat' dir='ltr'><strong>cum</strong></span> <span class='ocrx_word' id='word_1_60' title='bbox 1472 1070 1596 1128; x_wconf 91' lang='lat' dir='ltr'><strong>illis</strong></span> <span class='ocrx_word' id='word_1_61' title='bbox 1640 1076 1949 1130; x_wconf 84' lang='lat' dir='ltr'><strong>vocantes.</strong></span> <span class='ocrx_word' id='word_1_62' title='bbox 1997 1085 2054 1128; x_wconf 82' lang='lat' dir='ltr'><strong>v.</strong></span> 
     </span>
     <span class='ocr_line' id='line_1_10' title="bbox 282 1168 2056 1248; baseline -0.003 -18"><span class='ocrx_word' id='word_1_63' title='bbox 282 1172 342 1230; x_wconf 89' lang='lat' dir='ltr'><strong>ll.</strong></span> <span class='ocrx_word' id='word_1_64' title='bbox 399 1191 479 1234; x_wconf 84' lang='lat' dir='ltr'><strong>cc.</strong></span> <span class='ocrx_word' id='word_1_65' title='bbox 526 1182 587 1243; x_wconf 87' lang='lat' dir='ltr'><strong>et</strong></span> <span class='ocrx_word' id='word_1_66' title='bbox 631 1171 755 1229; x_wconf 89' lang='lat' dir='ltr'><strong>alia</strong></span> <span class='ocrx_word' id='word_1_67' title='bbox 797 1170 1013 1230; x_wconf 88' lang='lat' dir='ltr'><strong>eodem</strong></span> <span class='ocrx_word' id='word_1_68' title='bbox 1058 1169 1265 1228; x_wconf 89' lang='lat' dir='ltr'><strong>modo.</strong></span> <span class='ocrx_word' id='word_1_69' title='bbox 1328 1168 1650 1229; x_wconf 59' lang='lat' dir='ltr'><strong>Hesiodus»</strong></span> <span class='ocrx_word' id='word_1_70' title='bbox 1685 1179 1756 1227; x_wconf 81' lang='lat' dir='ltr'><strong>ut</strong></span> <span class='ocrx_word' id='word_1_71' title='bbox 1796 1186 1912 1248; x_wconf 89' lang='lat' dir='ltr'><strong>pro</strong></span> <span class='ocrx_word' id='word_1_72' title='bbox 1956 1185 2056 1226; x_wconf 81' lang='lat' dir='ltr'><strong>co-</strong></span> 
     </span>
     <span class='ocr_line' id='line_1_11' title="bbox 283 1269 2055 1352; baseline -0.003 -22"><span class='ocrx_word' id='word_1_73' title='bbox 283 1271 456 1330; x_wconf 83' lang='lat' dir='ltr'><strong>chlea</strong></span> <span class='ocrx_word' id='word_1_74' title='bbox 498 1271 836 1352; x_wconf 71' lang='grc' dir='ltr'><strong><em>φερέοικος,</em></strong></span> <span class='ocrx_word' id='word_1_75' title='bbox 899 1287 1013 1349; x_wconf 87' lang='lat' dir='ltr'><strong>pro</strong></span> <span class='ocrx_word' id='word_1_76' title='bbox 1067 1269 1322 1328; x_wconf 82' lang='lat' dir='ltr'><strong>formica</strong></span> <span class='ocrx_word' id='word_1_77' title='bbox 1363 1270 1924 1350; x_wconf 52' lang='lat' dir='ltr'><strong>{Opcg‘usurpavin</strong></span> <span class='ocrx_word' id='word_1_78' title='bbox 1965 1269 2055 1326; x_wconf 77' lang='lat' dir='ltr'><strong>ita</strong></span> 
     </span>
     <span class='ocr_line' id='line_1_12' title="bbox 284 1370 2052 1450; baseline -0.002 -22"><span class='ocrx_word' id='word_1_79' title='bbox 284 1370 586 1450; x_wconf 82' lang='lat' dir='ltr'><strong>polypum</strong></span> <span class='ocrx_word' id='word_1_80' title='bbox 657 1387 1034 1442; x_wconf 88' lang='lat' dir='ltr'><strong>exossem‚</strong></span> <span class='ocrx_word' id='word_1_81' title='bbox 1101 1388 1354 1428; x_wconf 86' lang='lat' dir='ltr'><strong>manum</strong></span> <span class='ocrx_word' id='word_1_82' title='bbox 1424 1371 2052 1447; x_wconf 82' lang='lat' dir='ltr'><strong>quinqueramem</strong></span> 
     </span>
     <span class='ocr_line' id='line_1_13' title="bbox 284 1467 2056 1549; baseline -0.001 -21"><span class='ocrx_word' id='word_1_83' title='bbox 284 1470 826 1542; x_wconf 84' lang='lat' dir='ltr'><strong>transnominavit‚</strong></span> <span class='ocrx_word' id='word_1_84' title='bbox 892 1487 1152 1549; x_wconf 88' lang='lat' dir='ltr'><strong>quorum</strong></span> <span class='ocrx_word' id='word_1_85' title='bbox 1222 1479 1553 1549; x_wconf 90' lang='lat' dir='ltr'><strong>utrumque</strong></span> <span class='ocrx_word' id='word_1_86' title='bbox 1604 1469 1680 1526; x_wconf 93' lang='lat' dir='ltr'><strong>in.</strong></span> <span class='ocrx_word' id='word_1_87' title='bbox 1724 1467 2056 1528; x_wconf 74' lang='lat' dir='ltr'><strong>vernacula</strong></span> 
     </span>
     <span class='ocr_line' id='line_1_14' title="bbox 283 1567 2056 1646; baseline -0.002 -19"><span class='ocrx_word' id='word_1_88' title='bbox 283 1568 542 1636; x_wconf 83' lang='lat' dir='ltr'><strong>dialecto</strong></span> <span class='ocrx_word' id='word_1_89' title='bbox 603 1567 839 1626; x_wconf 82' lang='lat' dir='ltr'><strong>radices</strong></span> <span class='ocrx_word' id='word_1_90' title='bbox 900 1568 1186 1628; x_wconf 87' lang='lat' dir='ltr'><strong>habuisse</strong></span> <span class='ocrx_word' id='word_1_91' title='bbox 1242 1569 1514 1628; x_wconf 85' lang='lat' dir='ltr'><strong>indicant</strong></span> <span class='ocrx_word' id='word_1_92' title='bbox 1567 1585 1814 1646; x_wconf 78' lang='lat' dir='ltr'><strong>graecus</strong></span> <span class='ocrx_word' id='word_1_93' title='bbox 1839 1599 1841 1601; x_wconf 95' lang='lat'>·</span> <span class='ocrx_word' id='word_1_94' title='bbox 1869 1568 2056 1624; x_wconf 84' lang='lat' dir='ltr'><strong>inter-</strong></span> 
     </span>
     <span class='ocr_line' id='line_1_15' title="bbox 281 1664 2054 1748; baseline -0.001 -21"><span class='ocrx_word' id='word_1_95' title='bbox 281 1686 450 1748; x_wconf 84' lang='lat' dir='ltr'><strong>pres:</strong></span> <span class='ocrx_word' id='word_1_96' title='bbox 497 1666 786 1736; x_wconf 77' lang='grc' dir='ltr'><strong><em>ἀνόστεος</em></strong></span> <span class='ocrx_word' id='word_1_97' title='bbox 830 1667 1002 1738; x_wconf 70' lang='grc' dir='ltr'><em>ἰδίως</em></span> <span class='ocrx_word' id='word_1_98' title='bbox 1043 1669 1155 1732; x_wconf 81' lang='grc' dir='ltr'><strong>τὸν</strong></span> <span class='ocrx_word' id='word_1_99' title='bbox 1193 1667 1515 1730; x_wconf 71' lang='grc' dir='ltr'><strong><em>πολύποδα</em></strong></span> <span class='ocrx_word' id='word_1_100' title='bbox 1547 1664 2054 1745; x_wconf 62' lang='grc' dir='ltr'><strong><em>Λακεδαιμόνιοι,</em></strong></span> 
     </span>
     <span class='ocr_line' id='line_1_16' title="bbox 282 1765 2055 1848; baseline -0.001 -23"><span class='ocrx_word' id='word_1_101' title='bbox 282 1777 342 1825; x_wconf 89' lang='lat' dir='ltr'><strong>et</strong></span> <span class='ocrx_word' id='word_1_102' title='bbox 384 1766 731 1843; x_wconf 87' lang='lat' dir='ltr'><strong>Hesychius</strong></span> <span class='ocrx_word' id='word_1_103' title='bbox 767 1768 913 1847; x_wconf 81' lang='grc' dir='ltr'><strong>Ἐμῇ</strong></span> <span class='ocrx_word' id='word_1_104' title='bbox 957 1766 1263 1848; x_wconf 80' lang='grc' dir='ltr'><em>πεντόζῳ,</em></span> <span class='ocrx_word' id='word_1_105' title='bbox 1319 1765 1483 1846; x_wconf 90' lang='lat' dir='ltr'><strong>quod</strong></span> <span class='ocrx_word' id='word_1_106' title='bbox 1529 1775 1697 1824; x_wconf 87' lang='lat' dir='ltr'><strong>certe</strong></span> <span class='ocrx_word' id='word_1_107' title='bbox 1719 1783 1808 1824; x_wconf 78' lang='lat' dir='ltr'><strong>ex</strong></span> <span class='ocrx_word' id='word_1_108' title='bbox 1851 1777 2055 1824; x_wconf 84' lang='lat' dir='ltr'><strong>orato-</strong></span> 
     </span>
     <span class='ocr_line' id='line_1_17' title="bbox 280 1864 2052 1945; baseline -0.002 -19"><span class='ocrx_word' id='word_1_109' title='bbox 280 1886 414 1926; x_wconf 91' lang='lat' dir='ltr'><strong>rum</strong></span> <span class='ocrx_word' id='word_1_110' title='bbox 471 1867 718 1945; x_wconf 87' lang='lat' dir='ltr'><strong>scriptis</strong></span> <span class='ocrx_word' id='word_1_111' title='bbox 777 1874 1131 1944; x_wconf 86' lang='lat' dir='ltr'><strong>excerptum</strong></span> <span class='ocrx_word' id='word_1_112' title='bbox 1188 1883 1313 1924; x_wconf 91' lang='lat' dir='ltr'><strong>non</strong></span> <span class='ocrx_word' id='word_1_113' title='bbox 1367 1875 1477 1923; x_wconf 87' lang='lat' dir='ltr'><strong>est.</strong></span> <span class='ocrx_word' id='word_1_114' title='bbox 1599 1864 1896 1924; x_wconf 80' lang='lat' dir='ltr'><strong>Similiter</strong></span> <span class='ocrx_word' id='word_1_115' title='bbox 1949 1864 2052 1923; x_wconf 84' lang='lat' dir='ltr'><strong>ubi</strong></span> 
     </span>
     <span class='ocr_line' id='line_1_18' title="bbox 279 1963 2056 2047; baseline -0.001 -23"><span class='ocrx_word' id='word_1_116' title='bbox 279 1964 576 2024; x_wconf 83' lang='lat' dir='ltr'><strong>Pindarus</strong></span> <span class='ocrx_word' id='word_1_117' title='bbox 621 1976 863 2024; x_wconf 82' lang='lat' dir='ltr'><strong>taurum</strong></span> <span class='ocrx_word' id='word_1_118' title='bbox 907 1964 1292 2047; x_wconf 76' lang='grc' dir='ltr'><em>κραταίποὸα</em></span> <span class='ocrx_word' id='word_1_119' title='bbox 1336 1974 1519 2046; x_wconf 70' lang='lat' dir='ltr'><strong>Vocat</strong></span> <span class='ocrx_word' id='word_1_120' title='bbox 1563 1963 1658 2022; x_wconf 85' lang='lat' dir='ltr'><strong>Ol.</strong></span> <span class='ocrx_word' id='word_1_121' title='bbox 1701 1963 1868 2023; x_wconf 80' lang='lat' dir='ltr'><strong>XIII.</strong></span> <span class='ocrx_word' id='word_1_122' title='bbox 1919 1964 2056 2023; x_wconf 74' lang='lat' dir='ltr'><strong>ln.</strong></span> 
     </span>
     <span class='ocr_line' id='line_1_19' title="bbox 278 2063 2054 2145; baseline 0.001 -20"><span class='ocrx_word' id='word_1_123' title='bbox 278 2074 458 2125; x_wconf 87' lang='lat' dir='ltr'><strong>vetus</strong></span> <span class='ocrx_word' id='word_1_124' title='bbox 501 2063 861 2135; x_wconf 85' lang='lat' dir='ltr'><strong>adnotator,</strong></span> <span class='ocrx_word' id='word_1_125' title='bbox 916 2066 1144 2136; x_wconf 73' lang='grc' dir='ltr'><strong><em>οὕτως,</em></strong></span> <span class='ocrx_word' id='word_1_126' title='bbox 1187 2066 1413 2142; x_wconf 86' lang='lat' dir='ltr'><strong>inquit,</strong></span> <span class='ocrx_word' id='word_1_127' title='bbox 1458 2064 1688 2145; x_wconf 73' lang='grc' dir='ltr'><strong><em>Δελφοὶ</em></strong></span> <span class='ocrx_word' id='word_1_128' title='bbox 1729 2063 1901 2134; x_wconf 68' lang='grc' dir='ltr'><strong><em>ἰδίως</em></strong></span> <span class='ocrx_word' id='word_1_129' title='bbox 1941 2064 2054 2128; x_wconf 70' lang='grc' dir='ltr'><strong>τὸν</strong></span> 
     </span>
     <span class='ocr_line' id='line_1_20' title="bbox 278 2161 2052 2245; baseline 0.002 -21"><span class='ocrx_word' id='word_1_130' title='bbox 278 2170 541 2245; x_wconf 79' lang='grc' dir='ltr'><strong><em>ταῦρον·</em></strong></span> <span class='ocrx_word' id='word_1_131' title='bbox 618 2163 980 2223; x_wconf 89' lang='lat' dir='ltr'><strong>Aristoteles</strong></span> <span class='ocrx_word' id='word_1_132' title='bbox 1050 2163 1127 2222; x_wconf 89' lang='lat' dir='ltr'><strong>de</strong></span> <span class='ocrx_word' id='word_1_133' title='bbox 1188 2163 1406 2223; x_wconf 86' lang='lat' dir='ltr'><strong>Mirab.</strong></span> <span class='ocrx_word' id='word_1_134' title='bbox 1463 2184 1521 2222; x_wconf 54' lang='lat' dir='ltr'><strong>c.»</strong></span> <span class='ocrx_word' id='word_1_135' title='bbox 1573 2161 1839 2222; x_wconf 86' lang='lat' dir='ltr'>CXLIV.</span> <span class='ocrx_word' id='word_1_136' title='bbox 1893 2165 2052 2227; x_wconf 80' lang='grc' dir='ltr'><em>κατὰ</em></span> 
     </span>
     <span class='ocr_line' id='line_1_21' title="bbox 278 2260 2049 2347; baseline 0 -23"><span class='ocrx_word' id='word_1_137' title='bbox 278 2260 567 2346; x_wconf 76' lang='grc' dir='ltr'><em>γλῶσσάν</em></span> <span class='ocrx_word' id='word_1_138' title='bbox 611 2267 738 2325; x_wconf 75' lang='grc' dir='ltr'><strong><em>ἐστι</em></strong></span> <span class='ocrx_word' id='word_1_139' title='bbox 779 2271 908 2327; x_wconf 81' lang='grc' dir='ltr'><strong>τῶν</strong></span> <span class='ocrx_word' id='word_1_140' title='bbox 951 2267 1300 2347; x_wconf 75' lang='grc' dir='ltr'><em>Πεῤῥαβῶν</em></span> <span class='ocrx_word' id='word_1_141' title='bbox 1340 2264 1411 2326; x_wconf 84' lang='grc' dir='ltr'><strong>τὸ</strong></span> <span class='ocrx_word' id='word_1_142' title='bbox 1461 2262 1717 2345; x_wconf 81' lang='grc' dir='ltr'><em>αἱμάξαι</em></span> <span class='ocrx_word' id='word_1_143' title='bbox 1760 2266 2049 2345; x_wconf 73' lang='grc' dir='ltr'><strong><em>φοινῒξαι·</em></strong></span> 
     </span>
     <span class='ocr_line' id='line_1_22' title="bbox 278 2362 2052 2444; baseline 0.003 -26"><span class='ocrx_word' id='word_1_144' title='bbox 278 2379 400 2439; x_wconf 89' lang='lat' dir='ltr'><strong>quo</strong></span> <span class='ocrx_word' id='word_1_145' title='bbox 456 2363 521 2419; x_wconf 90' lang='lat' dir='ltr'><strong>in</strong></span> <span class='ocrx_word' id='word_1_146' title='bbox 567 2363 939 2422; x_wconf 85' lang='lat' dir='ltr'><strong>carminibus</strong></span> <span class='ocrx_word' id='word_1_147' title='bbox 994 2364 1149 2422; x_wconf 90' lang='lat' dir='ltr'><strong>nihil</strong></span> <span class='ocrx_word' id='word_1_148' title='bbox 1202 2364 1579 2444; x_wconf 86' lang='lat' dir='ltr'><strong>frequentius</strong></span> <span class='ocrx_word' id='word_1_149' title='bbox 1635 2373 1744 2422; x_wconf 85' lang='lat' dir='ltr'><strong>est.</strong></span> <span class='ocrx_word' id='word_1_150' title='bbox 1841 2362 2052 2423; x_wconf 90' lang='lat' dir='ltr'><strong>Homo</strong></span> 
     </span>
     <span class='ocr_line' id='line_1_23' title="bbox 277 2458 2053 2542; baseline 0.002 -24"><span class='ocrx_word' id='word_1_151' title='bbox 277 2458 614 2538; x_wconf 86' lang='lat' dir='ltr'><strong>Spartanus</strong></span> <span class='ocrx_word' id='word_1_152' title='bbox 633 2505 650 2534; x_wconf 89' lang='lat'>‚</span> <span class='ocrx_word' id='word_1_153' title='bbox 714 2481 866 2520; x_wconf 87' lang='lat' dir='ltr'><strong>unus</strong></span> <span class='ocrx_word' id='word_1_154' title='bbox 920 2462 1165 2522; x_wconf 89' lang='lat' dir='ltr'><strong>illorum</strong></span> <span class='ocrx_word' id='word_1_155' title='bbox 1221 2465 1326 2542; x_wconf 91' lang='lat' dir='ltr'><strong>qui</strong></span> <span class='ocrx_word' id='word_1_156' title='bbox 1380 2472 1725 2542; x_wconf 82' lang='lat' dir='ltr'><strong>expugnata</strong></span> <span class='ocrx_word' id='word_1_157' title='bbox 1778 2462 1940 2538; x_wconf 89' lang='lat' dir='ltr'><strong>Pylo.</strong></span> <span class='ocrx_word' id='word_1_158' title='bbox 1987 2464 2053 2522; x_wconf 91' lang='lat' dir='ltr'><strong>in</strong></span> 
     </span>
     <span class='ocr_line' id='line_1_24' title="bbox 277 2558 2054 2642; baseline 0.003 -25"><span class='ocrx_word' id='word_1_159' title='bbox 277 2558 546 2618; x_wconf 90' lang='lat' dir='ltr'><strong>hostium</strong></span> <span class='ocrx_word' id='word_1_160' title='bbox 581 2569 952 2640; x_wconf 90' lang='lat' dir='ltr'><strong>potestatem</strong></span> <span class='ocrx_word' id='word_1_161' title='bbox 997 2571 1313 2635; x_wconf 86' lang='lat' dir='ltr'><strong>venerant,</strong></span> <span class='ocrx_word' id='word_1_162' title='bbox 1359 2564 1670 2642; x_wconf 83' lang='lat' dir='ltr'><strong>quaerenti</strong></span> <span class='ocrx_word' id='word_1_163' title='bbox 1714 2562 1955 2622; x_wconf 72' lang='lat' dir='ltr'><strong>cuidam</strong></span> <span class='ocrx_word' id='word_1_164' title='bbox 1999 2568 2054 2624; x_wconf 67' lang='grc' dir='ltr'><strong>εἰ</strong></span> 
     </span>
     <span class='ocr_line' id='line_1_25' title="bbox 280 2659 2049 2747; baseline 0.002 -29"><span class='ocrx_word' id='word_1_165' title='bbox 280 2659 339 2719; x_wconf 86' lang='grc' dir='ltr'><strong>οἱ</strong></span> <span class='ocrx_word' id='word_1_166' title='bbox 380 2663 714 2730; x_wconf 72' lang='grc' dir='ltr'><strong><em>τεθνεῶτες</em></strong></span> <span class='ocrx_word' id='word_1_167' title='bbox 758 2662 968 2723; x_wconf 75' lang='grc' dir='ltr'>αὐτῶν</span> <span class='ocrx_word' id='word_1_168' title='bbox 1002 2662 1177 2723; x_wconf 80' lang='grc' dir='ltr'><strong><em>καλοὶ</em></strong></span> <span class='ocrx_word' id='word_1_169' title='bbox 1209 2662 1514 2747; x_wconf 66' lang='grc' dir='ltr'><strong>κᾶγαθοί,·</strong></span> <span class='ocrx_word' id='word_1_170' title='bbox 1558 2661 1881 2742; x_wconf 89' lang='lat' dir='ltr'><strong>respondit</strong></span> <span class='ocrx_word' id='word_1_171' title='bbox 1914 2681 2049 2721; x_wconf 89' lang='lat' dir='ltr'><strong>sen-</strong></span> 
     </span>
     <span class='ocr_line' id='line_1_26' title="bbox 278 2760 2049 2842; baseline 0.006 -26"><span class='ocrx_word' id='word_1_172' title='bbox 278 2760 540 2818; x_wconf 88' lang='lat' dir='ltr'><strong>tentiose</strong></span> <span class='ocrx_word' id='word_1_173' title='bbox 607 2778 720 2838; x_wconf 89' lang='lat' dir='ltr'><strong>pro</strong></span> <span class='ocrx_word' id='word_1_174' title='bbox 791 2779 962 2818; x_wconf 89' lang='lat' dir='ltr'><strong>more</strong></span> <span class='ocrx_word' id='word_1_175' title='bbox 1016 2765 1209 2839; x_wconf 87' lang='lat' dir='ltr'><strong>gentis</strong></span> <span class='ocrx_word' id='word_1_176' title='bbox 1265 2780 1629 2842; x_wconf 78' lang='lat' dir='ltr'><strong>severeque,</strong></span> <span class='ocrx_word' id='word_1_177' title='bbox 1683 2771 1910 2825; x_wconf 81' lang='grc' dir='ltr'><strong><em>πολλοῦ</em></strong></span> <span class='ocrx_word' id='word_1_178' title='bbox 1965 2762 2049 2825; x_wconf 70' lang='grc' dir='ltr'><strong>ἂν</strong></span> 
     </span>
     <span class='ocr_line' id='line_1_27' title="bbox 281 2858 2047 2949; baseline 0.004 -33"><span class='ocrx_word' id='word_1_179' title='bbox 281 2858 452 2926; x_wconf 80' lang='grc' dir='ltr'><strong><em>ἄξιον</em></strong></span> <span class='ocrx_word' id='word_1_180' title='bbox 523 2860 678 2922; x_wconf 80' lang='grc' dir='ltr'><strong><em>εἶναι</em></strong></span> <span class='ocrx_word' id='word_1_181' title='bbox 732 2858 844 2922; x_wconf 63' lang='grc' dir='ltr'><strong>τὸν</strong></span> <span class='ocrx_word' id='word_1_182' title='bbox 899 2862 1209 2943; x_wconf 77' lang='grc' dir='ltr'><strong><em>ἄτρακτον</em></strong></span> <span class='ocrx_word' id='word_1_183' title='bbox 1265 2863 1483 2949; x_wconf 76' lang='grc' dir='ltr'>(λέγων</span> <span class='ocrx_word' id='word_1_184' title='bbox 1538 2862 1651 2926; x_wconf 79' lang='grc' dir='ltr'><strong>τὸν</strong></span> <span class='ocrx_word' id='word_1_185' title='bbox 1706 2861 1941 2941; x_wconf 78' lang='grc' dir='ltr'><strong><em>οἰστόν)</em></strong></span> <span class='ocrx_word' id='word_1_186' title='bbox 1995 2868 2047 2923; x_wconf 73' lang='grc' dir='ltr'><strong>εἰ</strong></span> 
     </span>
     <span class='ocr_line' id='line_1_28' title="bbox 278 2956 2046 3044; baseline 0.002 -26"><span class='ocrx_word' id='word_1_187' title='bbox 278 2956 422 3026; x_wconf 83' lang='grc' dir='ltr'><strong><em>τοὺς</em></strong></span> <span class='ocrx_word' id='word_1_188' title='bbox 477 2959 761 3042; x_wconf 75' lang='grc' dir='ltr'><strong><em>ἀγαθοὺς</em></strong></span> <span class='ocrx_word' id='word_1_189' title='bbox 813 2959 1206 3044; x_wconf 74' lang='grc' dir='ltr'><em>ὃιεγίγνωσκε</em></span> <span class='ocrx_word' id='word_1_190' title='bbox 1265 2962 1537 3039; x_wconf 86' lang='lat' dir='ltr'><strong>Thucyd.</strong></span> <span class='ocrx_word' id='word_1_191' title='bbox 1594 2962 1697 3020; x_wconf 88' lang='lat' dir='ltr'><strong>IV.</strong></span> <span class='ocrx_word' id='word_1_192' title='bbox 1752 2961 1853 3021; x_wconf 88' lang='grc'><strong>40.</strong></span> <span class='ocrx_word' id='word_1_193' title='bbox 1896 2981 2046 3042; x_wconf 44' lang='lat' dir='ltr'><strong>poe*</strong></span> 
     </span>
     <span class='ocr_line' id='line_1_29' title="bbox 277 3056 2044 3141; baseline 0.005 -29"><span class='ocrx_word' id='word_1_194' title='bbox 277 3057 395 3113; x_wconf 84' lang='lat' dir='ltr'><strong>tico</strong></span> <span class='ocrx_word' id='word_1_195' title='bbox 452 3056 558 3114; x_wconf 90' lang='lat' dir='ltr'><strong>ille</strong></span> <span class='ocrx_word' id='word_1_196' title='bbox 613 3057 916 3121; x_wconf 83' lang='lat' dir='ltr'><strong>vocabulo</strong></span> <span class='ocrx_word' id='word_1_197' title='bbox 960 3077 1104 3118; x_wconf 88' lang='lat' dir='ltr'><strong>usus</strong></span> <span class='ocrx_word' id='word_1_198' title='bbox 1150 3060 1485 3141; x_wconf 89' lang='lat' dir='ltr'><strong>eodemque</strong></span> <span class='ocrx_word' id='word_1_199' title='bbox 1528 3062 1877 3122; x_wconf 88' lang='lat' dir='ltr'><strong>vernaculo.</strong></span> <span class='ocrx_word' id='word_1_200' title='bbox 1962 3063 2044 3120; x_wconf 85' lang='lat' dir='ltr'><strong>Et</strong></span> 
     </span>
     <span class='ocr_line' id='line_1_30' title="bbox 274 3152 2041 3240; baseline 0.005 -31"><span class='ocrx_word' id='word_1_201' title='bbox 274 3152 528 3212; x_wconf 87' lang='lat' dir='ltr'><strong>eandem</strong></span> <span class='ocrx_word' id='word_1_202' title='bbox 573 3155 695 3215; x_wconf 87' lang='lat' dir='ltr'><strong>fusi</strong></span> <span class='ocrx_word' id='word_1_203' title='bbox 738 3158 1200 3218; x_wconf 86' lang='lat' dir='ltr'><strong>similitudinem</strong></span> <span class='ocrx_word' id='word_1_204' title='bbox 1244 3162 1486 3220; x_wconf 88' lang='lat' dir='ltr'><strong>intuens</strong></span> <span class='ocrx_word' id='word_1_205' title='bbox 1523 3161 1713 3220; x_wconf 92' lang='lat' dir='ltr'><strong>Solon</strong></span> <span class='ocrx_word' id='word_1_206' title='bbox 1757 3161 1902 3240; x_wconf 88' lang='lat' dir='ltr'><strong>(nisi</strong></span> <span class='ocrx_word' id='word_1_207' title='bbox 1931 3160 2041 3219; x_wconf 83' lang='lat' dir='ltr'><strong>So-</strong></span> 
     </span>
     <span class='ocr_line' id='line_1_31' title="bbox 270 3251 2038 3335; baseline 0.005 -25"><span class='ocrx_word' id='word_1_208' title='bbox 270 3251 509 3329; x_wconf 88' lang='lat' dir='ltr'><strong>phistae</strong></span> <span class='ocrx_word' id='word_1_209' title='bbox 565 3256 883 3317; x_wconf 89' lang='lat' dir='ltr'><strong>inventum</strong></span> <span class='ocrx_word' id='word_1_210' title='bbox 940 3262 1055 3335; x_wconf 90' lang='lat' dir='ltr'><strong>est)</strong></span> <span class='ocrx_word' id='word_1_211' title='bbox 1110 3277 1255 3318; x_wconf 86' lang='lat' dir='ltr'><strong>axes</strong></span> <span class='ocrx_word' id='word_1_212' title='bbox 1312 3279 1456 3319; x_wconf 89' lang='lat' dir='ltr'><strong>suos</strong></span> <span class='ocrx_word' id='word_1_213' title='bbox 1514 3263 1683 3321; x_wconf 89' lang='lat' dir='ltr'><strong>sive</strong></span> <span class='ocrx_word' id='word_1_214' title='bbox 1728 3259 2038 3319; x_wconf 86' lang='lat' dir='ltr'><strong>tabulas</strong></span> 
     </span>
     <span class='ocr_line' id='line_1_32' title="bbox 261 3352 2036 3439; baseline 0.005 -30"><span class='ocrx_word' id='word_1_215' title='bbox 261 3352 497 3427; x_wconf 85' lang='lat' dir='ltr'><strong>juris,</strong></span> <span class='ocrx_word' id='word_1_216' title='bbox 556 3354 646 3412; x_wconf 92' lang='lat' dir='ltr'><strong>ad</strong></span> <span class='ocrx_word' id='word_1_217' title='bbox 702 3375 883 3434; x_wconf 84' lang='lat' dir='ltr'><strong>quas</strong></span> <span class='ocrx_word' id='word_1_218' title='bbox 940 3377 1552 3438; x_wconf 88' lang='lat' dir='ltr'><strong>unumquemque</strong></span> <span class='ocrx_word' id='word_1_219' title='bbox 1608 3378 1687 3418; x_wconf 89' lang='lat' dir='ltr'><strong>se</strong></span> <span class='ocrx_word' id='word_1_220' title='bbox 1746 3378 2036 3439; x_wconf 87' lang='lat' dir='ltr'><strong>compo-</strong></span> 
     </span>
    </p>
   </div>
  </div>
 </body>
</html>
