2184 3840
334 207 465 268 900
884 216 1108 262 mann
1148 199 1555 262 snctmnns.

336 359 428 409 est
477 357 547 408 ut
602 350 845 426 agnosci
901 349 1166 428 amplius
1220 359 1496 429 nequeat.
1598 349 1790 425 Roget
1841 365 1942 405 me
1996 349 2103 407 ali?

335 451 489 530 quis,
533 467 679 507 num
724 447 1130 524 Pythagoram
1172 446 1328 507 illud
1372 448 1449 508 de
1493 447 1679 510 valva
1722 445 2105 526 praedicasse

331 547 582 629 putem?
663 545 802 606 Non
860 547 1094 623 negabo
1154 545 1435 624 equidem
1490 558 1619 606 tum
1679 547 1955 605 omnium
2011 564 2105 604 ar·-
2183 560 2184 565 ’

331 650 515 719 tium,
578 656 707 704 tum
751 646 1017 703 maxime
1059 645 1488 724 philosophiae
1529 649 1707 706 initia
1750 646 2109 704 tenuissima

331 747 551 815 fuisse,
610 744 739 819 ejus
794 746 1153 822 praesertim
1212 763 1367 821 quae
1421 747 1485 803 in
1531 747 1954 824 quaestionum
2001 762 2108 802 na-

331 844 621 903 turalium
667 845 1029 899 tractatione
1072 852 1378 914 versatnr3
1438 861 1634 920 neque
1679 843 2107 917 dubitaverim,

331 944 478 1023 quin
548 951 715 1000 aetas
785 941 1046 1020 simplex
1103 943 1497 1019 omniumque
1551 961 1756 1000 rerum
1811 944 2106 1002 miraculo

332 1053 584 1120 stupens
651 1040 753 1100 vel
820 1040 1104 1099 herbulas
1162 1043 1310 1100 istas
1369 1041 1571 1118 aliquo
1629 1039 1843 1100 divino
1898 1043 2107 1118 vigore

333 1144 477 1202 cieri
546 1139 886 1199 crediderit.
999 1139 1230 1199 Verum
1292 1149 1497 1199 tamen
1551 1140 1616 1198 in
1675 1149 1847 1199 tanta
1900 1161 2105 1201 rerum

332 1242 889 1302 commenticiarum
956 1239 1350 1300 multitudine
1411 1248 1475 1298 et
1527 1240 1777 1298 testium
1831 1243 2106 1300 vanitate

330 1341 484 1401 nihil
527 1348 755 1397 temere
801 1338 1251 1401 affirmaverim.
1336 1339 1494 1400 Nam
1538 1342 1611 1410 si,
1644 1338 1951 1418 unidquid
1997 1360 2107 1399 un-

331 1459 512 1521 quam
579 1439 656 1497 de
723 1439 1119 1516 Pythagoreis
1187 1438 1500 1518 proditum
1573 1446 1695 1511 est,
1764 1437 1842 1496 ad
1899 1440 2105 1518 ipsum

330 1551 529 1600 sectae
586 1538 964 1598 conditorem
1022 1539 1349 1597 transferre
1406 1538 1700 1609 velimus,
1762 1538 1934 1598 nulla
1990 1541 2107 1599 erit

328 1651 455 1700 tam
500 1640 692 1700 futilis
737 1640 1121 1718 superstitio,
1168 1657 1320 1717 quae
1363 1654 1488 1695 non
1532 1637 1608 1695 ab
1653 1637 1762 1694 illo
1808 1641 2105 1716 prosemi-

327 1750 474 1798 nata
528 1738 812 1800 videatur
856 1758 924 1797 ac
968 1758 1043 1797 ne
1087 1739 1506 1798 commentarii
1552 1736 1794 1815 quidem
1843 1756 2103 1816 progno-

329 1840 496 1913 stici‚
550 1849 722 1898 rotae
778 1839 944 1899 vitae
1002 1849 1063 1897 et
1117 1841 1366 1911 mortis,
1419 1836 1695 1895 laterculi
1739 1841 2104 1914 geomantici
2156 1847 2163 1856 ‘

329 1948 389 1998 et
449 1937 807 2017 λαξευτήρια
865 1939 1227 2016 astrologica
1294 1956 1447 2017 quae
1507 1935 1704 1995 adhuc
1763 1938 1830 1995 in
1885 1937 2102 1998 biblio·

323 2038 514 2096 thecis
560 2038 921 2096 delitescunt
964 2038 1345 2115 Pythagorae
1388 2038 1711 2114 inscripta,
1769 2036 1949 2114 hujus
1994 2057 2102 2098 no-

324 2139 508 2196 minis
564 2137 862 2195 honorem
918 2137 1037 2195 sibi
1091 2139 1247 2215 eripi
1302 2138 1630 2214 patientur.
1729 2133 1866 2207 Quo
1913 2157 2100 2217 quum

322 2237 455 2294 sine
499 2235 916 2295 controversia
959 2234 1236 2293 exuenda
1278 2236 1420 2307 sint,
1466 2244 1668 2292 tamen
1713 2237 1951 2295 semina
1994 2238 2099 2299 ha-

321 2353 459 2394 rum
505 2336 864 2412 opinionum
910 2335 962 2392 si
1006 2352 1132 2392 non
1174 2334 1345 2415 prius
1403 2344 1562 2392 certe
1606 2333 2098 2398 Ptolemaeorum

323 2442 522 2492 aetate
570 2434 736 2510 jacta
791 2431 1090 2493 videmus,
1176 2432 1643 2492 Necromantiae
1687 2452 1723 2491 a
1766 2435 1964 2494 Persis
2009 2438 2096 2496 al-

318 2533 482 2592 latae
537 2531 943 2610 Pythagoram
999 2529 1304 2589 studuisse
1358 2530 1547 2590 tradit
1602 2530 1795 2591 Varro
1849 2533 2093 2613 Fragm.

316 2652 378 2713 p.
433 2632 575 2691 233.
637 2631 978 2709 (Augustin.
1035 2627 1167 2690 Civ.
1223 2629 1381 2690 VIII.
1427 2629 1553 2710 25.)
1608 2631 1752 2690 Duo
1801 2633 2091 2696 Varronis

316 2732 651 2792 familiares
695 2730 972 2807 Nigidius
1017 2740 1079 2788 et
1120 2729 1419 2803 VatiniuS‚
1463 2750 1719 2810 quorum
1766 2733 1919 2793 alter
1959 2754 2090 2795 ma-

315 2849 424 2890 nes
483 2832 697 2890 elicere
753 2828 873 2890 Cic.
924 2832 990 2888 in
1033 2828 1169 2888 Vat.
1225 2850 1271 2888 c.
1316 2830 1373 2889 6.
1419 2831 1572 2890 alter
1617 2851 1838 2912 pueros
1880 2835 2087 2895 incan-

316 2938 447 2989 tare
490 2931 760 3010 aliasque
804 2931 1063 3007 magicas
1109 2930 1921 3006 artescalleredicebatur,
1965 2933 2088 3010 Py-

314 3029 616 3108 thagoreis
652 3030 1041 3090 adnumerari
1081 3029 1293 3088 solent.
1338 3029 1936 3105 Arithmomantiam,
1981 3052 2082 3092 cu-

303 3129 406 3206 jus
449 3131 755 3211 specimen
800 3140 964 3191 extat
1005 3129 1135 3190 MS.
1164 3130 1542 3208 Pythagorae
1570 3132 1818 3190 nomine
1843 3131 1954 3212 [‘]‚
1999 3131 2079 3192 ad

364 3362 382 3401 t
423 3299 494 3399 [ιζ]
543 3300 610 3344 Cf.
650 3300 923 3358 Pythagorae
963 3300 1104 3372 Epist.
1144 3300 1224 3343 111.
1265 3315 1305 3357 p.
1347 3298 1414 3343 52.
1455 3302 1499 3342 et
1547 3313 1656 3356 quae
1698 3300 1956 3344 Schaeferua
1998 3301 2074 3343 ad·

308 3371 362 3400 no
384 3372 451 3400 avi
475 3390 484 3399 .
1907 3369 1911 3374 ·

2182 3105 2184 3124 1

2182 3126 2184 3152 1
