2150 3814
229 195 389 257 1198
778 207 1010 252 mann
1057 206 1423 280 TERTIUS.

226 339 544 400 Himerius
612 332 741 394 rem
811 352 924 394 sua
990 325 1289 393 memoria
1355 343 1585 412 gestam
1652 336 2000 396 nominibus

225 440 380 498 fictis
424 452 713 494 enarrans
755 433 915 493 hunc
956 452 995 492 a
1031 433 1418 494 Telchinibus
1463 435 1839 514 discerptum
1880 444 2000 494 tra-

227 537 337 610 dit,
381 554 504 594 non
548 534 627 593 ad
669 534 886 594 vivum
928 533 1188 591 resecari
1232 544 1502 612 oportet3
1545 534 1767 594 Bacchi
1806 535 2005 594 nomi-

227 658 303 696 ne
360 637 695 695 amicorum
752 634 1015 712 aliquem
1073 633 1398 708 significat,
1453 634 1812 695 Telchinum
1857 652 2004 694 vero

228 739 506 796 homines
550 731 963 813 τελχινώὸεις,
1007 739 1079 790 ut
1122 749 1311 811 supra
1354 731 1484 791 dixi
1526 733 1595 792 L.
1637 736 1712 794 Π.
1757 756 1817 815 p.
1864 733 2006 795 569.

229 836 409 894 amici
466 836 563 893 sui
619 834 1125 905 calumniatores,
1180 849 1564 912 nequaquam
1620 836 1847 894 inscius
1894 854 2009 895 ¹ve-

227 953 364 994 rum
421 933 763 994 Bacchum·
793 950 830 992 a
901 931 1230 992 Titanibus
1290 934 1554 992 occisum
1611 950 1774 1006 esse,
1843 932 2011 1011 quod

231 1033 516 1092 omnibus
585 1042 717 1092 erat
783 1033 1175 1092 notissimum
1243 1032 1354 1092 sed
1422 1034 1747 1109 allegoriae
1804 1034 2012 1092 minus

228 1145 459 1212 aptum.
562 1132 772 1211 Neque
827 1150 1183 1211 sequemur,
1242 1135 1296 1191 si
1354 1135 1523 1211 quis,
1579 1133 1726 1212 quia
1770 1130 2013 1190 Telchis

226 1231 497 1311 Apidem
551 1231 929 1291 interfecisse
984 1229 1240 1304 dicitur,
1291 1232 1446 1310 Apis
1501 1250 1652 1292 vero
1697 1231 2010 1290 nonnullis

224 1329 392 1389 idem
460 1328 710 1388 videtur
776 1331 1104 1408 EpaphuS‚
1173 1331 1422 1410 Epaphi
1489 1341 1698 1391 autem
1763 1332 2013 1391 nomine

227 1426 484 1508 quidam·
535 1428 887 1504 Dionysum
949 1430 1273 1506 significari
1330 1429 1616 1504 credunt,
1672 1431 1770 1489 his
1812 1431 2012 1507 longis

228 1526 587 1604 ambagibus
633 1545 706 1585 eo
750 1543 864 1587 nos
897 1527 1198 1588 deducere
1228 1539 1499 1602 conetur,
1543 1539 1614 1589 ut
1639 1528 1802 1589 hunc
1825 1528 2013 1589 deum

227 1647 265 1687 a
320 1625 713 1686 Telchinibus
773 1628 1145 1689 trucidatum
1202 1647 1337 1689 esse
1379 1629 1809 1714 intelligamus.
1851 1628 2014 1690 Nam

226 1727 376 1786 haec
419 1728 885 1803 argumentandi
926 1732 1120 1802 ratio,
1166 1748 1287 1808 qua
1329 1731 1670 1809 permixtae
1725 1728 2016 1792 diversis-

227 1828 524 1886 simorum
594 1829 959 1906 scriptorum
1029 1831 1412 1906 conjecturae
1462 1832 1531 1888 in
1586 1848 1778 1889 unum
1837 1830 2015 1910 quasi

229 1928 475 1985 cinnum
535 1925 1018 2001 confunduntur,
1099 1947 1223 1988 non
1290 1931 1492 1988 minus
1559 1931 1853 2008 perversa
1907 1936 2014 1987 ‘est

228 2042 410 2104 quam
469 2026 524 2082 si
581 2027 716 2104 quis
772 2045 962 2104 vagas
1018 2026 1418 2107 dissonasque
1459 2030 1890 2087 historicorum
1935 2027 2013 2086 de

226 2125 435 2183 Masca
470 2124 672 2183 ferrea
700 2128 1079 2205 suspiciones
1123 2129 1212 2186 ita
1256 2129 1554 2200 conciliet,
1599 2137 1672 2186 ut
1713 2127 1791 2187 ab
1817 2130 2012 2187 omni-

227 2223 340 2282 hus
398 2241 589 2283 unum
648 2224 813 2285 dicat
866 2227 1148 2287 denotari
1191 2228 1569 2300 hominem,
1598 2226 1884 2338 diversis
1886 2245 2013 2286 no-

228 2324 501 2384 minibus
545 2325 913 2403 praeditum.

1731 2465 1760 2485 p»

1017 2509 1069 2587 ξ.
1157 2511 1213 2568 6.

392 2677 628 2755 Agmen
687 2677 1328 2758 clauduntJohannes
1375 2679 1632 2739 Tzetzes
1680 2662 1751 2736 vet
1792 2671 2010 2738 Eusta-

226 2778 422 2849 thius,
483 2797 742 2856 quorum
792 2780 906 2852 ,ille
961 2781 1027 2838 in
1072 2781 1271 2859 capite
1315 2780 1453 2863 περὶ
1498 2777 1862 2861 ἀλαστόρων
1905 2778 2010 2840 καὶ

224 2877 637 2962 παλαμναίων
683 2876 836 2938 Chil.
883 2879 1010 2938 VH.
1052 2879 1187 2939 123.
1235 2880 1384 2940 haec
1427 2880 1683 2960 exponit
1726 2875 2008 2939 versibus

223 2976 588 3037 suavidiciS.
1458 2966 1460 2969 ¹
2002 2963 2004 2966 V

362 3094 596 3155 Τελχῖνες
631 3083 761 3157 ἦσαν
799 3089 863 3159 δη
901 3113 1028 3163 τινες
1063 3096 1163 3143 τῶν
1201 3096 1471 3162 φθονερῶν
1507 3086 1786 3157 δαιμόνων,

354 3171 611 3239 Ἀνταῖος,
650 3173 1014 3245 Μεγαλήσιος,
1044 3174 1292 3246 Ὅρμενός
1328 3198 1378 3229 τε
1417 3178 1499 3228 καὶ
1536 3171 1736 3238 Λύκος,

357 3259 439 3308 καὶ
477 3256 540 3325 δὴ
578 3255 753 3338 Νικῷν
789 3282 840 3313 τε
878 3262 962 3312 καὶ
999 3259 1196 3327 Μιμών
1232 3262 1315 3313 καὶ
1352 3260 1512 3331 ἕτεροι
1548 3259 1642 3312 σὺν
1677 3278 1893 3319 του.τοις

356 3362 412 3391 οι
417 3363 490 3391 τοι
536 3341 718 3409 στυγός
755 3365 826 3396 ττι
861 3343 1006 3397 {idam
1045 3345 1301 3414 ῥαίνοντες
1332 3351 1422 3412 γῆν
1459 3342 1736 3412 ἧκάρπουν

2146 2591 2150 2687 Ξ

2144 2735 2150 2776 ι’
