2150 3814
165 164 330 229 1156
744 177 988 223 121131311
1031 177 1403 223 ruamus,

873 404 1063 468 CAP.
1151 407 1257 467 111.

396 548 539 606 De
624 544 1049 607 Idaeis
1135 547 1742 627 Dactyli&

969 745 1023 827 ξ.
1117 748 1168 806 1.

349 914 582 977 Suidae
622 918 981 977 testimonio
1024 917 1203 978 nobis
1231 918 1505 978 innotuit
1529 918 1817 978 carminis
1841 916 1966 978 He-

181 1014 382 1079 siodei
436 1017 756 1098 inscriptio
811 1019 951 1102 περὶ
1001 1017 1246 1084 Ἰδαίων
1289 1017 1632 1083 Δακτύλων
1643 1062 1661 1093 ,
1722 1015 1971 1078 Creten-

185 1121 348 1180 sium
391 1135 471 1177 an
514 1106 921 1195 phrygiorum
938 1159 957 1193 ,
1016 1119 1182 1179 haud
1225 1119 1405 1179 facile
1448 1119 1616 1179 dictu
1629 1137 1651 1194 ;⁴
1687 1137 1833 1179 nam
1879 1128 1972 1178 to-

185 1227 323 1279 tum
393 1220 690 1279 amissum
761 1226 871 1277 est.
971 1218 1097 1278 Sed
1164 1219 1382 1279 eodem
1438 1229 1688 1280 auctore
1742 1219 1975 1278 Plinius

187 1318 490 1395 Dactylos
559 1315 777 1376 Cretae
839 1318 1029 1376 infert
1084 1318 1216 1378 VII.
1275 1319 1373 1380 57.
1436 1339 1475 1380 a
1489 1339 1563 1387 es
1623 1339 1654 1379 c
1669 1336 1706 1378 o
1720 1337 1763 1377 n
1775 1318 1836 1378 fl
1849 1337 1928 1378 ar
1943 1338 1978 1377 e

190 1426 265 1476 et
343 1426 785 1496 temperare
866 1416 1351 1478 Aristoteles
1431 1418 1725 1495 Lydum
1806 1419 1979 1496 Scy-

191 1516 375 1577 then
456 1526 967 1591 monstrasse,
1049 1517 1641 1598 Theophrastus
1709 1518 1983 1578 Delam

168 1629 171 1631 ’
191 1616 569 1695 Phrygem
637 1626 896 1698 putat,
967 1620 1348 1678 aerariam
1405 1618 1786 1678 fabricam
1843 1618 1990 1677 alii

198 1714 632 1795 Chalybas,
704 1719 848 1778 alii
906 1716 1320 1800 Cyclopas3
1377 1718 1665 1778 ferrum
1718 1717 1988 1779 Hesio—

200 1814 340 1876 dus
407 1819 485 1877 in
552 1815 787 1878 Creta
841 1829 970 1879 eos
1029 1821 1158 1899 qui
1218 1820 1481 1879 vocati
1537 1829 1717 1878 sunt
1771 1817 1992 1878 Idaei

200 1915 261 1975 D
277 1934 315 1976 a
329 1925 400 1976 ct
413 1937 456 1994 y
472 1918 546 1976 li.
603 1919 724 1978 nisi
776 1919 882 1977 ille
897 1963 914 1992 ,
972 1938 1125 1999 quos
1183 1917 1496 1978 Hesiodus
1553 1919 1842 1997 ambiguo
1886 1936 1998 1977 no-

203 2017 372 2076 mine
414 2016 634 2078 Idaeos
681 2029 1032 2093 vocaverat,
1077 2037 1190 2078 suo
1237 2019 1492 2078 arbitrio
1536 2018 1686 2078 Idae
1721 2016 1996 2079 Creticae

206 2116 549 2192 assignavit
590 2128 661 2177 ut
702 2121 948 2178 notiori.
1038 2117 1163 2178 Sed
1217 2119 1402 2178 aliam
1447 2117 1715 2178 Hesiodi
1757 2129 1999 2178 senten-

195 2217 360 2276 -tiam
421 2213 705 2278 Clemens
761 2219 936 2279 affert
993 2219 1220 2279 Strom.
1277 2220 1324 2279 Ι.
1384 2218 1527 2278 362.
1585 2218 1782 2300 (307.)
1847 2219 2002 2282 Κέλ-

208 2342 313 2399 μις
341 2345 344 2347 Α
381 2319 488 2380 καὶ
543 2320 993 2402 Δαμναμενεὺς
1060 2323 1120 2382 οἱ
1181 2327 1312 2384 τῶν
1359 2319 1606 2383 Ἰδαίων
1659 2317 2004 2383 Δακτύλων

214 2424 450 2497 πρῶτοι
506 2422 574 2482 ἐν
628 2418 866 2503 Κύπρῳ
922 2421 1036 2483 τὸν
1094 2419 1354 2502 σίδηρον
1406 2416 1608 2500 εὗρον.
1682 2422 1893 2488 ’Άλλος
1935 2417 2004 2481 δὲ

207 2515 431 2586 Ἰδαῖος
459 2519 533 2598 [³]
616 2515 754 2601 εὗρε
815 2528 1055 2599 χαλκοῦ
1122 2527 1350 2602 κρᾶσιν
1362 2567 1382 2593 ,
1451 2520 1536 2590 ὥς
1590 2517 1660 2582 δὲ
1707 2518 2011 2592 Ἡσίοδος,

217 2613 504 2696 Σκύθης,
550 2619 884 2680 excusabili
928 2620 1361 2700 discrepantia,
1407 2621 1701 2700 quoniam
1726 2617 2009 2679 Hesiodo

223 2799 544 2860 Κορυβάντων.
615 2805 882 2862 Hesychius:
927 2802 1093 2866 Κόρμα
1134 2804 1162 2860 ἡ
1210 2807 1290 2850 τοῦ
1332 2803 1557 2866 κόρματος
1597 2805 1675 2848 καὶ
1715 2804 2011 2862 κορυβαντίας

228 2861 362 2904 αἰτία.
422 2861 548 2905 Haec
578 2869 622 2906 et
651 2865 831 2918 similia,
874 2879 986 2920 quae
1015 2864 1171 2921 partim
1201 2865 1387 2922 intelligi
1416 2880 1501 2907 non
1542 2869 1722 2921 possunt
1757 2863 1914 2918 partim
1954 2862 2011 2904 ad
2106 2859 2110 2862 ’

226 2923 464 2963 ceterorum
504 2922 769 2966 intellectum
807 2923 914 2966 nihil
955 2925 1200 2975 conferunt,
1241 2925 1381 2967 sciens
1417 2929 1660 2981 praetereo.
1734 2921 1830 2964 Nec
1867 2920 2014 2964 Servii

228 2978 343 3019 ratio
374 2979 574 3023 habenda
604 2982 659 3024 ad
690 2984 796 3024 Aen.
826 2983 908 3024 ΙΙΙ.
940 2983 1038 3025 111.
1084 2982 1190 3024 alii
1229 2983 1599 3040 Corybantes
1641 2980 1708 3022 ab
1751 2993 1880 3021 aere
1916 2993 2011 3035 ap-

230 3035 488 3134 gellatos
524 3041 665 3095 quod
709 3041 851 3097 apud
885 3041 1127 3097 Cyprum
1160 3055 1309 3083 mons
1340 3043 1417 3084 sit
1447 3040 1595 3083 aeris
1626 3041 1812 3091 ferax,
1856 3052 2011 3094 quem

285 3096 439 3151 yprii
481 3097 705 3142 Corium
751 3106 975 3142 vocant.

352 3153 431 3209 [a]
479 3154 694 3200 Eusebius
723 3158 884 3215 Praep.
913 3158 1002 3202 Ev,
1039 3157 1094 3200 X.
1127 3157 1168 3200 6.
1200 3155 1300 3201 475.
1365 3159 1527 3216 Τέλμις
1567 3158 1645 3199 καὶ
1685 3153 2016 3214 Λαμναμενεὺς

234 3210 280 3253 οἱ
307 3213 399 3253 τῶν
423 3212 655 3259 Ἰουδαίων
684 3213 911 3260 Δάκτυλοι
940 3219 1111 3276 πρῶτοι
1140 3242 1197 3247 -
1228 3219 1374 3266 Δέλας
1405 3215 1454 3260 δὲ
1481 3215 1654 3270 Ἰδαῖος,
1685 3215 1731 3256 id
1761 3219 1828 3256 est
1848 3214 2015 3268 thx,

237 3274 287 3312 ut
317 3269 611 3327 Theophrasti
640 3277 776 3318 verba
804 3277 973 3318 docent.
1030 3275 1102 3317 Illi
1131 3275 1287 3318 Judaei
1317 3275 1493 3330 Dactyli
1525 3279 1738 3330 apparent
1777 3273 1906 3316 etiam
1946 3285 2014 3327 ap.

237 3327 398 3372 Zenob.
430 3330 505 3372 lv.
545 3332 612 3374 80.
652 3340 696 3376 et
714 3341 903 3388 ,antrum
944 3333 1065 3378 Jovis
1103 3334 1310 3377 Judaeum
1353 3334 1499 3390 Etym.
1543 3332 1667 3374 Leid.
1709 3347 1776 3390 ap.
1823 3331 2012 3384 Lennep.
