2150 3814
231 203 395 265 1176
778 220 1011 263 tisim
1071 221 1433 264 'ricRTan

223 367 359 408 rum
421 349 746 425 religiones
806 338 1074 426 viguisse
1131 359 1192 407 et
1247 369 1349 409 eas
1421 350 1699 430 quidem,
1767 361 1836 409 ut
1901 355 1999 412 vir

225 448 442 508 doctus
487 457 830 518 asseverat,
887 449 1308 526 augustiores?
1393 449 1695 530 Equidem
1753 469 1832 521 ne
1890 451 1999 509 Sa-

222 549 601 608 mothraciae
675 544 919 624 quidem
991 546 1408 608 concedendas
1475 550 1737 610 arbitror
1794 559 2002 630 spreta

222 648 741 724 Pragmaticorum
801 645 1040 719 fabula,
1103 666 1285 726 quam
1355 649 1672 709 Diodorus
1700 657 1704 662 “
1728 654 2002 728 sequitur

221 746 294 805 V.
338 746 439 805 64.
526 743 826 820 Dactylos
867 747 1103 823 primos
1150 744 1366 806 Cretae
1408 750 1642 809 incolas
1699 767 1851 828 quos
1895 749 2002 807 alii

222 846 434 905 decem
477 845 667 904 fuisse
711 843 988 919 tradant,
1048 847 1156 906 alii
1202 856 1477 921 centum,
1522 848 1756 908 artibus
1811 850 2002 925 magi-

220 948 305 1006 cis
352 955 413 1005 et
455 948 766 1023 mysteriis
813 965 1068 1027 operam
1127 946 1372 1007 dedisse
1426 949 1530 1010 καὶ
1585 949 1724 1031 περὶ
1781 957 2002 1028 Σαμο-

219 1045 468 1130 θρᾴκην
524 1047 979 1131 διατρίψαντας
1037 1049 1111 1110 οὐ
1168 1047 1430 1131 μετρίως
1485 1052 1552 1111 ἐν
1606 1048 1847 1119 τούτοις
1906 1053 2002 1110 ἐκ-

219 1145 501 1226 πλήττειν
571 1148 717 1217 τοὺς
789 1147 1155 1232 ἐγχωρίους,
1235 1167 1566 1228 eorumque
1634 1148 2002 1229 discipulum

220 1245 533 1329 Orpheum
580 1247 796 1306 teletas
838 1247 1180 1306 instituisse
1237 1258 1298 1306 et
1353 1249 1768 1328 mysteria'ffl.
1864 1247 2004 1308 Hoc

219 1345 527 1422 ejusmodi
585 1357 709 1418 est,
777 1357 845 1404 ut
901 1347 955 1404 si
1013 1345 1260 1404 aliunde
1318 1348 1743 1408 confirmatum
1800 1348 2004 1419 fuerit,

218 1444 518 1521 Dactylos
565 1444 1050 1504 Samothraciam
1098 1447 1405 1523 attigisse,
1449 1447 1665 1506 saltem
1709 1447 2004 1526 probabi-

216 1545 357 1603 liter
410 1545 620 1604 fictum
678 1544 879 1606 videri
933 1548 1161 1625 possin
1231 1565 1346 1625 pro
1407 1547 1761 1606 testimonio
1831 1547 2000 1605 nullo

216 1643 406 1705 modo
450 1645 661 1706 valere
714 1654 940 1726 potest.
1035 1645 1246 1725 Neque
1300 1646 1394 1705 illi
1451 1648 1645 1724 ignoti
1702 1654 2002 1718 auctores,

217 1746 322 1825 qui
367 1742 657 1819 Cabiros,
711 1746 1043 1824 DactyloS,
1090 1743 1509 1823 Corybantes,
1558 1743 1813 1806 Curetes
1855 1746 2002 1815 τοὺς

218 1843 446 1915 αὐτούς
488 1846 679 1904 fuisse
736 1845 1021 1907 dictitant
1077 1847 1275 1906 Strab.
1333 1867 1395 1926 p.
1458 1845 1594 1906 157.
1652 1847 1746 1905 his
1802 1845 2002 1904 omni-

216 1944 330 2004 bus
388 1964 574 2005 unam
644 1947 909 2025 patriam
966 1948 1278 2024 assignant
1347 1947 1833 2006 Samothraciam
1890 1945 2000 2003 sed

215 2046 678 2124 antiquissimos
723 2045 980 2105 deorum
1031 2047 1292 2106 cultores
1349 2067 1569 2124 genere
1623 2043 2002 2105 sacrificandi

215 2145 442 2206 festivo
499 2153 562 2203 et
614 2145 999 2204 tumultuoso
1043 2147 1198 2204 inter
1245 2165 1312 2205 se
1358 2148 1718 2206 convenisse
1763 2144 1998 2204 docent.

215 2246 359 2305 Alia
402 2255 496 2304 est
537 2243 769 2322 Nigidii
811 2248 991 2304 ratio.
1047 2246 1358 2305 Arnobius
1402 2247 1505 2304 III.
1551 2267 1597 2305 c.
1643 2245 1743 2304 41.
1816 2244 1999 2304 Pos-

215 2363 477 2406 sumus
523 2344 614 2404 de
655 2344 994 2404 Laribus
1038 2348 1484 2406 summatim
1530 2343 1838 2425 aliquid
1883 2343 2000 2404 di-

216 2465 389 2505 cere
433 2463 624 2525 quos
669 2445 1120 2505 arbitratur
1163 2447 1450 2524 vulgus
1495 2447 1851 2506 vicorum
1896 2453 1998 2504 at-

215 2565 359 2627 que
400 2547 777 2605 itinerum
818 2544 1005 2604 deos
1051 2563 1223 2605 esse
1269 2565 1356 2605 ex
1400 2565 1487 2605 eo
1520 2544 1726 2625 quod
1757 2545 1996 2604 Grae-

335 2731 414 2789 [s]
462 2732 590 2774 Hunc
619 2731 757 2775 locum
786 2710 1009 2775 Freretius
1040 2731 1096 2774 T.
1126 2731 1291 2774 XXIII.
1366 2729 1478 2773 ..33
1523 2735 1568 2774 et
1607 2729 1831 2774 Hoeckius
1873 2729 1996 2772 nimis

217 2790 372 2848 cupide
412 2790 591 2848 Ephoro
632 2790 884 2846 assignant,
927 2791 1048 2846 cujus
1084 2790 1229 2847 paullo
1271 2797 1371 2833 ante
1410 2790 1591 2832 affertur
1629 2790 1866 2841 sententia,
1906 2787 1995 2831 Mi-

216 2864 339 2893 noem
369 2864 464 2892 eum
493 2849 693 2906 Dactylis
721 2850 765 2891 in
792 2850 1014 2906 Europam
1042 2850 1358 2902 transinisisse3
1390 2863 1503 2905 quae
1531 2853 1791 2904 sequuntur,
1821 2847 1995 2889 histori-

218 2922 363 2951 corum
395 2908 663 2951 ereticorum
691 2908 866 2951 inventa
896 2913 1017 2961 sunt,
1053 2908 1287 2962 hominum,
1332 2912 1382 2950 ut
1409 2907 1606 2963 Heynius
1630 2906 1825 2962 judicat,
1866 2904 1995 2948 valde

217 2968 481 3024 ineptorum,
522 2981 662 3023 quos
709 2966 995 3010 Diodorus
1045 2967 1087 3008 si
1129 2966 1247 3010 ullo
1291 2966 1508 3022 judicii
1560 2965 1814 3008 acumine
1861 2978 1994 3007 usus

216 3027 436 3068 fuisset
475 3025 640 3082 sequi
677 3039 782 3068 non
812 3026 1132 3078 debuisset3
1164 3040 1267 3068 ιιοιι
1306 3025 1449 3067 enim
1478 3024 1691 3080 mythos
1727 3023 1994 3079 antiquos

218 3090 321 3126 aut
365 3086 559 3127 famam
614 3090 858 3128 veterem
888 3091 1197 3153 exponunt
1249 3084 1344 3126 sed
1395 3082 1794 3139 sophistarum
1846 3096 1991 3124 com-

217 3146 402 3185 menta
441 3143 534 3198 qui
581 3156 763 3186 rerum
816 3142 1076 3200 origines
1129 3142 1498 3187 Cretensibus
1550 3141 1860 3215 assignare
1905 3141 1992 3183 vi—

218 3206 431 3257 taeque
470 3201 779 3254 instituta,
820 3203 1096 3254 inventa,
1129 3207 1289 3244 artes
1331 3201 1396 3244 ad
1423 3200 1717 3257 Dactylos‚
1745 3198 1994 3242 Curetes

219 3258 464 3302 Titanes
508 3260 833 3314 referrent,
883 3260 1161 3318 simulque
1214 3261 1449 3304 alteram
1501 3257 1852 3316 hypothesin
1893 3257 1990 3300 ad-

220 3317 515 3367 hiberent,
557 3333 658 3374 qua
696 3335 722 3362 e
758 3320 1098 3363 mortalibus
1144 3319 1223 3362 dii
1266 3318 1407 3361 facti
1448 3333 1567 3360 csse
1611 3317 1990 3360 ferebantur“

218 3375 284 3419 De
314 3379 439 3420 sontt
471 3350 648 3419 D'iodori
685 3393 724 3434 p
756 3378 955 3421 LXXVI.
