2150 3814
828 243 1282 290 ournch.
1783 237 1944 300 1025

165 378 274 441 δαὶ
324 382 639 461 ἑταιρειῶν
681 375 781 442 ἐπ”
815 374 1034 457 ἀρχαῖς
1087 376 1193 438 καὶ
1247 374 1503 440 σύνοδοι
1558 377 1666 439 καὶ
1720 379 1959 444 δεῖπνα.

162 479 269 541 καὶ
312 478 430 542 σὺν
473 473 794 557 αὐλητρίσι
835 483 1057 556 κῶμοιτ
1098 494 1219 556 quo
1262 476 1400 536 loco
1436 477 1631 537 utitur
1666 476 1941 558 Porphy-

160 579 289 637 rius
329 575 506 636 Abst.
548 576 596 634 I.
641 574 742 635 36.
784 594 847 655 p.
892 574 993 634 61.
1022 571 1134 656 [32].
1232 574 1447 658 Neque
1490 575 1762 637 dubitari
1803 589 1938 659 pot-

158 685 253 736 est
293 676 439 755 quin
479 675 699 736 harum
742 673 1143 736 sodalitatum
1184 676 1514 759 pleraeque
1557 696 1595 737 a
1630 696 1943 740 sacrorum

157 775 577 836 communium
643 774 812 836 cultu
879 786 988 836 aut
1053 778 1351 856 originem
1424 781 1769 861 acceperint
1832 789 1944 840 aut

152 883 562 954 praetextum.
683 876 943 937 Flaccus
1030 875 1318 958 Aegypto
1403 880 1752 958 praefectus
1771 923 1789 956 ‚
1877 889 1949 940 ut

152 974 329 1035 Philo
386 986 627 1052 narrat,
677 975 1091 1039 Alexandriae
1145 977 1258 1048 τὰς
1299 979 1598 1061 ἑταιρείας
1639 981 1746 1043 καὶ
1790 990 1942 1045 συν-

154 1072 375 1150 όδους,
442 1081 509 1140 αἳ
575 1077 689 1140 ἐπὶ
741 1074 1051 1160 προφάσει
1107 1080 1358 1142 θυσιῶν
1438 1080 1753 1143 εἱστιῶντο
1812 1085 1942 1149 τοῖς

57 1223 60 1226 -
152 1174 514 1261 πράγμασιν
573 1180 1054 1260 ἒμπαροινῆσαι,
1120 1175 1401 1241 διέλυσεν
1413 1221 1445 1266 ,q
1497 1179 1566 1237 in
1619 1177 1822 1239 Flacc.
1878 1198 1941 1260 p.

151 1274 294 1335 966.
336 1275 413 1335 Α.
457 1283 522 1334 et
565 1273 936 1356 Tarquinius
970 1273 1290 1356 Superbus
1335 1274 1645 1361 συνόδους
1690 1277 1942 1362 συμπτώ-

151 1396 263 1445 σας
304 1413 390 1421 -
434 1377 526 1460 ἐφ’
571 1376 707 1462 ἱερὰ
749 1377 857 1441 καὶ
899 1375 1132 1446 θυσίας
1172 1382 1422 1461 προεῖπε
1463 1379 1679 1461 μηκέτι
1722 1400 1940 1446 συντε-

151 1483 294 1550 λεῖν,
336 1480 443 1540 ἵνα
485 1476 571 1559 μὴ
614 1478 854 1560 βουλὰς
898 1474 1280 1559 ἅποῤῥήτους
1322 1486 1625 1542 ποιῶνται
1655 1480 1796 1563 περὶ
1825 1505 1942 1543 κα·-

149 1575 460 1647 ταλύσεως
514 1583 622 1656 τῆς
678 1579 870 1662 ἀρχῆς
899 1577 1186 1655 .Di0nys.
1242 1577 1386 1638 Hal.
1430 1577 1534 1638 IV.
1592 1601 1640 1640 c.
1683 1579 1786 1641 43.
1826 1578 1940 1662 [83].

147 1674 288 1736 Jam
330 1678 453 1738 huc
492 1675 796 1738 addamus
839 1678 1266 1739 incredibilem
1313 1686 1591 1740 veterum
1640 1682 1707 1740 in
1763 1699 1938 1761 spar-

148 1775 348 1855 genda
387 1777 698 1847 κιναιδίας
740 1779 1092 1856 suspicione
1144 1778 1493 1852 levitatem3
1552 1797 1709 1858 quae
1766 1787 1939 1840 tanta

146 1876 267 1935 fuit
307 1885 379 1935 ut
419 1875 808 1954 Agathonem
852 1886 1103 1957 poetam
1122 1921 1140 1951 ‚
1195 1863 1686 1938 Demosthenem
1704 1923 1722 1954 ‚
1768 1876 1938 1939 Cice-

143 1994 378 2050 ronem,
420 1975 788 2055 Augustum,
829 1975 1253 2036 Maecenatem
1278 1973 1373 2058 [34]
1416 1979 1483 2037 in
1526 1978 1688 2038 hunc
1724 1997 1940 2040 nume-

144 2095 285 2138 rum
324 2076 554 2137 referre
595 2095 724 2136 non
766 2074 1225 2150 erubescerent,
1281 2095 1408 2137 non
1463 2077 1543 2138 ob
1587 2078 1786 2139 ullum
1831 2079 1938 2140 de-

148 2175 364 2251 decm,
418 2176 529 2237 sed
576 2180 721 2259 quia
764 2185 873 2237 aut
916 2176 1113 2237 cultus
1149 2177 1324 2255 justo
1367 2177 1659 2239 mundior
1686 2177 1780 2260 [⁸⁵]
1825 2188 1934 2241 aut

269 2359 362 2417 [³²]
404 2363 622 2405 Συσσίτια
660 2362 738 2405 καὶ
778 2361 998 2422 ἑταιρείας
1036 2361 1216 2404 Aristot.
1265 2362 1360 2404 Pol.
1398 2362 1450 2404 V.
1491 2361 1534 2405 9.
1574 2363 1617 2406 2.
1659 2363 1772 2406 unde
1812 2368 1935 2422 patet

153 2431 232 2461 cur
261 2417 418 2461 Cicero
449 2419 505 2462 ad
544 2421 638 2463 Att.
678 2421 714 2463 I.
746 2419 815 2462 16.
847 2421 1265 2464 comissatores
1295 2422 1724 2477 conjurationis
1755 2423 1932 2467 dixerit.

150 2478 208 2520 cf.
238 2476 424 2533 Ignarra
453 2477 507 2520 de
536 2478 712 2521 Phratr.
740 2492 785 2535 p.
817 2477 886 2521 57.

266 2548 360 2605 [³³]
391 2549 490 2593 Hoc
519 2554 664 2594 omnes
691 2555 901 2607 tyrannos
929 2551 1076 2594 facere
1104 2551 1362 2594 Aristoteles
1393 2551 1583 2596 affirmat
1610 2552 1639 2594 l.
1656 2567 1695 2599 c.
1725 2551 1930 2597 Nicocles

148 2607 392 2676 Isocrateus
420 2609 564 2679 Ρ.48.
604 2610 799 2671 ἑταιρίας
807 2607 918 2712 ffll
939 2615 1110 2680 ποιεῖτε
1148 2610 1267 2679 μηδὲ
1306 2607 1529 2660 συνόδους
1563 2605 1684 2680 ἄνευ·
1711 2614 1787 2667 τῆς
1823 2613 1934 2682 ἐμῇς

149 2680 245 2723 γνω
283 2682 347 2721 ης.
378 2666 540 2711 Lucllu
567 2670 702 2713 verba
722 2668 777 2712 L.
921 2700 931 2710 .
962 2670 1207 2713 domrma
1237 2674 1412 2726 atque
1442 2669 1724 2713 sodal1t1a
1754 2685 1934 2714 omma

147 2724 230 2767 tol
265 2731 454 2780 antur,
517 2727 668 2771 eodem
721 2734 919 2786 spectare
957 2728 1172 2772 videntur.
1215 2729 1286 2772 Cf.
1327 2729 1386 2772 H.
1428 2728 1641 2772 Boehmer
1682 2727 1798 2772 Diss.
1837 2730 1932 2773 Jur.

148 2781 318 2827 Boules.
347 2785 425 2828 1v.
454 2783 555 2828 288.
586 2801 652 2843 sq.

267 2856 359 2915 [³⁴]
402 2858 458 2900 cf.
490 2858 706 2917 Carpzov.
736 2858 950 2903 paradox.
981 2859 1170 2906 Ariston.
1200 2874 1243 2917 p.
1272 2859 1316 2902 7.

269 2929 310 2986 [³
321 2930 362 2986 ⁵]
393 2931 549 2977 Athen.
580 2932 706 2976 XIII.
735 2931 835 2975 565.
864 2932 919 2976 E.
950 2933 1181 2982 κιναίδους
1208 2934 1395 2977 καλοῦσι
1422 2928 1526 2980 τοὺς
1554 2928 1582 2985 ἢ
1610 2927 1759 2990 μύρου
1787 2947 1930 2993 προς-

153 2980 394 3040 βάλλοντας
419 2987 447 3062 ᾗ
474 2994 624 3051 μικρῷ
650 2993 978 3062 μαλακῳτέραν
1005 2991 1345 3051 ἠμφιεσμένους
1381 2990 1551 3045 ἐσθῆτα
1592 2991 1659 3046 (in
1690 3005 1809 3047 seqq.
1849 3004 1926 3049 pro

157 3102 182 3143 1
214 3050 1333 3168 ἓῖωῧῖιῖάθΐὲῗὲἲ’ἓσῖιωιῖξῖξρῖἕδὲἵῖρέξῖἐί
1372 3049 1927 3169 {ifflsssssstssffllzffi

156 3173 295 3220 ρισμα
322 3166 402 3207 τοῦ
428 3163 653 3223 θιασώτης·
679 3163 795 3213 εἶναι
824 3171 899 3223 τῆς
926 3167 1111 3225 Κότυος,
1145 3171 1185 3212 εἰ
1212 3165 1358 3226 μόνον
1387 3166 1438 3210 ἓν
1464 3169 1591 3211 τοῦτο
1619 3170 1802 3226 φανείη,
1838 3182 1926 3210 πε-

156 3219 203 3277 ρὶ
231 3222 438 3267 πλείστου
466 3222 545 3277 τὰς
571 3230 726 3287 τρίχας
752 3224 1047 3298 ποιούμενος,
1092 3225 1152 3276 ὥς
1180 3228 1439 3283 ἐναλείφειν
1467 3240 1515 3269 τε
1551 3223 1689 3276 αὐτὰς
1726 3227 1804 3269 καὶ
1842 3231 1927 3281 βο-

155 3280 423 3347 σϊρυχξζειν,
463 3282 598 3335 εὐθὺς
627 3286 770 3331 ἅπασι
798 3300 1044 3346 προχειρον
1072 3289 1217 3331 εἰπεῖν
1247 3284 1316 3329 ὅτι
1339 3287 1391 3344 τῇ
1423 3288 1552 3328 Χίων
1590 3287 1686 3342 θεῷ
1716 3286 1794 3328 καὶ
1832 3290 1925 3333 τοῖς

151 3333 435 3394 ‘flammai-2⁰14·
461 3339 671 3401 ὥργίακε,
700 3359 812 3402 quae
841 3360 934 3389 cum
972 3346 1069 3388 aliis
1107 3346 1322 3402 componit
1360 3344 1464 3387 Adr.
1502 3343 1655 3387 Junius
1697 3343 1909 3386 Animadv

156 3393 205 3437 L.
225 3394 308 3437 111.
330 3396 395 3439 13.
415 3396 508 3443 199.
537 3406 583 3445 et
610 3402 663 3446 de
694 3404 829 3449 Coma
849 3404 927 3448 IV.
952 3403 1050 3449 503.
1081 3405 1158 3448 sed
1187 3403 1406 3462 aptissime
1436 3402 1635 3458 Scaliger
1663 3416 1758 3446 cum
1779 3402 1925 3446 Gloss·

237 3469 312 3529 Π.
1513 3476 1595 3535 16
