2150 3814
229 221 393 283 1130
789 232 1024 276 musa
1077 232 1442 277 ‘ruamus

221 375 383 428 ru'm
418 364 761 441 origines
790 359 1341 435 reddebantur,
1371 360 1624 421 Crono
1657 371 1889 423 natos
1918 383 2007 425 ex

221 486 302 529 se
347 466 779 526 devorante
821 471 895 520 et
938 459 1135 521 Jove
1179 472 1360 522 nato
1399 463 1605 544 etc.[‘¹]
1646 481 1846 543 neque
1879 463 2008 537 illa,

222 586 378 648 quae
430 563 748 624 Hoeckius
776 561 844 641 [¹]
904 561 1099 620 multo
1157 561 1437 640 pluribus
1496 564 1708 625 verbis
1766 561 2013 622 disserit

220 671 286 727 in
330 663 590 725 eandem
634 661 1016 722 sententiam.
1097 661 1345 736 Etenim
1390 660 1467 722 ex
1511 663 1799 723 omnibus
1844 672 2015 723 vete-

221 785 359 826 rum
409 763 778 823 testimoniis
833 760 988 819 nihil
1046 760 1314 839 amplius
1371 761 1628 823 efficitur
1681 765 1803 824 nisi
1857 763 2016 822 anti-

221 883 375 947 quos
424 861 748 924 Cretenses
805 861 1022 920 diebus
1081 862 1268 921 sacris
1325 879 1498 922 more
1550 860 1823 943 quodam
1880 882 2016 922 ver-

220 965 441 1027 naculo
498 962 874 1045 tripudiasse
930 970 1232 1036 armatos3
1299 960 1467 1041 quod
1520 961 1690 1022 idem
1743 961 2020 1022 fecerunt

222 1066 377 1129 Salii
419 1066 688 1124 Romani
731 1074 792 1123 et
835 1061 1291 1140 Pyrrhichistae
1334 1062 1624 1122 Laconici
1654 1063 1727 1144 [Β]
1761 1072 1853 1122 xet
1906 1062 2017 1121 ho-

222 1167 325 1227 die
367 1166 653 1225 factitant
694 1162 1099 1223 barbarorum
1161 1170 1224 1220 et
1279 1159 1771 1223 Christianorum
1827 1163 2018 1243 pluri-

221 1269 345 1340 mi3
412 1284 566 1345 quos
610 1266 666 1324 si
708 1248 845 1344 quis
898 1271 1007 1322 aut
1062 1281 1268 1320 rerum
1310 1265 1593 1342 ⁴origines
1651 1273 1760 1323 aut
1814 1263 2018 1323 stella-

220 1385 362 1426 rum
405 1374 614 1423 motus
659 1372 767 1422 aut
816 1362 987 1421 aliud
1050 1360 1200 1440 quid
1259 1362 1356 1421 his
1416 1348 1620 1422 simile
1678 1363 2019 1441 symbolice

220 1473 684 1546 repraesentare
756 1461 921 1521 dicat
937 1508 954 1539 ,
1043 1479 1172 1520 non
1244 1461 1444 1520 aberit
1511 1463 1662 1541 quin
1722 1462 2020 1523 rideatur.

224 1563 393 1640 Quid
435 1565 623 1642 igitur
665 1563 776 1622 illa
821 1571 1105 1623 vetustae
1161 1560 1456 1621 Graeciae
1512 1561 1752 1622 ludicra
1805 1563 2021 1661 mirari

222 1674 548 1747 tantopere
585 1666 824 1737 attinet,
869 1681 1130 1743 quorum
1159 1681 1360 1743 neque
1395 1671 1677 1722 auctores
1720 1681 1835 1721 nec
1878 1680 2021 1722 cau-

223 1786 325 1827 sas
386 1786 499 1825 nec
551 1766 825 1825 rationes
884 1762 1150 1822 scimus?
1251 1760 1414 1835 Quia
1469 1762 1639 1822 dictu
1693 1762 2020 1823 sublimius

224 1877 348 1940 est,
405 1867 721 1945 inquiunt3
784 1863 1078 1923 sublimia
1135 1865 1475 1923 sentiamus
1537 1864 1812 1942 oportet!
1910 1859 2021 1921 Ni·-

223 1969 449 2044 mirum
507 1965 586 2025 de
651 1964 834 2024 rebus
904 1963 1305 2035 sublimib11S‚
1371 1972 1441 2022 ut
1510 1972 1653 2022 sunt
1719 1961 1922 2021 multa
1980 1979 2020 2021 a

225 2068 477 2127 Graecis
522 2075 585 2124 et
629 2064 796 2124 dicta
834 2074 896 2123 et
939 2064 1125 2123 facta*
1147 2063 1413 2140 gloriose
1457 2071 1521 2121 et
1564 2061 1644 2121 ad
1701 2072 2019 2122 aeternum

222 2167 478 2227 humani
503 2165 734 2243 ingenii
777 2163 963 2223 decus
1003 2170 1382 2242 comparata,
1423 2180 1581 2241 quae
1609 2161 1896 2222 omnibus
1914 2163 2017 2241 ju-

224 2279 384 2329 stam
424 2263 766 2327 venerandi
811 2274 873 2323 et
915 2261 1342 2342 triumphandi
1378 2280 1625 2322 causam
1663 2261 2018 2343 praebeant.

223 2369 398 2429 Haec
454 2375 526 2425 ut
569 2367 826 2446 quisque
867 2364 1283 2423 intentissimo
1327 2361 1536 2422 studio
1579 2363 2021 2443 perquisiverit
2117 2421 2124 2431 ,

226 2465 611 2546 dicendoque
654 2466 1048 2544 aequaverit,
1105 2465 1196 2522 ita
1237 2463 1392 2522 mihi
1436 2465 1710 2522 maxima
1752 2462 2020 2542 antiqui-

225 2571 371 2629 tatis
461 2566 872 2626 admiratione
958 2564 1240 2622 incensus
1329 2561 1594 2622 videtur.
1723 2561 1850 2622 Sed
1936 2562 2018 2622 ad

226 2669 440 2730 omnia
482 2668 744 2727 minima
786 2671 1103 2725 momenta
1137 2661 1654 2723 admirabundum
1684 2661 2018 2723 subsistere

226 2780 318 2844 et,
373 2770 428 2829 si
471 2770 609 2848 quis
653 2784 908 2827 manum
951 2765 1377 2845 comploserit‚
1438 2765 1738 2841 mysteria
1780 2763 2016 2823 concla-

224 2890 396 2931 mare
442 2879 505 2928 et
546 2867 867 2945 symbola,
922 2865 990 2924 id
1033 2885 1252 2927 vereor
1295 2885 1373 2925 ne
1417 2884 1455 2924 a
1496 2865 1766 2924 fanatica
1806 2882 2018 2946 super-

226 2972 478 3032 stitione
520 2987 744 3049 parum
788 2966 968 3028 absit.

346 3168 418 3226 [¹1]
467 3166 696 3215 Laudatur
724 3169 833 3212 haec
861 3166 1024 3224 Heynii
1058 3149 1357 3211 commentatio
1400 3180 1427 3207 a
1466 3164 1640 3215 multitu
1681 3162 1785 3206 mihi
1825 3162 1869 3204 in
1910 3161 2014 3204 cisio

231 3227 395 3285 scripta
424 3225 609 3270 videtur.

346 3313 416 3370 [¹]
470 3313 606 3357 Creta
634 3314 672 3357 Ι.
703 3326 745 3371 p.
775 3311 864 3357 237
894 3327 957 3370 sq.

348 3400 426 3456 [⁹]
471 3415 510 3442 V.
544 3400 699 3444 Mauso
732 3401 893 3458 Sparta
924 3400 957 3441 Ι.
989 3399 1032 3442 2.
1068 3398 1167 3442 175.
