2150 3814
785 175 1342 221 sAMoTHRAmA.
1794 165 1956 227 1219
2046 204 2050 206 >

176 308 559 392 Σαμόθρᾳξι
601 311 788 374 θεοῖς.
878 303 1257 383 Ροῃ]Ρ11ωῃ’
1274 306 1505 384 piscem
1552 323 1789 365 sacrum
1825 327 1958 368 esse

170 409 463 489 Neptuno
509 416 572 468 et
591 410 739 477 [τοῖς
781 404 897 484 τὴν
935 403 1377 488 Σαμοθρᾴκην
1419 407 1744 484 κατέχουσι
1786 410 1957 478 θεοῖς

173 511 346 569 testis
391 517 484 579 est
525 505 746 568 Athen.
791 504 921 564 VII.
958 504 1103 565 283.
1146 505 1221 565 A.
1312 503 1480 581 Quos
1521 505 1690 564 locos
1736 524 1809 563 eo
1845 525 1955 586 po-

169 610 480 668 tissimum
524 605 781 666 consilio
826 605 948 665 huc
989 605 1239 671 confero
1283 615 1353 665 ut
1394 613 1606 685 pateat
1634 605 1959 686 plerosque

166 709 534 787 scriptorum
597 705 758 775 ,illos
841 715 1168 768 nautarum
1238 715 1701 766 conservatores
1768 705 1956 777 deos

165 806 730 867 Samothraces
774 805 1123 887 appellare,
1166 825 1292 866 non
1338 804 1627 886 Cabiros‚
1673 825 1794 886 quo
1837 826 1957 876 no-

162 909 331 966 mine
388 909 586 968 utitur
637 906 1000 968 Plutarchus
1054 909 1121 966 in
1176 906 1250 966 V.
1292 906 1561 966 Marcell.
1604 905 1806 967 XXX.
1851 906 1955 968 ubi

163 1006 441 1067 Marcelli
505 1005 809 1087 quaedam
881 1006 1141 1066 donaria
1210 1005 1496 1066 dedicata
1555 1024 1689 1066 esse
1746 1007 1956 1066 scribit

161 1109 334 1190 παρὰ
378 1114 505 1177 τοῖς
548 1111 724 1176 θεοῖς
767 1107 878 1177 οὓς
906 1105 1258 1187 Καβείρους
1279 1113 1555 1168 καλοῦσι.
1602 1113 1665 1162 et
1690 1109 1955 1185 scriptor

157 1211 405 1284 ignotus
461 1205 782 1287 (Aelianus
839 1205 1128 1282 fortasse)
1185 1202 1354 1284 apud
1411 1202 1649 1263 Suidan
1706 1223 1752 1263 s,
1798 1211 1953 1269 Δια-

161 1305 470 1389 λαμβοίνει
512 1343 597 1352 -
639 1305 839 1370 δεῖται
897 1314 1029 1372 τῶν
1071 1304 1405 1388 Καβείρων
1447 1312 1796 1389 τιμωρῆσαι
1839 1307 1954 1369 αὐ-

159 1416 234 1487 τῇ
290 1407 397 1469 καὶ
435 1410 759 1488 μετελθεῖν
813 1406 928 1470 τὸν
982 1405 1300 1489 ἐπίορκον,
1358 1424 1515 1485 quae
1570 1403 1650 1464 de
1704 1405 1953 1485 perjuro

159 1505 428 1588 quodam
473 1504 639 1565 dicta
683 1505 989 1581 videntur,
1033 1508 1138 1586 qui
1180 1507 1551 1586 interposito
1588 1503 1952 1568 Cabirorum

160 1609 412 1667 numine
465 1605 654 1667 fidem
711 1625 887 1667 suam
944 1607 1190 1688 puellae
1234 1605 1680 1667 obstrinxisset.
1767 1605 1954 1668 Juve-

158 1709 282 1767 nal.
336 1707 440 1767 111.
506 1705 646 1766 144.
710 1708 935 1784 jures
992 1708 1183 1767 licet
1237 1715 1308 1765 et
1365 1706 1953 1767 Samothracum

163 1821 237 1867 et
290 1816 743 1866 nostrorum
807 1825 1002 1867 araS.
1106 1807 1190 1866 Et
1245 1805 1414 1885 apud
1468 1806 1580 1865 has
1636 1807 1956 1887 sponsalia

162 1925 405 1986 quoque
461 1905 628 1966 facta
683 1925 817 1966 esse
863 1907 1167 1984 colligitur
1211 1925 1286 1965 ex
1329 1905 1568 1966 Himer.
1616 1906 1718 1967 Or.
1763 1908 1808 1966 I.
1858 1908 1953 1968 12.

160 2006 305 2067 346.
341 2005 736 2089 Ὀλυμπιάδα
777 2008 1012 2094 λέγεται
1055 2005 1479 2093 ὄργιάζουσαν
1520 2008 1600 2071 τὰ
1622 2007 1955 2091 Καβείρων

161 2112 228 2172 ἐν
284 2105 688 2190 Σαμοθρᾴκῃ
741 2105 1055 2190 μυστήρια
1113 2108 1271 2172 ἰδεῖν
1324 2108 1484 2174 κατὰ
1538 2109 1655 2188 τὴν
1708 2109 1956 2190 τελετὴν

160 2208 275 2271 τὸν
332 2207 650 2271 Φίλιππον
708 2207 815 2270 καὶ
868 2211 1218 2291 ἐρασθῆναι
1273 2207 1379 2270 καὶ
1421 2209 1799 2294 ὁμολογῆσαι
1839 2209 1954 2273 τὸν

161 2305 372 2392 γάμον
424 2308 744 2389 προτέλεια
786 2309 1206 2388 ποιησαμένην
1248 2316 1363 2372 τοῦ
1406 2309 1714 2392 γαμηλίου
1758 2309 1954 2392 πυρὸς

159 2408 242 2470 τοὶ
280 2405 610 2491 μυστήρια.
652 2407 728 2469 cf.
773 2407 931 2467 Plut.
984 2405 1049 2466 V.
1092 2407 1266 2468 Alex.
1311 2428 1359 2468 c.
1404 2406 1478 2467 II.
1536 2408 1658 2469 Sed
1703 2411 1953 2490 quinam

159 2508 253 2568 illi
298 2506 387 2567 dii
431 2506 691 2581 fuerint,
738 2507 939 2568 adhuc
980 2526 1107 2567 non
1151 2517 1245 2567 est
1289 2509 1711 2589 exploratum,
1756 2528 1954 2590 neque

161 2627 239 2668 ex
280 2609 535 2667 nomine
578 2615 693 2667 aut.
731 2617 871 2670 ortu
914 2617 1024 2668 aut
1066 2627 1322 2668 munere
1366 2628 1581 2669 eorum
1616 2612 1956 2689 conjectare

160 2726 521 2788 possumus3
584 2725 729 2768 nam
798 2711 1068 2781 nominis
1139 2711 1310 2787 origo
1381 2711 1787 2770 incertissima
1840 2718 1953 2784 est,

164 2816 333 2868 ortus
390 2811 563 2871 varie
619 2808 912 2883 traditur,
981 2827 1204 2869 munus
1263 2816 1471 2869 autem
1537 2809 1954 2890 periclitantes

166 2908 453 2969 servandi
507 2909 791 2990 plurimis
838 2909 1096 2970 deorum
1154 2928 1495 2970 commune.
1593 2909 1805 2990 Neque
1855 2911 1953 2969 his

168 3006 346 3067 nodis
382 3027 496 3070 nos
534 3011 805 3073 exsolvit
828 3011 1095 3073 Athenio
1126 3029 1330 3071 novae
1358 3013 1698 3072 sententiae
1722 3019 1952 3072 auctor.

175 3106 372 3166 Schol.
444 3110 648 3190 Apoll.
714 3113 758 3171 Ι.
816 3112 959 3173 913.
1041 3111 1349 3192 Ἀθηνίων
1414 3114 1569 3197 φησὶ
1622 3110 1740 3177 δύο
1795 3113 1951 3178 εἶναι

179 3207 316 3276 τοὺς
398 3211 737 3295 Καβείρους
811 3212 1144 3299 γεγονότας
1215 3213 1387 3283 υἱοὺς
1454 3222 1565 3276 τοῦ
1631 3214 1778 3283 Διὸς
1846 3214 1949 3275 καὶ
