<?xml version="1.0" encoding="UTF-8"?>
<!DOCTYPE html PUBLIC "-//W3C//DTD XHTML 1.0 Transitional//EN"
    "http://www.w3.org/TR/xhtml1/DTD/xhtml1-transitional.dtd">
<html xmlns="http://www.w3.org/1999/xhtml" xml:lang="en" lang="en">
 <head>
  <title>
</title>
<meta http-equiv="Content-Type" content="text/html;charset=utf-8" />
  <meta name='ocr-system' content='tesseract 3.04.00' />
  <meta name='ocr-capabilities' content='ocr_page ocr_carea ocr_par ocr_line ocrx_word'/>
</head>
<body>
  <div class='ocr_page' id='page_1' title='image "./aglaophamussived02lobeuoft_0395.png"; bbox 0 0 2150 3814; ppageno 0'>
   <div class='ocr_carea' id='block_1_1' title="bbox 1582 171 1940 266">
    <p class='ocr_par' dir='ltr' id='par_1_1' title="bbox 1582 171 1940 266">
     <span class='ocr_line' id='line_1_1' title="bbox 1582 171 1940 266; baseline 0.034 -12"><span class='ocrx_word' id='word_1_1' title='bbox 1582 171 1617 215; x_wconf 76' lang='lat'>⁸</span> <span class='ocrx_word' id='word_1_2' title='bbox 1781 197 1940 266; x_wconf 78' lang='lat'>1171</span> 
     </span>
    </p>
   </div>
   <div class='ocr_carea' id='block_1_2' title="bbox 126 330 1945 3107">
    <p class='ocr_par' dir='ltr' id='par_1_2' title="bbox 126 330 1945 3107">
     <span class='ocr_line' id='line_1_2' title="bbox 161 330 1945 418; baseline 0.007 -30"><span class='ocrx_word' id='word_1_3' title='bbox 161 332 594 414; x_wconf 80' lang='lat' dir='ltr'><strong>Olympiorum</strong></span> <span class='ocrx_word' id='word_1_4' title='bbox 631 330 986 406; x_wconf 28' lang='lat' dir='ltr'><strong>‚gonditoris</strong></span> <span class='ocrx_word' id='word_1_5' title='bbox 1053 331 1510 395; x_wconf 80' lang='lat' dir='ltr'><strong>diversitatem:</strong></span> <span class='ocrx_word' id='word_1_6' title='bbox 1569 342 1659 418; x_wconf 81' lang='grc' dir='ltr'><em>τῷ</em></span> <span class='ocrx_word' id='word_1_7' title='bbox 1716 340 1945 410; x_wconf 82' lang='grc' dir='ltr'><em>πολλὰς</em></span> 
     </span>
     <span class='ocr_line' id='line_1_3' title="bbox 154 427 1931 520; baseline 0.002 -23"><span class='ocrx_word' id='word_1_8' title='bbox 154 442 286 498; x_wconf 80' lang='grc' dir='ltr'><em>τῶν</em></span> <span class='ocrx_word' id='word_1_9' title='bbox 325 441 644 520; x_wconf 73' lang='grc' dir='ltr'><em>γυναικῶν</em></span> <span class='ocrx_word' id='word_1_10' title='bbox 663 434 775 504; x_wconf 67' lang='grc' dir='ltr'><strong>τἔτι</strong></span> <span class='ocrx_word' id='word_1_11' title='bbox 815 431 924 501; x_wconf 77' lang='grc' dir='ltr'><em>καὶ</em></span> <span class='ocrx_word' id='word_1_12' title='bbox 963 437 1085 497; x_wconf 72' lang='grc' dir='ltr'><strong>νῦν</strong></span> <span class='ocrx_word' id='word_1_13' title='bbox 1128 427 1476 515; x_wconf 83' lang='grc' dir='ltr'><em>λαμβάνειν</em></span> <span class='ocrx_word' id='word_1_14' title='bbox 1519 435 1765 517; x_wconf 76' lang='grc' dir='ltr'><em>ἐπῳδὰς</em></span> <span class='ocrx_word' id='word_1_15' title='bbox 1809 438 1931 500; x_wconf 77' lang='grc' dir='ltr'><strong>ἀπὸ</strong></span> 
     </span>
     <span class='ocr_line' id='line_1_4' title="bbox 153 530 1937 621; baseline 0.002 -25"><span class='ocrx_word' id='word_1_16' title='bbox 153 531 378 596; x_wconf 81' lang='grc' dir='ltr'><em>τούτου</em></span> <span class='ocrx_word' id='word_1_17' title='bbox 419 542 535 603; x_wconf 83' lang='grc' dir='ltr'><em>τοῦ</em></span> <span class='ocrx_word' id='word_1_18' title='bbox 573 536 732 601; x_wconf 84' lang='grc' dir='ltr'><em>θεοῦ</em></span> <span class='ocrx_word' id='word_1_19' title='bbox 775 532 882 594; x_wconf 79' lang='grc' dir='ltr'><em>καὶ</em></span> <span class='ocrx_word' id='word_1_20' title='bbox 922 530 1322 615; x_wconf 77' lang='grc' dir='ltr'><em>περιάμματα</em></span> <span class='ocrx_word' id='word_1_21' title='bbox 1363 539 1562 606; x_wconf 79' lang='grc' dir='ltr'><em>ποιεῖν</em></span> <span class='ocrx_word' id='word_1_22' title='bbox 1618 535 1702 606; x_wconf 79' lang='grc' dir='ltr'><strong>ὥς</strong></span> <span class='ocrx_word' id='word_1_23' title='bbox 1754 560 1937 621; x_wconf 71' lang='grc' dir='ltr'><em>γεγο-</em></span> 
     </span>
     <span class='ocr_line' id='line_1_5' title="bbox 151 629 1937 719; baseline 0.001 -24"><span class='ocrx_word' id='word_1_24' title='bbox 151 632 331 702; x_wconf 82' lang='grc' dir='ltr'><em>νότος</em></span> <span class='ocrx_word' id='word_1_25' title='bbox 373 633 568 696; x_wconf 80' lang='grc' dir='ltr'><em>αὗτοῦ</em></span> <span class='ocrx_word' id='word_1_26' title='bbox 610 629 833 716; x_wconf 75' lang='grc' dir='ltr'><em>γόητος</em></span> <span class='ocrx_word' id='word_1_27' title='bbox 874 668 960 678; x_wconf 91' lang='lat'><strong>——·</strong></span> <span class='ocrx_word' id='word_1_28' title='bbox 1017 633 1058 696; x_wconf 77' lang='grc' dir='ltr'><strong><em>ἃ</em></strong></span> <span class='ocrx_word' id='word_1_29' title='bbox 1101 632 1180 712; x_wconf 88' lang='grc' dir='ltr'><strong>δὴ</strong></span> <span class='ocrx_word' id='word_1_30' title='bbox 1222 639 1512 697; x_wconf 80' lang='grc' dir='ltr'><em>πλεῖστον</em></span> <span class='ocrx_word' id='word_1_31' title='bbox 1553 635 1937 719; x_wconf 81' lang='grc' dir='ltr'><em>κεχωρίσθαι</em></span> 
     </span>
     <span class='ocr_line' id='line_1_6' title="bbox 148 731 1934 820; baseline 0.003 -26"><span class='ocrx_word' id='word_1_32' title='bbox 148 739 256 809; x_wconf 85' lang='grc' dir='ltr'><em>τῆς</em></span> <span class='ocrx_word' id='word_1_33' title='bbox 291 732 659 815; x_wconf 78' lang='grc' dir='ltr'><em>Ἡρακλέους</em></span> <span class='ocrx_word' id='word_1_34' title='bbox 703 731 1041 812; x_wconf 77' lang='grc' dir='ltr'><em>συνηθείας</em></span> <span class='ocrx_word' id='word_1_35' title='bbox 1099 742 1213 797; x_wconf 84' lang='grc' dir='ltr'><em>τοῦ</em></span> <span class='ocrx_word' id='word_1_36' title='bbox 1266 733 1595 820; x_wconf 74' lang='grc' dir='ltr'><em>γεγονότος</em></span> <span class='ocrx_word' id='word_1_37' title='bbox 1652 738 1718 807; x_wconf 77' lang='grc' dir='ltr'><strong>ἐξ</strong></span> <span class='ocrx_word' id='word_1_38' title='bbox 1763 737 1934 802; x_wconf 84' lang='grc' dir='ltr'><em>Ἀλκ-</em></span> 
     </span>
     <span class='ocr_line' id='line_1_7' title="bbox 145 827 1934 912; baseline 0.001 -18"><span class='ocrx_word' id='word_1_39' title='bbox 145 827 359 912; x_wconf 82' lang='grc' dir='ltr'><em>μήνης.</em></span> <span class='ocrx_word' id='word_1_40' title='bbox 445 829 676 892; x_wconf 81' lang='lat' dir='ltr'><strong>Verum</strong></span> <span class='ocrx_word' id='word_1_41' title='bbox 718 832 870 893; x_wconf 85' lang='lat' dir='ltr'><strong>haec</strong></span> <span class='ocrx_word' id='word_1_42' title='bbox 913 833 1124 912; x_wconf 89' lang='lat' dir='ltr'><strong>opinio</strong></span> <span class='ocrx_word' id='word_1_43' title='bbox 1170 832 1249 892; x_wconf 92' lang='lat' dir='ltr'><strong>de</strong></span> <span class='ocrx_word' id='word_1_44' title='bbox 1292 835 1508 895; x_wconf 85' lang='lat' dir='ltr'><strong>multis</strong></span> <span class='ocrx_word' id='word_1_45' title='bbox 1540 844 1824 898; x_wconf 88' lang='lat' dir='ltr'><strong>veterum</strong></span> <span class='ocrx_word' id='word_1_46' title='bbox 1869 842 1934 896; x_wconf 85' lang='lat' dir='ltr'><strong>et</strong></span> 
     </span>
     <span class='ocr_line' id='line_1_8' title="bbox 144 931 1935 1006; baseline 0.003 -18"><span class='ocrx_word' id='word_1_47' title='bbox 144 932 527 993; x_wconf 87' lang='lat' dir='ltr'><strong>novitiorum</strong></span> <span class='ocrx_word' id='word_1_48' title='bbox 569 931 827 992; x_wconf 86' lang='lat' dir='ltr'><strong>heroum</strong></span> <span class='ocrx_word' id='word_1_49' title='bbox 870 934 1104 1006; x_wconf 87' lang='lat' dir='ltr'><strong>tenuit,</strong></span> <span class='ocrx_word' id='word_1_50' title='bbox 1160 950 1267 993; x_wconf 87' lang='lat' dir='ltr'><strong>eos</strong></span> <span class='ocrx_word' id='word_1_51' title='bbox 1311 937 1572 995; x_wconf 88' lang='lat' dir='ltr'><strong>somniis</strong></span> <span class='ocrx_word' id='word_1_52' title='bbox 1615 944 1677 994; x_wconf 91' lang='lat' dir='ltr'><strong>et</strong></span> <span class='ocrx_word' id='word_1_53' title='bbox 1721 952 1935 994; x_wconf 86' lang='lat' dir='ltr'><strong>oracu-</strong></span> 
     </span>
     <span class='ocr_line' id='line_1_9' title="bbox 144 1029 1930 1113; baseline 0.003 -25"><span class='ocrx_word' id='word_1_54' title='bbox 144 1029 223 1089; x_wconf 83' lang='lat' dir='ltr'><strong>lis</strong></span> <span class='ocrx_word' id='word_1_55' title='bbox 266 1040 650 1109; x_wconf 80' lang='lat' dir='ltr'><strong>aegrotantes</strong></span> <span class='ocrx_word' id='word_1_56' title='bbox 705 1032 1037 1111; x_wconf 85' lang='lat' dir='ltr'><strong>adjuvare,</strong></span> <span class='ocrx_word' id='word_1_57' title='bbox 1098 1033 1504 1113; x_wconf 81' lang='lat' dir='ltr'><strong>omnibusque</strong></span> <span class='ocrx_word' id='word_1_58' title='bbox 1561 1034 1778 1099; x_wconf 85' lang='lat' dir='ltr'><strong>auxilii</strong></span> <span class='ocrx_word' id='word_1_59' title='bbox 1831 1037 1930 1094; x_wconf 84' lang='lat' dir='ltr'><strong>sui</strong></span> 
     </span>
     <span class='ocr_line' id='line_1_10' title="bbox 145 1130 1926 1214; baseline 0.004 -25"><span class='ocrx_word' id='word_1_60' title='bbox 145 1133 389 1210; x_wconf 84' lang='lat' dir='ltr'><strong>copiam</strong></span> <span class='ocrx_word' id='word_1_61' title='bbox 456 1132 676 1205; x_wconf 78' lang='lat' dir='ltr'><strong>facere.</strong></span> <span class='ocrx_word' id='word_1_62' title='bbox 778 1130 1202 1207; x_wconf 82' lang='lat' dir='ltr'><strong>Athenagoras</strong></span> <span class='ocrx_word' id='word_1_63' title='bbox 1277 1152 1326 1191; x_wconf 84' lang='lat' dir='ltr'><strong>e.</strong></span> <span class='ocrx_word' id='word_1_64' title='bbox 1399 1131 1624 1192; x_wconf 88' lang='lat' dir='ltr'><strong>XXVI.</strong></span> <span class='ocrx_word' id='word_1_65' title='bbox 1698 1133 1736 1212; x_wconf 83' lang='grc' dir='ltr'>ἡ</span> <span class='ocrx_word' id='word_1_66' title='bbox 1807 1131 1926 1214; x_wconf 76' lang='grc' dir='ltr'><strong>μὲν</strong></span> 
     </span>
     <span class='ocr_line' id='line_1_11' title="bbox 150 1228 1923 1316; baseline 0.003 -24"><span class='ocrx_word' id='word_1_67' title='bbox 150 1231 366 1313; x_wconf 82' lang='grc' dir='ltr'><em>Τρωὰς</em></span> <span class='ocrx_word' id='word_1_68' title='bbox 429 1229 810 1313; x_wconf 85' lang='grc' dir='ltr'><em>Νερυλλίνου</em></span> <span class='ocrx_word' id='word_1_69' title='bbox 880 1228 1120 1301; x_wconf 76' lang='grc' dir='ltr'><em>εἰκόνας</em></span> <span class='ocrx_word' id='word_1_70' title='bbox 1189 1232 1335 1311; x_wconf 75' lang='grc' dir='ltr'><em>ἔχει,</em></span> <span class='ocrx_word' id='word_1_71' title='bbox 1406 1234 1479 1295; x_wconf 85' lang='grc' dir='ltr'><em>τὸ</em></span> <span class='ocrx_word' id='word_1_72' title='bbox 1540 1231 1610 1296; x_wconf 81' lang='grc' dir='ltr'><strong>δὲ</strong></span> <span class='ocrx_word' id='word_1_73' title='bbox 1672 1230 1923 1316; x_wconf 80' lang='grc' dir='ltr'><em>Πάριον</em></span> 
     </span>
     <span class='ocr_line' id='line_1_12' title="bbox 134 1329 1923 1414; baseline 0.002 -22"><span class='ocrx_word' id='word_1_74' title='bbox 134 1329 535 1412; x_wconf 72' lang='grc' dir='ltr'><em>Ἀλεξάνδρου</em></span> <span class='ocrx_word' id='word_1_75' title='bbox 605 1331 712 1393; x_wconf 76' lang='grc' dir='ltr'><em>καὶ</em></span> <span class='ocrx_word' id='word_1_76' title='bbox 781 1332 1120 1413; x_wconf 75' lang='grc' dir='ltr'><em>Πρωτέως·</em></span> <span class='ocrx_word' id='word_1_77' title='bbox 1215 1334 1274 1394; x_wconf 78' lang='grc' dir='ltr'><strong>οἱ</strong></span> <span class='ocrx_word' id='word_1_78' title='bbox 1353 1331 1472 1414; x_wconf 80' lang='grc' dir='ltr'><strong>μὲν</strong></span> <span class='ocrx_word' id='word_1_79' title='bbox 1553 1334 1727 1397; x_wconf 78' lang='grc' dir='ltr'><em>ἄλλοι</em></span> <span class='ocrx_word' id='word_1_80' title='bbox 1809 1334 1923 1396; x_wconf 82' lang='grc' dir='ltr'><strong>ἇν-</strong></span> 
     </span>
     <span class='ocr_line' id='line_1_13' title="bbox 138 1427 1918 1515; baseline 0.002 -23"><span class='ocrx_word' id='word_1_81' title='bbox 138 1427 423 1512; x_wconf 87' lang='grc' dir='ltr'><em>δριάντες</em></span> <span class='ocrx_word' id='word_1_82' title='bbox 474 1438 589 1494; x_wconf 84' lang='grc' dir='ltr'><em>τοῦ</em></span> <span class='ocrx_word' id='word_1_83' title='bbox 631 1430 1024 1515; x_wconf 88' lang='grc' dir='ltr'><em>-Νερυλλίνου</em></span> <span class='ocrx_word' id='word_1_84' title='bbox 1079 1429 1371 1515; x_wconf 89' lang='grc' dir='ltr'><em>κόσμημά</em></span> <span class='ocrx_word' id='word_1_85' title='bbox 1426 1437 1542 1496; x_wconf 73' lang='grc' dir='ltr'><em>εἶσι</em></span> <span class='ocrx_word' id='word_1_86' title='bbox 1596 1430 1918 1514; x_wconf 83' lang='grc' dir='ltr'><em>δημόσιον·</em></span> 
     </span>
     <span class='ocr_line' id='line_1_14' title="bbox 139 1529 1920 1614; baseline 0.003 -23"><span class='ocrx_word' id='word_1_87' title='bbox 139 1530 222 1599; x_wconf 87' lang='grc' dir='ltr'><em>εἷς</em></span> <span class='ocrx_word' id='word_1_88' title='bbox 264 1529 334 1592; x_wconf 77' lang='grc' dir='ltr'><strong>δὲ</strong></span> <span class='ocrx_word' id='word_1_89' title='bbox 377 1531 590 1594; x_wconf 80' lang='grc' dir='ltr'><em>αὐτῶν</em></span> <span class='ocrx_word' id='word_1_90' title='bbox 630 1531 736 1594; x_wconf 80' lang='grc' dir='ltr'><em>καὶ</em></span> <span class='ocrx_word' id='word_1_91' title='bbox 769 1532 1172 1614; x_wconf 83' lang='grc' dir='ltr'><em>χρηματίζειν</em></span> <span class='ocrx_word' id='word_1_92' title='bbox 1225 1532 1331 1595; x_wconf 81' lang='grc' dir='ltr'><em>καὶ</em></span> <span class='ocrx_word' id='word_1_93' title='bbox 1386 1537 1611 1597; x_wconf 77' lang='grc' dir='ltr'><em>ἰᾶσθαι</em></span> <span class='ocrx_word' id='word_1_94' title='bbox 1653 1540 1920 1598; x_wconf 80' lang='grc' dir='ltr'><em>νοσοῦν-</em></span> 
     </span>
     <span class='ocr_line' id='line_1_15' title="bbox 139 1630 1920 1716; baseline 0.002 -25"><span class='ocrx_word' id='word_1_95' title='bbox 139 1654 252 1696; x_wconf 78' lang='grc' dir='ltr'><strong>τας</strong></span> <span class='ocrx_word' id='word_1_96' title='bbox 293 1630 642 1711; x_wconf 82' lang='grc' dir='ltr'><em>νομίζεται,</em></span> <span class='ocrx_word' id='word_1_97' title='bbox 699 1632 806 1694; x_wconf 82' lang='grc' dir='ltr'><em>καὶ</em></span> <span class='ocrx_word' id='word_1_98' title='bbox 846 1630 1122 1696; x_wconf 74' lang='grc' dir='ltr'><em>θύουσιν</em></span> <span class='ocrx_word' id='word_1_99' title='bbox 1166 1633 1338 1714; x_wconf 75' lang='grc' dir='ltr'><em>αὐτῷ</em></span> <span class='ocrx_word' id='word_1_100' title='bbox 1388 1634 1494 1695; x_wconf 77' lang='grc' dir='ltr'><em>καὶ</em></span> <span class='ocrx_word' id='word_1_101' title='bbox 1539 1641 1761 1716; x_wconf 77' lang='grc' dir='ltr'><em>χρυσῷ</em></span> <span class='ocrx_word' id='word_1_102' title='bbox 1814 1657 1920 1694; x_wconf 88' lang='grc' dir='ltr'><em>πε-</em></span> 
     </span>
     <span class='ocr_line' id='line_1_16' title="bbox 139 1730 1922 1815; baseline 0.001 -24"><span class='ocrx_word' id='word_1_103' title='bbox 139 1730 524 1813; x_wconf 84' lang='grc' dir='ltr'><em>ριαλείφουσι</em></span> <span class='ocrx_word' id='word_1_104' title='bbox 550 1732 657 1810; x_wconf 84' lang='lat'>[¹¹¹]</span> <span class='ocrx_word' id='word_1_105' title='bbox 713 1731 819 1793; x_wconf 79' lang='grc' dir='ltr'><em>καὶ</em></span> <span class='ocrx_word' id='word_1_106' title='bbox 863 1741 1243 1814; x_wconf 83' lang='grc' dir='ltr'><em>στεφανοῦσι</em></span> <span class='ocrx_word' id='word_1_107' title='bbox 1297 1732 1411 1794; x_wconf 85' lang='grc' dir='ltr'><em>τὸν</em></span> <span class='ocrx_word' id='word_1_108' title='bbox 1455 1732 1806 1815; x_wconf 72' lang='grc' dir='ltr'><em>ἀνδριάντα</em></span> <span class='ocrx_word' id='word_1_109' title='bbox 1862 1734 1922 1798; x_wconf 71' lang='grc' dir='ltr'><strong>οἱ</strong></span> 
     </span>
     <span class='ocr_line' id='line_1_17' title="bbox 146 1829 1921 1916; baseline 0 -24"><span class='ocrx_word' id='word_1_110' title='bbox 146 1831 471 1913; x_wconf 75' lang='grc' dir='ltr'><em>Τρωαδεῖς·</em></span> <span class='ocrx_word' id='word_1_111' title='bbox 519 1831 552 1892; x_wconf 82' lang='grc' dir='ltr'><em>ὃ</em></span> <span class='ocrx_word' id='word_1_112' title='bbox 597 1829 667 1892; x_wconf 80' lang='grc' dir='ltr'><strong>δὲ</strong></span> <span class='ocrx_word' id='word_1_113' title='bbox 710 1838 825 1894; x_wconf 80' lang='grc' dir='ltr'><em>τοῦ</em></span> <span class='ocrx_word' id='word_1_114' title='bbox 856 1830 1259 1914; x_wconf 80' lang='grc' dir='ltr'><em>Ἀλεξάνδρου</em></span> <span class='ocrx_word' id='word_1_115' title='bbox 1303 1832 1409 1893; x_wconf 82' lang='grc' dir='ltr'><em>καὶ</em></span> <span class='ocrx_word' id='word_1_116' title='bbox 1452 1833 1641 1901; x_wconf 76' lang='grc' dir='ltr'><em>αὐτὸς</em></span> <span class='ocrx_word' id='word_1_117' title='bbox 1684 1832 1921 1916; x_wconf 74' lang='grc' dir='ltr'><em>λέγεται</em></span> 
     </span>
     <span class='ocr_line' id='line_1_18' title="bbox 126 1928 1924 2012; baseline -0.002 -19"><span class='ocrx_word' id='word_1_118' title='bbox 126 1928 545 2012; x_wconf 82' lang='grc' dir='ltr'><em>χρηματίζειν.</em></span> <span class='ocrx_word' id='word_1_119' title='bbox 631 1929 891 1998; x_wconf 68' lang='lat' dir='ltr'><strong>Athenis</strong></span> <span class='ocrx_word' id='word_1_120' title='bbox 935 1949 1059 1990; x_wconf 90' lang='lat' dir='ltr'><strong>non</strong></span> <span class='ocrx_word' id='word_1_121' title='bbox 1101 1931 1319 2010; x_wconf 87' lang='lat' dir='ltr'><strong>procul</strong></span> <span class='ocrx_word' id='word_1_122' title='bbox 1356 1950 1394 1990; x_wconf 88' lang='lat' dir='ltr'><strong>a</strong></span> <span class='ocrx_word' id='word_1_123' title='bbox 1433 1931 1673 2012; x_wconf 89' lang='lat' dir='ltr'><strong>Dipylo</strong></span> <span class='ocrx_word' id='word_1_124' title='bbox 1718 1940 1924 1992; x_wconf 86' lang='lat' dir='ltr'><strong>statua</strong></span> 
     </span>
     <span class='ocr_line' id='line_1_19' title="bbox 136 2028 1922 2110; baseline 0.001 -21"><span class='ocrx_word' id='word_1_125' title='bbox 136 2038 269 2089; x_wconf 91' lang='lat' dir='ltr'><strong>erat</strong></span> <span class='ocrx_word' id='word_1_126' title='bbox 321 2028 614 2090; x_wconf 84' lang='lat' dir='ltr'><strong>Herois</strong></span> <span class='ocrx_word' id='word_1_127' title='bbox 654 2029 986 2105; x_wconf 81' lang='lat' dir='ltr'><strong>medici,</strong></span> <span class='ocrx_word' id='word_1_128' title='bbox 1037 2050 1219 2110; x_wconf 90' lang='lat' dir='ltr'><strong>quem</strong></span> <span class='ocrx_word' id='word_1_129' title='bbox 1263 2031 1534 2092; x_wconf 91' lang='lat' dir='ltr'><strong>Toxarin</strong></span> <span class='ocrx_word' id='word_1_130' title='bbox 1578 2033 1765 2110; x_wconf 87' lang='lat' dir='ltr'><strong>vulgo</strong></span> <span class='ocrx_word' id='word_1_131' title='bbox 1809 2032 1922 2093; x_wconf 79' lang='lat' dir='ltr'><strong>³vo-</strong></span> 
     </span>
     <span class='ocr_line' id='line_1_20' title="bbox 136 2127 1920 2209; baseline 0.001 -20"><span class='ocrx_word' id='word_1_132' title='bbox 136 2128 376 2202; x_wconf 84' lang='lat' dir='ltr'><strong>cabant,</strong></span> <span class='ocrx_word' id='word_1_133' title='bbox 419 2127 646 2189; x_wconf 86' lang='lat' dir='ltr'><strong>detrita</strong></span> <span class='ocrx_word' id='word_1_134' title='bbox 687 2131 985 2209; x_wconf 83' lang='lat' dir='ltr'><strong>temporis</strong></span> <span class='ocrx_word' id='word_1_135' title='bbox 1031 2130 1437 2190; x_wconf 83' lang='lat' dir='ltr'><strong>diuturnitate</strong></span> <span class='ocrx_word' id='word_1_136' title='bbox 1481 2139 1544 2189; x_wconf 92' lang='lat' dir='ltr'><strong>et</strong></span> <span class='ocrx_word' id='word_1_137' title='bbox 1593 2132 1767 2192; x_wconf 88' lang='lat' dir='ltr'><strong>humi</strong></span> <span class='ocrx_word' id='word_1_138' title='bbox 1812 2130 1920 2191; x_wconf 87' lang='lat' dir='ltr'><strong>ab·</strong></span> 
     </span>
     <span class='ocr_line' id='line_1_21' title="bbox 128 2229 1917 2314; baseline 0.004 -27"><span class='ocrx_word' id='word_1_139' title='bbox 128 2230 328 2306; x_wconf 74' lang='lat' dir='ltr'><strong>Jecta:</strong></span> <span class='ocrx_word' id='word_1_140' title='bbox 384 2230 511 2291; x_wconf 68' lang='grc' dir='ltr'><em>ἀλλ’</em></span> <span class='ocrx_word' id='word_1_141' title='bbox 559 2229 842 2293; x_wconf 75' lang='grc' dir='ltr'><em>ἔστεπταί</em></span> <span class='ocrx_word' id='word_1_142' title='bbox 881 2255 950 2314; x_wconf 77' lang='grc' dir='ltr'><em>γε</em></span> <span class='ocrx_word' id='word_1_143' title='bbox 995 2230 1092 2292; x_wconf 77' lang='grc' dir='ltr'><em>ἀεὶ</em></span> <span class='ocrx_word' id='word_1_144' title='bbox 1132 2230 1240 2292; x_wconf 90' lang='grc' dir='ltr'><em>καί</em></span> <span class='ocrx_word' id='word_1_145' title='bbox 1298 2251 1455 2313; x_wconf 84' lang='grc' dir='ltr'><em>φασι</em></span> <span class='ocrx_word' id='word_1_146' title='bbox 1509 2231 1917 2314; x_wconf 89' lang='grc' dir='ltr'><em>πυρεταίνον-</em></span> 
     </span>
     <span class='ocr_line' id='line_1_22' title="bbox 134 2327 1916 2409; baseline -0.002 -18"><span class='ocrx_word' id='word_1_147' title='bbox 134 2327 248 2399; x_wconf 87' lang='grc' dir='ltr'><strong>τάς</strong></span> <span class='ocrx_word' id='word_1_148' title='bbox 317 2353 493 2400; x_wconf 82' lang='grc' dir='ltr'><em>τινας</em></span> <span class='ocrx_word' id='word_1_149' title='bbox 561 2330 681 2409; x_wconf 80' lang='grc' dir='ltr'><strong>ἤδη</strong></span> <span class='ocrx_word' id='word_1_150' title='bbox 758 2334 1126 2401; x_wconf 74' lang='grc' dir='ltr'><em>πεπαῦσθαι</em></span> <span class='ocrx_word' id='word_1_151' title='bbox 1168 2344 1183 2356; x_wconf 82' lang='grc'><strong>“</strong></span> <span class='ocrx_word' id='word_1_152' title='bbox 1202 2332 1303 2398; x_wconf 72' lang='grc' dir='ltr'><strong>ἀπ’</strong></span> <span class='ocrx_word' id='word_1_153' title='bbox 1389 2333 1585 2394; x_wconf 79' lang='grc' dir='ltr'><em>αὐτοῦ</em></span> <span class='ocrx_word' id='word_1_154' title='bbox 1662 2330 1916 2390; x_wconf 84' lang='lat' dir='ltr'><strong>Lucian.</strong></span> 
     </span>
     <span class='ocr_line' id='line_1_23' title="bbox 136 2428 1914 2509; baseline -0.001 -21"><span class='ocrx_word' id='word_1_155' title='bbox 136 2428 344 2505; x_wconf 85' lang='lat' dir='ltr'><strong>Scyth.</strong></span> <span class='ocrx_word' id='word_1_156' title='bbox 405 2428 460 2508; x_wconf 71' lang='grc' dir='ltr'><strong>ξ.</strong></span> <span class='ocrx_word' id='word_1_157' title='bbox 505 2430 563 2488; x_wconf 88' lang='grc'><strong>2.</strong></span> <span class='ocrx_word' id='word_1_158' title='bbox 618 2428 757 2489; x_wconf 85' lang='grc'><strong>147.</strong></span> <span class='ocrx_word' id='word_1_159' title='bbox 803 2429 878 2495; x_wconf 89' lang='grc' dir='ltr'><strong>Τ.Ι</strong></span> <span class='ocrx_word' id='word_1_160' title='bbox 916 2429 1023 2490; x_wconf 83' lang='lat' dir='ltr'><strong>lv.</strong></span> <span class='ocrx_word' id='word_1_161' title='bbox 1067 2429 1355 2509; x_wconf 85' lang='lat' dir='ltr'><strong>idemque</strong></span> <span class='ocrx_word' id='word_1_162' title='bbox 1397 2439 1606 2503; x_wconf 81' lang='lat' dir='ltr'><strong>narrat</strong></span> <span class='ocrx_word' id='word_1_163' title='bbox 1648 2429 1914 2490; x_wconf 85' lang='lat' dir='ltr'><strong>Alexan-</strong></span> 
     </span>
     <span class='ocr_line' id='line_1_24' title="bbox 134 2528 1916 2610; baseline -0.001 -21"><span class='ocrx_word' id='word_1_164' title='bbox 134 2528 233 2589; x_wconf 87' lang='lat' dir='ltr'><strong>dri</strong></span> <span class='ocrx_word' id='word_1_165' title='bbox 289 2528 643 2589; x_wconf 80' lang='lat' dir='ltr'><strong>adulatores</strong></span> <span class='ocrx_word' id='word_1_166' title='bbox 707 2529 1159 2610; x_wconf 82' lang='lat' dir='ltr'><strong>Hephaestioni</strong></span> <span class='ocrx_word' id='word_1_167' title='bbox 1226 2538 1474 2590; x_wconf 88' lang='lat' dir='ltr'><strong>mortuo</strong></span> <span class='ocrx_word' id='word_1_168' title='bbox 1546 2531 1916 2590; x_wconf 84' lang='lat' dir='ltr'><strong>sacrificasse</strong></span> 
     </span>
     <span class='ocr_line' id='line_1_25' title="bbox 136 2628 1913 2713; baseline -0.001 -21"><span class='ocrx_word' id='word_1_169' title='bbox 136 2631 220 2700; x_wconf 79' lang='grc' dir='ltr'><strong>ὥς</strong></span> <span class='ocrx_word' id='word_1_170' title='bbox 262 2630 554 2713; x_wconf 78' lang='grc' dir='ltr'><em>παρέδρῳ</em></span> <span class='ocrx_word' id='word_1_171' title='bbox 596 2629 702 2691; x_wconf 81' lang='grc' dir='ltr'><em>καὶ</em></span> <span class='ocrx_word' id='word_1_172' title='bbox 746 2628 1080 2711; x_wconf 77' lang='grc' dir='ltr'><em>ἀλεξικάκῳ</em></span> <span class='ocrx_word' id='word_1_173' title='bbox 1110 2634 1264 2711; x_wconf 80' lang='grc' dir='ltr'><em>θεῷ,</em></span> <span class='ocrx_word' id='word_1_174' title='bbox 1311 2631 1565 2710; x_wconf 87' lang='lat' dir='ltr'><strong>ejusque</strong></span> <span class='ocrx_word' id='word_1_175' title='bbox 1602 2630 1913 2712; x_wconf 81' lang='grc' dir='ltr'><em>ὀνείρατα,</em></span> 
     </span>
     <span class='ocr_line' id='line_1_26' title="bbox 134 2726 1913 2814; baseline -0.002 -22"><span class='ocrx_word' id='word_1_176' title='bbox 134 2730 489 2814; x_wconf 77' lang='grc' dir='ltr'><em>ἐπιφανείας</em></span> <span class='ocrx_word' id='word_1_177' title='bbox 530 2730 636 2792; x_wconf 76' lang='grc' dir='ltr'><em>καὶ</em></span> <span class='ocrx_word' id='word_1_178' title='bbox 678 2727 914 2812; x_wconf 75' lang='grc' dir='ltr'><em>ἰάματα</em></span> <span class='ocrx_word' id='word_1_179' title='bbox 957 2731 1284 2789; x_wconf 87' lang='lat' dir='ltr'><strong>ementitos</strong></span> <span class='ocrx_word' id='word_1_180' title='bbox 1330 2748 1462 2788; x_wconf 85' lang='lat' dir='ltr'><strong>esse</strong></span> <span class='ocrx_word' id='word_1_181' title='bbox 1507 2729 1584 2787; x_wconf 92' lang='lat' dir='ltr'><strong>de</strong></span> <span class='ocrx_word' id='word_1_182' title='bbox 1630 2726 1913 2788; x_wconf 85' lang='lat' dir='ltr'><strong>Calumn.</strong></span> 
     </span>
     <span class='ocr_line' id='line_1_27' title="bbox 137 2827 1914 2911; baseline 0 -23"><span class='ocrx_word' id='word_1_183' title='bbox 137 2827 191 2910; x_wconf 67' lang='grc' dir='ltr'><strong>ξ.</strong></span> <span class='ocrx_word' id='word_1_184' title='bbox 237 2830 334 2890; x_wconf 89' lang='grc'><strong>17.</strong></span> <span class='ocrx_word' id='word_1_185' title='bbox 387 2849 448 2911; x_wconf 88' lang='lat' dir='ltr'><strong>p.</strong></span> <span class='ocrx_word' id='word_1_186' title='bbox 490 2828 594 2890; x_wconf 90' lang='grc'><strong>47.</strong></span> <span class='ocrx_word' id='word_1_187' title='bbox 651 2828 720 2890; x_wconf 90' lang='grc' dir='ltr'><strong>Τ.</strong></span> <span class='ocrx_word' id='word_1_188' title='bbox 765 2830 823 2890; x_wconf 89' lang='grc'><strong>8.</strong></span> <span class='ocrx_word' id='word_1_189' title='bbox 908 2829 991 2888; x_wconf 92' lang='lat' dir='ltr'><strong>Et</strong></span> <span class='ocrx_word' id='word_1_190' title='bbox 1043 2828 1382 2890; x_wconf 85' lang='lat' dir='ltr'><strong>Alexandri</strong></span> <span class='ocrx_word' id='word_1_191' title='bbox 1434 2831 1631 2910; x_wconf 81' lang='lat' dir='ltr'><strong>ipsius</strong></span> <span class='ocrx_word' id='word_1_192' title='bbox 1687 2847 1914 2888; x_wconf 89' lang='lat' dir='ltr'><strong>nomen</strong></span> 
     </span>
     <span class='ocr_line' id='line_1_28' title="bbox 135 2930 1915 3011; baseline -0.001 -21"><span class='ocrx_word' id='word_1_193' title='bbox 135 2930 493 3011; x_wconf 81' lang='lat' dir='ltr'><strong>vultumque</strong></span> <span class='ocrx_word' id='word_1_194' title='bbox 537 2930 743 2990; x_wconf 86' lang='lat' dir='ltr'><strong>numis</strong></span> <span class='ocrx_word' id='word_1_195' title='bbox 801 2930 1159 3010; x_wconf 85' lang='lat' dir='ltr'><strong>inscriptum</strong></span> <span class='ocrx_word' id='word_1_196' title='bbox 1218 2931 1679 3008; x_wconf 85' lang='lat' dir='ltr'><strong>superstitiosos</strong></span> <span class='ocrx_word' id='word_1_197' title='bbox 1732 2947 1915 3009; x_wconf 90' lang='lat' dir='ltr'><strong>proe-</strong></span> 
     </span>
     <span class='ocr_line' id='line_1_29' title="bbox 141 3027 1911 3107; baseline 0.001 -20"><span class='ocrx_word' id='word_1_198' title='bbox 141 3027 377 3089; x_wconf 88' lang='lat' dir='ltr'><strong>biorum</strong></span> <span class='ocrx_word' id='word_1_199' title='bbox 440 3030 577 3090; x_wconf 84' lang='lat' dir='ltr'><strong>loco</strong></span> <span class='ocrx_word' id='word_1_200' title='bbox 635 3031 1129 3107; x_wconf 83' lang='lat' dir='ltr'><strong>circumgestasse</strong></span> <span class='ocrx_word' id='word_1_201' title='bbox 1187 3028 1527 3090; x_wconf 79' lang='lat' dir='ltr'><strong>Trebellius</strong></span> <span class='ocrx_word' id='word_1_202' title='bbox 1592 3029 1791 3089; x_wconf 91' lang='lat' dir='ltr'><strong>Pollio</strong></span> <span class='ocrx_word' id='word_1_203' title='bbox 1849 3037 1911 3088; x_wconf 90' lang='lat' dir='ltr'><strong>et</strong></span> 
     </span>
    </p>
   </div>
   <div class='ocr_carea' id='block_1_3' title="bbox 773 202 1341 250">
    <p class='ocr_par' dir='ltr' id='par_1_3' title="bbox 773 202 1341 250">
     <span class='ocr_line' id='line_1_30' title="bbox 773 202 1341 250; baseline 0.005 -4"><span class='ocrx_word' id='word_1_204' title='bbox 773 202 1341 250; x_wconf 76' lang='lat' dir='ltr'>SAMOTHRACIA.</span> 
     </span>
    </p>
   </div>
   <div class='ocr_carea' id='block_1_4' title="bbox 142 3225 1908 3402">
    <p class='ocr_par' dir='ltr' id='par_1_4' title="bbox 142 3225 1908 3402">
     <span class='ocr_line' id='line_1_31' title="bbox 257 3225 1908 3285; baseline -0.001 -16"><span class='ocrx_word' id='word_1_205' title='bbox 257 3225 349 3282; x_wconf 63' lang='grc' dir='ltr'><strong>[ὓ]</strong></span> <span class='ocrx_word' id='word_1_206' title='bbox 398 3227 570 3271; x_wconf 75' lang='lat' dir='ltr'><strong>Persius</strong></span> <span class='ocrx_word' id='word_1_207' title='bbox 614 3229 675 3272; x_wconf 88' lang='lat'><strong>11.</strong></span> <span class='ocrx_word' id='word_1_208' title='bbox 725 3227 795 3272; x_wconf 88' lang='grc'><strong>56.</strong></span> <span class='ocrx_word' id='word_1_209' title='bbox 853 3227 908 3271; x_wconf 90' lang='lat' dir='ltr'><strong>de</strong></span> <span class='ocrx_word' id='word_1_210' title='bbox 947 3227 1155 3285; x_wconf 82' lang='lat' dir='ltr'><strong>ejusmodi</strong></span> <span class='ocrx_word' id='word_1_211' title='bbox 1196 3228 1352 3272; x_wconf 78' lang='lat' dir='ltr'><strong>statuis</strong></span> <span class='ocrx_word' id='word_1_212' title='bbox 1398 3228 1609 3272; x_wconf 76' lang='lat' dir='ltr'><strong>fatidicis:</strong></span> <span class='ocrx_word' id='word_1_213' title='bbox 1665 3229 1908 3273; x_wconf 78' lang='lat' dir='ltr'><strong>Fratres</strong></span> 
     </span>
     <span class='ocr_line' id='line_1_32' title="bbox 143 3284 1907 3345; baseline 0.001 -20"><span class='ocrx_word' id='word_1_214' title='bbox 143 3285 298 3326; x_wconf 82' lang='lat' dir='ltr'><strong>inter</strong></span> <span class='ocrx_word' id='word_1_215' title='bbox 340 3284 569 3339; x_wconf 77' lang='lat' dir='ltr'><strong>ahenos,</strong></span> <span class='ocrx_word' id='word_1_216' title='bbox 599 3288 813 3332; x_wconf 83' lang='lat' dir='ltr'><strong>somnia</strong></span> <span class='ocrx_word' id='word_1_217' title='bbox 842 3288 1064 3344; x_wconf 81' lang='lat' dir='ltr'><strong>pituita</strong></span> <span class='ocrx_word' id='word_1_218' title='bbox 1096 3287 1186 3343; x_wconf 85' lang='lat' dir='ltr'><strong>qui</strong></span> <span class='ocrx_word' id='word_1_219' title='bbox 1217 3288 1629 3345; x_wconf 79' lang='lat' dir='ltr'><strong>purgatissima</strong></span> <span class='ocrx_word' id='word_1_220' title='bbox 1660 3287 1907 3337; x_wconf 84' lang='lat' dir='ltr'><strong>mittunt,</strong></span> 
     </span>
     <span class='ocr_line' id='line_1_33' title="bbox 142 3342 1519 3402; baseline 0.007 -19"><span class='ocrx_word' id='word_1_221' title='bbox 142 3342 449 3401; x_wconf 80' lang='lat' dir='ltr'><strong>praecipui</strong></span> <span class='ocrx_word' id='word_1_222' title='bbox 488 3352 654 3390; x_wconf 78' lang='lat' dir='ltr'><strong>sunto</strong></span> <span class='ocrx_word' id='word_1_223' title='bbox 690 3346 881 3402; x_wconf 74' lang='lat' dir='ltr'><strong>sitque</strong></span> <span class='ocrx_word' id='word_1_224' title='bbox 921 3345 1053 3390; x_wconf 72' lang='lat' dir='ltr'><strong>illia</strong></span> <span class='ocrx_word' id='word_1_225' title='bbox 1099 3358 1280 3389; x_wconf 80' lang='lat' dir='ltr'><strong>aurea</strong></span> <span class='ocrx_word' id='word_1_226' title='bbox 1323 3346 1519 3393; x_wconf 79' lang='lat' dir='ltr'><strong>barba.</strong></span> 
     </span>
    </p>
   </div>
  </div>
 </body>
</html>
