2150 3814
781 181 1366 226 *sAMo-'rHRAcm
1814 146 1974 235 1153

191 320 363 400 ὀρῶν
377 363 398 390 ,
456 317 489 378 ὃ
547 315 614 377 δ’
669 314 1000 393 ἐπιβομβεῖ
1025 325 1035 337 ·’
1048 319 1137 393 τῷ
1182 309 1504 394 ’τυμπάνῳ
1540 315 1670 372 etc.
1768 316 1974 397 Atque

187 419 338 477 haec
378 415 644 498 fanatica
661 430 663 433 ·
684 411 1037 484 exsultatio5
1082 428 1249 493 quae.
1282 412 1686 484 certissimum
1720 415 1974 494 praebet

185 516 431 577 barbari
447 541 474 598 ιχ
483 515 637 573 ritus
691 509 988 572 indicium
1001 554 1020 585 ‚
1074 512 1329 592 propria
1376 516 1484 572 'est
1502 553 1506 555 Α
1534 524 1598 572 et
1628 515 1969 593 ‘peculiaris

187 600 616 695 Corybanfflni
659 621 825 675 nota.
914 611 1275 672 Plutarchus
1328 612 1604 673 Amator.
1659 612 1821 672 XVI.
1867 615 1966 675 30.

183 714 251 773 T.
285 713 417 773 XII.
461 707 932 794 {vffooocaoaoo
974 713 1044 775 τὸ
1087 711 1205 793 μὲν
1236 714 1543 794 μαντικὸν
1577 718 1639 786 ἐξ
1663 712 1965 777 Ἀπόλλω-

178 837 287 884 νος
341 813 688 887 ἐπιπνοίας,
746 814 818 876 τὸ
874 813 943 876 δὲ
1000 816 1293 894 βακχεῖον
1350 815 1416 875 ἐκ
1459 812 1771 878 Διονύσου
1813 816 1964 878 κάπὶ

172 911 680 998 Κυρβάντεσι
739 911 1172 997 χορεύσατε
1241 913 1506 990 (Fragm.
1548 914 1686 974 Ine.
1742 914 1961 975 LXXI.

178 1014 343 1094 590.)
398 1014 698 1094 multique
740 1014 847 1073 alii
874 1033 949 1072 a,
972 1013 1338 1071 Ruhnkenio
1383 1013 1630 1090 allegati
1674 1015 1757 1073 ad
1800 1014 1961 1075 Tim.

173 1134 234 1195 p.
284 1115 423 1193 160.
450 1157 453 1160 «
480 1130 671 1194 usque
726 1112 806 1172 ad
850 1113 1169 1171 Zonaram
1210 1132 1269 1190 p.
1319 1111 1502 1170 1232.
1543 1112 1960 1195 ’Κορύβαντες

172 1219 358 1285 ἔθνος
396 1213 700 1296 βακχικὸν
741 1211 847 1274 καὶ
887 1209 1174 1293 μανικόν.
1256 1210 1384 1271 Nec
1423 1213 1634 1291 inepte
1675 1213 1960 1282 Reiskius

171 1313 249 1374 ad
305 1313 555 1373 Anthol.
609 1333 671 1393 p.
735 1312 830 1373 12.
896 1314 1186 1373 multus
1244 1311 1335 1371 de
1374 1312 1508 1372 ’his
1540 1336 1544 1339 Α
1568 1313 1825 1373 Gallis
1847 1319 1849 1321 ’
1883 1315 1957 1374 et

172 1413 760 1493 Corybantibus
829 1433 1026 1473 serm
1045 1431 1082 1472 o
1154 1437 1234 1458 —
1302 1412 1503 1492 quod
1558 1433 1795 1491 genus
1853 1416 1955 1474 in-

167 1518 341 1576 sani
394 1515 652 1575 cultus
687 1509 1139 1574 'extinctum
1196 1513 1553 1572 nonfuit
1594 1515 1669 1573 in
1713 1518 1955 1593 genti-

171 1614 311 1676 bus
367 1615 756 1689 Asiaticis
813 1614 943 1674 sed
1002 1616 1511 1674 conservavit
1552 1633 1734 1675 ¹sese
1778 1616 1953 1676 tem«

166 1731 354 1796 pore
382 1723 388 1727 ’
411 1712 1008 1790 Christianismi
1066 1751 1149 1760 —
1207 1715 1365 1772 late
1419 1715 1760 1776 effusum
1817 1738 1954 1797 per

166 1834 384 1875 omne
453 1814 858 1874 Turcicum
930 1815 1377 1894 imperium,
1445 1820 1589 1892 quo
1607 1814 1646 1873 d
1718 1814 1952 1875 hodie

161 1913 223 1974 D
242 1915 626 1988 ervischi‚
716 1925 1044 1995 nepotes
1122 1923 1471 1974 veterum
1553 1912 1952 1993 Coryban-

159 2024 320 2076 tum
364 2034 538 2095 pers
553 2015 771 2097 ultan
787 1997 917 2094 t[¹‘].
1005 2014 1178 2074 Sicut
1205 2014 1369 2088 dea,
1428 2016 1525 2074 cui
1569 2016 1956 2096 apparebant

161 2113 548 2193 Corybantes
562 2159 579 2189 ‚
634 2115 962 2195 lymphare
1007 2124 1253 2174 mentes
1309 2124 1372 2173 et
1426 2115 1782 2194 lymphatas
1836 2117 1956 2175 rite

160 2213 451 2276 invocata
493 2214 710 2274 sedare
756 2214 1114 2275 credebatur
1127 2258 1142 2287 ‚
1187 2216 1276 2273 ita
1318 2216 1441 2293 ipsi
1485 2214 1820 2274 daemones
1863 2215 1954 2274 fa-

161 2315 352 2373 natici
401 2323 464 2373 et
520 2314 720 2375 divini
773 2316 1003 2376 furoris
1059 2317 1446 2375 instinctores
1503 2317 1568 2374 in
1625 2316 1815 2375 sacris
1858 2316 1953 2375 lu*-

160 2414 449 2477 stralibus
503 2419 869 2497 praecipuas
926 2417 1239 2476 habebant
1293 2426 1499 2495 partes
1515 2459 1532 2488 ‚
1598 2414 1763 2474 unde
1814 2435 1953 2476 ver-

159 2509 309 2575 bum
360 2517 835 2599 κορυβαντίζειν
892 2517 1112 2576 Graeci
1165 2519 1647 2596 interpretantur
1700 2517 1779 2579 τὰ
1822 2525 1952 2580 τῶν

157 2614 595 2700 Κορυβάντων
658 2625 855 2681 ποιεῖν
921 2615 1236 2701 μυστήρια
1306 2620 1403 2680 ἐπὶ
1469 2623 1788 2700 καθαρμῷ
1843 2625 1950 2697 τῆς

158 2716 398 2799 μανίας
445 2717 675 2799 (Schol.
719 2718 904 2799 Vesp.
956 2716 1118 2795 115.)
1167 2728 1228 2777 et
1273 2718 1835 2801 Κορυβαντισμούς
1866 2755 1949 2762 ———

160 2818 530 2902 καθαρμούς
570 2817 890 2899 (Hesych.)
927 2830 987 2879 et
1021 2820 1172 2879 haec
1206 2820 1504 2895 mysteria
1528 2837 1666 2878 cum
1691 2817 1950 2895 Magnae

282 2984 351 3044 [k]
391 2988 563 3032 Heliod.
595 2990 671 3033 IV.
707 2990 775 3034 17.
833 2989 1069 3049 Ἀσσὺριόν
1099 3006 1197 3035 τινα
1230 2987 1373 3048 νόμον
1408 2990 1625 3050 ἐσκίρτων
1654 3015 1709 3021 —-
1742 2986 1946 3047 στροφὴν

167 3041 457 3103 ὁλοσώματον
476 3045 622 3107 ὥςπερ
644 3050 688 3093 οἱ
712 3047 895 3106 κάτοχοι
919 3047 1183 3098 δινεύοντες.
1233 3049 1590 3092 Bartholomaeus
1619 3048 1774 3091 Edess.
1805 3049 1849 3090 in
1880 3047 1946 3089 Le

169 3101 320 3159 Moyn.
353 3106 476 3149 Varr.
506 3107 630 3150 Sacr.
669 3124 711 3166 p.
744 3108 845 3152 339.
888 3112 930 3153 οἱ
970 3107 1217 3168 φοράκιὸες
1246 3108 1485 3166 ὀρχοῦνται
1515 3107 1727 3157 ἀσκεπεῖς
1755 3103 1941 3151 κούτου-

170 3162 241 3206 λοι
277 3165 355 3206 καὶ
401 3161 639 3224 ὀρχοῦνται
680 3169 757 3210 καὶ
799 3171 1155 3212 καταπίπτουσιν
1196 3167 1246 3209 ἐν
1297 3167 1536 3224 ταλαμένει
1576 3169 1652 3210 καὶ
1692 3165 1944 3226 ἀφρίζουσι,

171 3234 284 3276 quae
311 3222 558 3280 Ducangius
587 3239 739 3282 parum
770 3228 974 3284 explicat.
1022 3222 1277 3279 κοτυλιστής
1316 3225 1361 3267 in
1401 3225 1558 3268 Julian.
1602 3225 1759 3282 Misop.
1790 3229 1843 3282 p.
1873 3221 1943 3265 94.

172 3281 221 3320 Α.
263 3280 427 3324 mimum
467 3283 712 3339 significare
743 3285 927 3328 videtur.
1006 3286 1070 3327 De
1101 3284 1302 3327 fanaticis
1333 3285 1388 3337 cs.
1418 3285 1607 3328 Brisson.
1650 3284 1826 3340 Antiqq.
1865 3282 1946 3323 Se-

171 3338 268 3381 lect.
309 3338 360 3381 1..
391 3339 447 3382 11.
480 3355 517 3384 c.
549 3342 616 3385 13.
660 3344 866 3387 Huschke
899 3346 953 3388 ad
985 3344 1149 3387 Tibull.
1182 3344 1240 3385 ΙΙ.
1272 3342 1312 3385 5.
1342 3342 1412 3385 66.
