2150 3814
244 177 411 238 1322
807 192 1039 236 moun
1083 193 1450 239 TERTIUS.

242 323 394 384 ὅθεν
448 321 554 382 καὶ
607 318 874 402 κόβαλος
893 319 967 399 [t]
1022 323 1127 383 καὶ
1178 324 1448 407 κομψός·
1494 325 1759 408 κοβάλαι
1799 328 1867 390 δὲ
1910 333 2014 392 καὶ

235 420 537 488 κωπιάδες
595 422 660 480 αἱ
712 427 840 482 τῶν
897 419 1143 505 ἀλόγων
1195 425 1433 503 τέχναι,
1497 447 1653 507 quae
1705 427 1884 488 facile
1939 449 2014 488 ex

237 525 440 599 Etym.
469 517 629 577 Gud.
661 517 973 578 emendari
999 530 1300 599 poterant.
1334 525 1514 586 Paria
1544 528 1880 587 afferuntur
1915 547 2014 608 ap.

235 624 441 697 Etym.
481 618 566 681 M.
613 628 676 677 et
720 618 936 677 Zonar.
975 639 1036 698 p.
1082 620 1262 680 1227.
1312 625 1574 702 probata
1620 627 2014 701 Schneidero,

234 722 387 781 mihi
446 737 861 798 nequaquam3
918 738 1062 778 nam
1122 721 1283 780 inter
1336 723 1579 806 κομψός
1634 735 1697 784 et
1750 726 2017 810 κόβαλος

232 821 503 902 perlevis
549 827 642 878 est
684 819 1001 877 literarum
1040 820 1399 895 similitude,
1444 842 1568 883 non
1591 844 1810 903 magna
1833 829 2017 904 signi-

233 921 566 991 ficationiS‚
642 929 703 977 et
769 918 846 977 de
903 919 1311 996 Hesychianis
1364 923 1584 1000 glossis
1626 943 1782 1004 quas
1822 926 2016 999 affert,

233 1015 752 1103 Κομπαλικεύσει,
820 1020 1368 1102 προςαλαζονεύσει
1423 1033 1486 1082 et
1526 1024 2016 1107 Κομβακεύεται,

232 1122 509 1204 κόμπους
569 1120 753 1204 λέγει,
823 1122 995 1198 prior
1048 1122 1115 1178 in
1168 1122 1637 1204 Κομπολακήσει
1691 1126 2013 1199 mutanda,

232 1221 399 1303 quod
436 1229 536 1280 -est
580 1219 838 1280 verbum
882 1219 1065 1297 hujus
1109 1222 1201 1278 rei
1242 1225 1599 1302 proprium,
1644 1226 1837 1285 altera
1880 1245 2017 1285 cum

229 1321 496 1404 κόβαλος
538 1337 662 1378 non
707 1321 1027 1398 aptissime
1071 1322 1362 1418 congruit.
1440 1322 1564 1382 Sed
1609 1325 1774 1404 quod
1817 1328 2015 1406 sequi-

236 1433 337 1482 tur
378 1418 688 1501 Κόμβαλα
730 1418 1052 1503 παίγματα
1108 1428 1271 1477 recte
1324 1419 1443 1478 huc
1495 1422 1713 1483 referri
1753 1426 2019 1499 videtur,

231 1533 302 1582 ut
345 1532 407 1581 et
439 1518 777 1602 Κόβακτρα
820 1515 1270 1598 κολακεύματα,
1314 1521 1829 1607 πανουργήματα,
1873 1525 2017 1589 Κώ-

229 1628 397 1706 βαλα
439 1616 950 1703 πανουργήματα.
997 1637 1271 1698 quaeque
1307 1619 1442 1697 jam
1487 1622 1730 1701 longius
1764 1624 2017 1699 distant,

229 1734 299 1784 ut
341 1734 548 1783 tamen
592 1727 847 1796 cognata
891 1737 1023 1778 esse
1049 1727 1364 1799 appareat,
1409 1719 1732 1807 Κόβειρος,
1775 1735 2017 1810 γελοια-

234 1823 408 1904 στής,
455 1819 763 1898 σκώπτῃς,
810 1828 872 1877 et
913 1820 979 1877 in
1022 1817 1252 1878 Anecd.
1297 1820 1487 1881 Bekk.
1532 1843 1593 1902 p.
1643 1824 1782 1884 190.
1836 1829 2015 1909 Καβ-

230 1923 516 2007 βαλλεία,
561 1919 863 1983 κολακεία.
935 1917 1165 1977 Verum
1207 1937 1333 1978 non
1377 1923 1578 1999 major
1621 1933 1717 1983 est
1757 1927 2014 2006 scriptu-

229 2043 334 2084 rae
379 2023 708 2083 diversitas
754 2037 935 2099 quam
978 2020 1520 2095 significationum,
1578 2042 1836 2102 quarum
1880 2043 2016 2106 sep-

231 2135 356 2183 tem
425 2129 745 2181 enumerat
810 2118 1159 2194 Hesychius
1228 2128 1614 2207 πανοῦργος,
1676 2123 2014 2206 στωμύλος,

232 2226 338 2307 ἀφ’
385 2218 460 2286 οὗ
503 2222 609 2286 καὶ
649 2218 931 2304 κομψός,
978 2220 1128 2282 ἔνιοι
1168 2217 1462 2300 μάταιος,
1509 2225 1681 2286 ἄλλοι
1722 2248 2015 2309 κροταφι-

231 2325 408 2404 στὴς,
467 2324 738 2394 ἄσωτος,
794 2316 1159 2398 τωθαστής,
1215 2321 1520 2387 ἅπατεών.
1578 2342 1839 2404 quorum
1882 2327 2012 2406 ple-

225 2442 415 2504 raque
473 2422 846 2483 conveniunt
897 2422 964 2478 in
1019 2422 1275 2479 notione
1328 2424 1598 2483 scurrilis
1657 2433 1719 2483 et
1759 2433 2017 2504 nugato-

226 2526 358 2584 riae
411 2520 715 2594 levitatis‚
770 2518 881 2580 sed
935 2518 1178 2596 longius
1234 2518 1424 2581 distat
1478 2524 1891 2608 κροταφιστής
1943 2525 2012 2585 id

228 2634 321 2684 est
361 2640 702 2704 percussor,
743 2617 920 2680 utin
965 2618 1201 2680 Glossis
1239 2624 1591 2701 exponitur.
1635 2623 1710 2684 Id
1750 2643 1828 2684 ne
1872 2626 2007 2704 quis

230 2743 366 2784 cum
442 2721 766 2784 Welckero
848 2719 1072 2798 Trilog.
1140 2740 1202 2800 p.
1276 2720 1413 2782 197.
1480 2725 1547 2784 in
1613 2724 2010 2808 κροταλιστής

226 2833 624 2898 transmutet,
689 2821 899 2881 obstat
950 2822 1224 2903 primum
1282 2821 1448 2902 quod
1502 2824 1668 2884 illius
1723 2824 2011 2886 vocabuli

347 2981 425 3038 [t]
472 2980 661 3037 Etymol.
693 2979 810 3022 Gud.
839 2989 884 3036 p.
916 2976 1016 3022 332.
1056 2991 1111 3021 ex
1141 2975 1384 3034 κοπιβᾶλος
1420 2982 1686 3023 contractum
1725 2981 1855 3034 dicit,
1897 2996 2004 3039 quo-

235 3039 359 3083 modo
399 3037 626 3094 σκύβαλον
666 3039 1007 3095 interpretantur
1041 3035 1090 3081 τὸ
1126 3038 1230 3081 κυσὶ
1266 3034 1546 3093 βαλλόμενον
1583 3053 1625 3080 ν.
1661 3040 1862 3082 Gataker
1892 3041 2004 3084 Adv.

230 3098 358 3141 Misc.
390 3113 427 3140 c.
456 3097 528 3142 42.
567 3097 667 3141 868.
711 3097 784 3154 qui
827 3096 926 3140 hinc
970 3095 1145 3139 latinum
1187 3095 1538 3153 quisquiliae
1575 3098 1759 3154 repetit,
1805 3098 1882 3141 sed
1920 3099 2004 3142 hoc

229 3161 296 3200 est
325 3170 351 3199 a
380 3153 614 3214 κόσκυλμα
653 3156 852 3213 nequalia
893 3154 1153 3211 significans.
1213 3155 1329 3198 Illud
1370 3158 1543 3210 etymon
1581 3156 1653 3212 qui
1694 3157 1866 3214 sequuti
1905 3164 2005 3201 sunt

233 3212 447 3272 κόβαλλος
475 3216 737 3273 scripserunt
765 3215 911 3271 Etym.
944 3213 1008 3256 M.
1040 3213 1168 3270 alpha
1198 3227 1354 3274 anceps
1383 3218 1587 3269 putantes
1616 3220 1666 3258 ut
1693 3215 1739 3258 in
1765 3220 2000 3274 τρισσοκέ-

234 3276 428 3332 φαλλος,
470 3275 817 3332 κυνοκέφαλλος.
877 3273 1059 3328 Ignotae
1089 3271 1268 3327 originis
1297 3276 1363 3314 est
1386 3275 1646 3328 κηκίβαλος;
1675 3273 1751 3317 sed
1782 3271 2002 3334 ἀρύβαλος

231 3348 267 3376 s.
300 3329 548 3391 ἀρύβαλλος
574 3333 910 3377 terminationem
941 3330 1247 3388 paragogicam
1275 3330 1420 3375 habet.
