2150 3814
231 205 393 267 1288
776 218 1010 263 cmm<
1067 218 1432 264 'ruamus

223 377 325 423 τος
379 349 528 432 κόρη
587 357 648 407 et
708 350 1038 431 ἄφραστος.
1082 346 1399 427 (Hesych.)
1456 348 1618 409 dicta
1674 359 1782 410 est.
1838 352 1997 412 =·111a

220 469 370 512 vero
426 448 786 509 Cabirorum
829 451 1119 522 nomina,
1175 466 1330 527 quae
1372 448 1655 510 Mnaseas
1698 447 2011 530 prodidit‚·

219 562 425 611 utrum
484 550 549 607 in
593 549 902 624 mysteriis
946 547 1174 607 tradita
1217 557 1279 605 et
1319 566 1562 629 semper
1606 549 1820 610 eadem
1863 549 1998 608 fue-

217 654 370 723 rint,
431 667 508 708 an
565 665 712 707 casu
768 657 875 707 aut
928 647 1313 707 sacerdotum
1358 649 1626 709 arbitriis
1672 651 1795 709 alio
1841 659 1996 708 tem-

215 769 368 830 pore
412 749 533 807 alia
574 748 909 822 valuerint,
951 748 1355 826 injudicatum
1396 749 1813 828 relinquimus,
1875 749 2000 808 Sed

215 849 373 908 illud
418 850 523 909 vix
565 847 834 907 dubitari
877 858 1113 928 potest,
1159 850 1307 927 quin
1348 848 2003 908 sacerdotesdeorum·

214 966 573 1026 magnorum
618 947 833 1006 laudes
878 949 1222 1021 cecinerint,
1267 951 1398 1009 vim
1446 959 1507 1007 et
1539 948 1998 1029 providentiam

214 1049 729 1129 praedicaverint3
788 1047 861 1107 id
931 1051 1094 1110 enim
1161 1059 1292 1108 tum
1352 1051 1625 1108 omnium
1687 1067 2000 1109 sacrorum

214 1158 638 1227 argumentum
700 1150 1021 1207 commune
1080 1159 1173 1208 est
1216 1159 1345 1208 tum
1391 1151 1664 1209 maxime
1709 1149 2001 1209 solemni-

211 1249 324 1309 bus
370 1269 584 1311 eorum
626 1252 950 1310 numinum
995 1250 1313 1321 convenit,
1358 1267 1514 1328 quae
1558 1249 1820 1308 cultores
1852 1266 1997 1330 suos

213 1370 246 1407 e
291 1350 579 1408 maximis
624 1351 913 1428 periculis
958 1347 1663 1427 eripere-crederentur,
1707 1368 1997 1429 quorum-

210 1468 328 1528 que
385 1450 664 1528 potentia
718 1459 812 1508 tot
854 1448 1081 1509 tabulis
1124 1449 1338 1527 pictis,
1399 1457 1494 1506 tot
1536 1449 1764 1528 amplis
1809 1448 1997 1507 dona-

204 1551 367 1623 riiS,
393 1558 487 1609 tot
528 1548 730 1609 faniae
773 1549 1085 1609 miraculis
1129 1554 1355 1607 testata
1399 1558 1576 1608 esset.
1642 1548 1858 1628 quue
1902 1564 1991 1607 ref·

209 1647 358 1706 ferri
410 1660 672 1725 possunt
729 1650 950 1708 Galeni
1006 1648 1225 1722 verba‚'
1271 1668 1427 1728 quae
1471 1667 1659 1729 supra
1701 1646 1996 1708 retuli.L·.

207 1748 254 1806 Ι.
298 1767 358 1828 p.
405 1746 505 1805 63.
564 1764 638 1804 ea
691 1766 845 1824 quae
900 1753 966 1806 in
1020 1751 1210 1809 sacris
1255 1750 1697 1815 Samothraciis
1742 1756 2005 1827 agantur-¹

212 1856 274 1906 et
334 1845 616 1905 dicantur
657 1882 742 1891 --
785 1845 864 1907 τὰ
909 1843 1201 1925 δρώμενα
1244 1852 1350 1914 καὶ
1395 1850 1699 1936 λεγόμενα
1737 1885 1822 1894 —-
1852 1856 1999 1905 tum

209 1952 442 2006 attente
485 1965 523 2004 a
556 1943 986 2025 ‘praesentibus
1032 1943 1348 2004 observari
1390 1959 1520 2009 tum
1565 1949 1646 2009 ad
1671 1965 1991 2027 agnoscen-

210 2046 355 2106 dam
403 2045 600 2106 divini
643 2046 912 2103 numinis
956 2042 1413 2123 providentiam
1457 2042 1736 2100 nonnihil
1770 2047 1998 2102 valere.

209 2146 336 2206 Sed
402 2163 761 2226 quocunque
830 2143 1079 2203 demum
1146 2142 1335 2202 modo
1407 2142 1565 2202 illud
1637 2140 1994 2219 ambiguum

205 2265 436 2306 nomen
503 2245 580 2307 τὰ
650 2242 948 2330 λεγόμενα
1014 2231 1374 2323 accipietur,
1435 2244 1553 2302 hoc
1609 2251 1769 2301 certe
1824 2243 1994 2302 nullo

207 2356 391 2427 pacto
438 2343 656 2404 efficiet
698 2354 768 2403 ut
809 2342 1266 2424 Hierophantas
1312 2343 1388 2402 de
1422 2362 1625 2403 rerum
1656 2343 1994 2424 principiiS,

209 2447 552 2528 denatura
596 2443 716 2516 dei,
764 2443 840 2502 de
884 2445 1355 2504 immortalitate
1400 2446 1750 2503 animorum
1795 2454 1857 2503 et
1900 2463 1994 2503 ce-

206 2547 355 2605 teris
397 2545 600 2617 rebuS‚
644 2562 796 2624 quas
842 2542 1157 2603 doctrinae
1201 2546 1499 2621 mysticae
1526 2553 1806 2604 cantores
1832 2562 1993 2604 com-

206 2640 634 2717 miniscuntur,
681 2642 1040 2702 disseruisse
1082 2653 1387 2723 putemus,
1451 2642 1614 2717 Quid
1651 2645 1784 2722 jam
1830 2661 1991 2707 com-

205 2754 546 2805 memorem
591 2762 776 2824 quam
819 2745 1038 2803 inutile
1080 2747 1162 2804 sit
1195 2745 1272 2804 ad
1306 2745 1455 2804 haec
1489 2728 1811 2824 probanda
1835 2743 1989 2802 Dio-

136 2924 138 2926 ·
207 2846 345 2905 dori
386 2846 840 2918 testimonium,
886 2843 1051 2924 quod
1093 2847 1264 2924 prius
1310 2847 1573 2924 apposui
1613 2865 1675 2925 p.
1717 2843 1820 2902 46.
1881 2842 1990 2902 Sa-

204 2946 544 3005 mothracia
586 2964 807 3005 arcana
850 2947 954 3024 qui
996 2946 1382 3025 participent,
1418 2945 1710 3023 justiores
1752 2945 1885 3001 fieri
1929 2954 1991 3002 et

206 3046 288 3105 ad
332 3065 576 3105 omnem
619 3047 787 3106 vitae
830 3045 1132 3105 rationem
1175 3047 1459 3115 meliores
1505 3046 1987 3122 religionumque

208 3145 718 3228 observantiores.
806 3145 878 3205 Id
924 3147 1085 3204 enim
1131 3144 1207 3204 de
1254 3145 1535 3205 omnibus
1579 3145 1766 3205 sacris
1809 3162 1984 3231 prae-

207 3245 397 3304 dicari
440 3255 674 3324 potest,
719 3265 874 3326 quae
917 3246 1237 3306 hominum
1282 3264 1494 3305 sensus
1539 3246 1784 3323 gravius
1824 3262 1986 3303 com-

207 3353 462 3408 movent
498 3356 679 3426 atque
714 3346 879 3407 haud
917 3348 1042 3408 scio
1081 3365 1159 3406 an
1203 3347 1437 3406 nullum
1482 3354 1606 3406 tam
1651 3344 1822 3417 rude,
1858 3352 1982 3403 tam
