2150 3814
281 243 443 303 1344
830 253 1063 298 121ssssss
1119 251 1482 296 TERTIUS.

273 384 525 464 singulis
584 379 892 442 mensibus
948 383 1013 440 in
1040 382 1255 441 ÷³trivia
1311 380 1712 448 efferebantur
1736 377 2040 461 uproprie-

272 506 388 567 que
431 486 570 547 ὅσια
614 490 676 541 et
723 479 960 562 νόμιμα
1015 479 1137 538 dici
1164 479 1405 538 solent.
1513 481 1611 540 De
1666 482 1852 542 trivio
1899 480 2042 539 Orci

170 607 175 612 ·
269 585 538 663 loquitur
579 579 870 658 in‘Gorg.
914 600 974 660 p.
1017 578 1159 638 524.
1202 578 1277 638 A.
1334 582 1402 642 ἐν
1443 588 1525 660 ’τῇ
1581 578 1811 663 τριόδῳ
1863 584 1929 651 ἐξ
1969 576 2040 660 ἧς

274 686 528 766 φέρετον
570 681 659 763 τα)
704 679 866 753 ὁδοὺ,
924 681 960 760 ἡ
1016 679 1133 761 μὲν
1190 685 1273 748 εἰς
1326 677 1642 759 μακάρων·
1682 679 1947 760 νήσους,
2002 679 2041 756 ἦ
2120 723 2131 738 .

269 783 327 843 δ’
372 788 455 850 εἰς
505 779 829 864 Τάρταρον
863 784 931 859 [⁰]
991 780 1172 859 quem
1216 778 1419 837 locum
1474 779 1762 839 Proculus
1818 781 1884 838 in
1940 797 2041 836 ex-

268 891 462 940 trema
501 889 677 960 parte
720 879 1038 958 designare
1059 877 1346 950 videtur,
1397 869 1746 957 q‘uanquam
1788 880 2042 939 trivium

266 979 421 1039 illud
487 979 808 1040 sublimius
864 982 1302 1059 interpretatur
1358 977 1436 1035 de
1490 979 1756 1038 sortibus
1813 979 2042 1036 anima-

265 1099 403 1139 rum
457 1083 838 1139 nascentium
893 1090 954 1138 et
1006 1078 1488 1151 renascentium,
1543 1079 1786 1158 inquo
1844 1077 2041 1155 sequi-

265 1189 364 1238 tur
406 1199 616 1239 eorum
663 1176 1045 1259 opinionem‘
1078 1179 1183 1257 qui
1228 1177 1452 1236 Orcum
1509 1175 1643 1240 siv‘e
1682 1179 2042 1237 'animarum

262 1278 676 1337 habitaculum
721 1280 843 1336 alte
885 1297 1073 1357 supra
1115 1287 1341 1336 terram
1395 1287 1708 1336 remotum
1742 1296 1886 1335 esse
1928 1295 2041 1356 pu-

263 1386 468 1435 tarunt
511 1395 570 1435 v.
615 1376 916 1434 Plutarch.
977 1375 1075 1432 De
1119 1372 1231 1433 fac.
1276 1372 1400 1434 lun.
1462 1396 1516 1434 c:
1551 1377 1674 1434 27.'
1708 1395 1767 1454 p.
1811 1374 1912 1434 91.
1970 1374 2038 1434 T.

262 1473 427 1533 XIII.
485 1474 754 1534 Macrob.
800 1475 1010 1534 Somn.
1064 1473 1110 1532 Ι.
1172 1473 1268 1532 ll.
1333 1471 1619 1553 Denique
1661 1474 2038 1554 Porphyrius

263 1593 360 1654 ap.
409 1573 576 1632 Stob.
621 1575 748 1635 Ecl.
792 1576 837 1633 Ι.
885 1572 983 1634 52.
1034 1571 1214 1633 1052.
1271 1574 1308 1653 ἡ
1354 1575 1644 1659 λεγοιιιένη
1701 1576 1806 1637 καὶ
1859 1601 2038 1657 νομι-

200 1704 216 1725 ο
262 1673 484 1754 ζομένη
527 1681 657 1739 τῶν
700 1679 768 1739 ἐν
811 1675 970 1757 ᾅδου
1013 1673 1262 1756 τρίοδος
1312 1671 1594 1736 ἐνταῦθα
1646 1698 1768 1738 που
1816 1672 2038 1738 ’τέτακυ

258 1795 362 1834 ται
402 1773 542 1856 περὶ
582 1775 661 1838 τὰ
705 1782 812 1854 τῆς
855 1781 1058 1856 ψυχῆς
1103 1775 1425 1855 σχιζομένη
1480 1775 1668 1856 μέρη,
1705 1775 1806 1838 «τὸ
1870 1784 2036 1861 zoyl-

261 1871 474 1936 στικὸν
515 1875 620 1936 καὶ
661 1872 994 1954 θυμοειδὲς
1034 1872 1141 1932 καὶ
1194 1871 1645 1951 ἐπιθυμητικόν
1689 1882 1799 1933 etc.
1903 1874 2035 1935 Ho-

255 1991 394 2033 rum
435 1974 622 2050 igitur
665 1972 943 2031 omnium
993 1969 1346 2046 symbolum
1400 1970 1612 2031 haberi
1666 1971 1874 2052 potest
1925 1976 2034 2034 illa

254 2069 443 2129 bifida
484 2073 682 2142 litera,
725 2089 910 2148 quam
964 2079 1203 2130 veteres
1257 2068 1498 2128 duobus
1554 2076 1870 2133 contrariis
1922 2093 2032 2133 no-

254 2169 522 2252 minibus
595 2168 1088 2249 philosophicam
1157 2177 1218 2226 et
1293 2170 1618 2244 mysticam
1697 2174 2028 2254 appellant.

251 2268 524 2329 Isidorus
591 2268 798 2345 Etym.r
859 2269 905 2326 Ι.
982 2268 1039 2327 3.
1111 2269 1374 2348 quinque
1443 2287 1575 2328 esse
1643 2269 1793 2332 dicit
1860 2274 2030 2355 apud

257 2369 522 2428 Graecos
564 2369 774 2427 literas
818 2369 1107 2444 mysticas
1151 2374 1228 2431 A.
1281 2374 1347 2431 Θ.
1401 2375 1466 2430 T.
1521 2376 1582 2432 Y.
1627 2379 1692 2429 et
1733 2374 1831 2446 Ω,
1881 2393 2025 2454 qua-

249 2487 390 2528 rum
432 2468 610 2528 nulla·
641 2477 887 2548 praeter
929 2477 1209 2547 quartam
1264 2467 1346 2527 ad
1397 2468 1553 2530 hanc
1605 2474 2023 2552 quaestionem

249 2570 542 2648 pertinet3
598 2586 743 2629 nam
787 2576 1121 2626 ceterarum
1168 2569 1525 2644 significatio
1581 2573 1843 2647 mystica
1895 2571 2019 2631 non

250 2686 288 2726 a
339 2669 531 2745 figura
581 2669 910 2749 repetitur,
964 2669 1084 2727 nisi
1136 2666 1314 2747 quoff
1360 2675 1418 2731 T
1436 2670 1443 2674 ’
1465 2671 1656 2730 crucis
1714 2668 2019 2733 salvificae

251 2768 490 2843 signum
547 2776 670 2842 est,
726 2766 836 2827 sed
895 2777 1004 2825 aut
1058 2765 1135 2826 ab
1193 2766 1436 2842 ordine,
1509 2788 1688 2849 quem
1740 2772 1806 2829 in
1858 2773 2016 2830 serie

249 2866 690 2927 elementorum
732 2867 1157 2940 obtinuerunt,
1218 2877 1325 2928 aut
1379 2887 1417 2928 a
1468 2868 1782 2930 vocabulis
1839 2872 2012 2952 ipsiS‚
2126 2892 2133 2896 ’

368 3079 438 3135 [θ]
490 3080 690 3137 Diphilus
720 3095 788 3137 ap.
820 3081 1082 3124 Theodoret.
1113 3080 1304 3140 Therap.
1335 3084 1410 3126 VI.
1441 3082 1540 3127 854.
1585 3081 1666 3129 δύο
1698 3086 1874 3143 τρίβους
1903 3085 2002 3128 καθ’

250 3131 377 3203 ᾅᾷου,
408 3141 523 3194 μίαν
553 3139 740 3182 δικαίων
770 3140 925 3199 ἑτέραν
955 3140 1006 3184 δὲ
1039 3139 1228 3196 ἀσεβῶν.
1288 3143 1403 3184 Ηίῃο
1431 3143 1639 3198 Virgilius
1668 3144 1775 3186 Aen.
1799 3143 1877 3185 VI.
1907 3143 2006 3186 540.

247 3193 339 3235 h1c
374 3194 529 3239 locus
568 3205 656 3240 est
694 3204 898 3254 partes
933 3199 1026 3241 ubi
1067 3213 1121 3240 se
1160 3200 1253 3242 via
1288 3201 1465 3244 findit
1501 3201 1557 3243 in
1602 3203 1911 3244 ambas'etc.
1961 3208 2006 3243 et

245 3251 477 3308 scriptores
507 3270 675 3312 quoque
706 3257 964 3309 Christiani,
1005 3262 1054 3298 ut
1082 3257 1344 3314 Hippolytus
1373 3274 1408 3302 c.
1438 3259 1550 3301 Plat.
1581 3274 1623 3315 p.
1654 3261 1753 3303 220.
1782 3259 1914 3302 Fabr.
1958 3261 2003 3303 οἱ

244 3308 410 3354 δίκαιοι
439 3314 501 3362 εἰς
539 3312 661 3362 δεξιὰ
701 3311 1115 3373 φωταγωγούμενοι
1156 3313 1342 3373 ἄγονται
1381 3320 1442 3366 εἰς
1470 3322 1645 3378 χωρίον
1683 3316 1907 3376 φωτεινὸν
1946 3339 2002 3349 —-

243 3369 289 3412 οἱ
316 3367 368 3414 δὲ
396 3366 545 3416 ἄδικοι
573 3375 634 3421 εἰς
673 3372 881 3434 ἀριστερὰ
922 3374 1135 3418 ἕλκονται.
