2150 3814
678 240 774 284 m·
820 236 1255 285 cosman-m>
1268 237 1319 280 A.
1730 223 1893 287 1355

123 370 174 413 P.
202 368 303 414 638.
333 373 431 427 not.
452 385 496 428 y.
525 369 597 414 lin.
629 368 668 411 1.
698 379 778 437 pro
806 364 1213 424 uuusquisque
1240 365 1324 422 leg.
1353 362 1735 422 unusquisque.

124 453 183 461 -
211 428 310 472 641.
342 429 409 472 16.
431 428 540 486 “post
565 425 891 498 νυμφοληπτος
916 425 1030 468 adde
1057 437 1235 468 comma.
1350 459 1351 462 ,

124 513 184 520 —-
211 487 313 531 643.
342 502 384 532 v.
415 488 456 531 7.
485 501 565 545 pro
593 482 733 541 ᾳὸίκῳ
761 484 848 540 leg.
876 481 1036 540 οἷδίκῳ.

126 570 183 576 ——-
214 546 313 590 644.
343 551 431 590 not.
473 562 515 589 v.
553 545 594 588 3.
632 557 658 585 a
697 557 791 585 suo
835 554 996 600 super
1038 542 1124 599 leg.
1167 543 1362 594 suber;
1411 541 1535 585 Adde
1577 542 1710 602 Soph.
1751 544 1897 604 Antig.

245 604 370 648 1142.
398 604 472 647 ubi
498 601 695 646 Bacchus
722 601 950 646 invocatur
976 601 1137 659 μολεῖν
1165 602 1405 659 καθαρσίῳ
1435 599 1561 647 ποδί.

125 686 182 694 —-
213 661 311 705 647.
339 668 430 706 not.
459 677 503 706 v.
531 662 574 704 7.
605 663 705 718 post
732 660 1010 704 Plutarch.
1041 659 1203 703 excidit
1229 666 1336 703 nota
1364 659 1473 714 loci..
1513 673 1636 717 quem
1674 675 1788 706 nunc
1826 678 1898 706 re·-

239 721 412 820 ssuirere
441 735 528 764 non
554 724 711 773 vacat,
751 723 798 763 et
823 719 871 762 in
897 719 985 763 fine
1014 734 1106 777 seq.
1136 722 1267 763 notae
1294 718 1576 763 Panclius
1618 720 1780 765 editum
1819 737 1898 780 pro

285 779 507 826 anelius.
1383 811 1386 813 >

124 861 180 868 —
220 836 320 880 649.
363 853 406 882 v.
450 839 491 883 6.
537 853 616 897 pro
657 837 1280 896 Carpocratianarum
1323 837 1407 894 leg.
1453 837 1650 897 Carpo
1667 840 1902 884 cratia-

239 910 452 941 norum.
1020 916 1037 938 φ.
1075 935 1080 941 .
1341 928 1346 933 -

123 978 180 984 —
211 954 311 998 651.
341 961 430 1000 not.
460 972 504 1015 p.
532 971 576 1000 v.
605 955 648 1000 3.
680 955 818 999 adde=
861 955 1084 1012 μυεῖσθαι
1111 968 1207 998 cum
1244 954 1436 1011 genitivo
1466 955 1614 1013 posuit
1642 958 1905 1002 Grammati-

241 1027 316 1057 cus
355 1021 458 1060 ante
475 1018 690 1120 3Ammon.
725 1014 934 1059 Valcken.
970 1027 1014 1070 p.
1052 1013 1255 1057 XLVIII.
1294 1015 1530 1072 παρθένος
1556 1013 1588 1072 ἦ
1617 1015 1759 1074 μήπω
1788 1037 1903 1076 μυη-

239 1075 378 1118 θεῖσα
415 1073 473 1120 οἷν
533 1074 594 1120 ός.
1421 1087 1427 1094 “

125 1158 183 1165 ——
212 1133 311 1177 655.
339 1147 383 1175 v.
412 1133 454 1176 2.
482 1094 562 1190 ρῖο
591 1135 887 1191 κεχρισμένον
913 1130 998 1184 leg·
1026 1134 1358 1186 κεχρισμένους.
1448 1141 1451 1150 “
1503 1158 1508 1161 -
1553 1158 1556 1162 .
1760 1126 1809 1172 Q·
1847 1155 1849 1157 ·

124 1217 182 1223 -
213 1193 311 1236 658.
340 1207 382 1234 v.
415 1193 483 1235 10.
512 1205 592 1248 pro
624 1189 990 1234 obserabatur
1017 1187 1104 1240 leg.
1136 1187 1591 1238 observantur.

124 1275 182 1282 —
212 1251 310 1294 675.
340 1265 382 1293 v.
411 1250 574 1307 penult.
601 1253 708 1305 postv
730 1244 1047 1302 reposuisse
1075 1243 1278 1288 omissum
1307 1248 1614 1297 estnrefer-t.

123 1331 183 1340 --
210 1309 311 1352 676.
339 1323 382 1351 v.
410 1308 482 1352 19.
521 1311 625 1364 post
656 1303 950 1348 sumn'dele
978 1317 1156 1346 comma.
1205 1336 1209 1346 ,
1346 1304 1370 1339 .’

123 1391 181 1398 -
210 1365 310 1410 683.
339 1370 430 1409 not.
458 1380 500 1409 v.
531 1365 691 1421 penult.
721 1377 800 1421 pro
830 1361 1145 1406 residante
1176 1362 1262 1420 leg.
1292 1363 1624 1409 residente.

122 1450 181 1456 —
209 1423 309 1468 703.
349 1440 391 1468 v.
420 1425 463 1467 9.
506 1427 609 1481 post
634 1421 944 1465 ficulnea-e
988 1421 1331 1476 delepunctum.
1389 1422 1511 1473 Nota
1550 1425 1582 1467 f.
1623 1427 1759 1471 addes
1803 1430 1905 1473 Lex.

241 1488 349 1541 περὶ
386 1500 552 1540 πνευμ.
602 1496 645 1538 p.
681 1479 784 1523 234.
821 1478 976 1521 Valok.
1017 1478 1173 1537 ὄργιον
1208 1479 1267 1526 τὸ
1305 1480 1558 1541 μυστήριον
1598 1483 1907 1546 δασυνόμενον

241 1540 385 1599 εὗρον.
418 1547 464 1584 et
491 1539 730 1583 Herodian.
757 1537 900 1595 Epim.
929 1551 973 1595 p.
1005 1538 1106 1582 102.
1479 1571 1482 1574 Α

125 1626 183 1634 -
209 1600 314 1644 709.
341 1603 386 1644 v.
412 1597 485 1643 24.
519 1613 599 1656 pro
627 1597 736 1642 lud.
768 1597 854 1652 leg.
881 1595 1000 1639 Jud.

123 1685 182 1694 -—
210 1659 312 1702 720.
340 1675 384 1703 v.
415 1659 485 1701 16.
516 1658 612 1701 dele
640 1657 848 1715 syllabam
876 1655 971 1698 ho-

124 1743 183 1752 --
211 1718 317 1761 7ἅ..
340 1721 429 1761 not.
459 1733 498 1761 c.
530 1717 643 1760 adde
674 1715 929 1759 Valckenar.
969 1713 1040 1757 De
1069 1714 1262 1758 Aristob.
1292 1729 1336 1772 p.
1367 1714 1440 1759 78.

126 1802 186 1809 —-
214 1776 316 1820 728.
356 1792 397 1820 v.
440 1776 478 1820 1.
525 1775 726 1819 Sti-uvius
767 1773 969 1818 emendat
1010 1770 1243 1830 α’νοροὺων
1277 1787 1358 1830 pro
1401 1773 1660 1833 a’vopov'owv
1696 1783 1742 1823 et
1783 1795 1826 1825 v.
1864 1781 1905 1825 6.

244 1841 457 1895 φαίνεται
485 1835 642 1878 omisso
672 1835 876 1877 mendoso
906 1829 998 1890 ἄρ’,
1039 1831 1156 1888 quod
1184 1845 1252 1874 me
1280 1832 1419 1877 invito
1448 1839 1662 1880 retentum
1693 1844 1773 1883 est.

126 1920 184 1928 —
212 1895 315 1942 729.
354 1909 396 1937 v.
426 1895 469 1938 2.
510 1894 624 1937 idem
650 1908 732 1950 pro
762 1891 884 1951 ἀμφὶ
913 1890 964 1939 δὲ
992 1890 1052 1954 τῇ
1083 1888 1203 1952 ζώνῃ
1233 1891 1433 1935 emendat
1462 1911 1552 1940 τοι.-
1613 1896 1826 1955 Equidem
1853 1900 1907 1943 il..

240 1953 314 1995 lud
342 1967 420 2010 pro
452 1950 542 2011 ἐμῆ
569 1965 834 2009 acceperam.

126 2039 182 2045 -—
211 2011 310 2056 733.
338 2027 381 2054 v.
413 2010 482 2055 16.
510 2000 590 2069 ⁴pro
621 2008 730 2070 γονή
759 2010 845 2066 leg.
874 2005 999 2067 γυνή.
1027 2022 1070 2051 V.
1099 2006 1167 2050 17.
1197 2021 1276 2065 pro
1307 2007 1484 2067 Μερφῶ
1514 2011 1710 2072 Μορφώ,
1739 2015 1909 2062 Nomen

242 2069 365 2116 αὕὸώ
394 2084 530 2128 nuper
559 2068 781 2127 Sapphoni
807 2067 1002 2111 restituit
1048 2066 1175 2110 Neue
1203 2068 1251 2109 in
1279 2067 1454 2125 Fragm.
1484 2068 1518 2112 I.
1549 2071 1591 2113 6.

126 2155 184 2163 —-
212 2127 312 2173 735.
343 2126 384 2171 4.
413 2134 515 2186 post
550 2127 822 2184 cujusdam
852 2125 1052 2169 omissum
1083 2130 1152 2168 est
1177 2125 1316 2170 filia.
1375 2126 1427 2169 In
1464 2128 1630 2186 Orphei
1660 2146 1774 2178 vers.
1805 2135 1832 2178 l,
1864 2152 1906 2179 v,

242 2188 313 2230 21.
348 2201 429 2245 pro
469 2186 580 2232 Ζεῦς
607 2185 694 2246 γάρ
725 2185 865 2231 ἔδωκε
892 2184 1184 2243 reponendum
1214 2189 1283 2228 est
1325 2199 1377 2228 ex
1405 2186 1573 2231 Struvii
1611 2193 1909 2238 emendatione

245 2246 329 2318 ζῇν
363 2245 458 2326 ἷοξρ
495 2245 651 2292 ἔδωκε.
709 2245 761 2287 In
799 2248 904 2288 nota
941 2258 1020 2302 pro
1060 2248 1138 2289 καὶ
1180 2240 1225 2289 δ’
1246 2239 1348 2290 αὖτ’
1388 2246 1660 2293 scribendum
1703 2259 1781 2297 καὶ
1817 2257 1909 2299 Δία

325 2325 414 2351 αυτ
428 2340 440 2351 .
1654 2337 1657 2340 ,
1750 2332 1752 2335 ψ

127 2391 186 2400 --
215 2362 313 2408 737.
350 2364 378 2409 l.
411 2363 478 2407 15.
521 2363 660 2408 Deum
688 2362 947 2421 Aegyptium
974 2362 1059 2406 hoc
1095 2365 1141 2405 et
1181 2361 1278 2406 aliis
1315 2363 1419 2407 locis
1448 2365 1698 2411 Hermetem
1738 2372 1908 2425 vocavi,

243 2424 365 2479 cujus
392 2425 560 2467 formae
588 2427 739 2466 auctor
768 2427 889 2466 extat
913 2422 1057 2466 nullus
1085 2421 1165 2464 sed
1192 2436 1295 2465 usus
1323 2427 1592 2470 necessarius
1622 2433 1705 2471 est.

127 2514 184 2520 —
214 2487 312 2531 741.
343 2499 385 2527 v.
414 2482 458 2525 7.
486 2496 567 2540 pro
597 2481 770 2539 legito
801 2482 932 2525 scrib.
962 2481 1153 2538 tegito.

127 2572 186 2581 —
213 2545 313 2590 742.
344 2559 387 2587 v.
415 2542 458 2585 7.
488 2555 567 2600 pro
598 2555 820 2585 summae
855 2541 942 2597 leg.
974 2553 1228 2584 summam.

127 2630 185 2638 —
213 2603 315 2648 746.
355 2617 398 2645 v.
428 2601 469 2645 8.
510 2603 612 2659 post
676 2605 825 2660 έγιστε
855 2600 939 2643 del.
969 2613 1147 2644 comma.

127 2689 185 2696 -—
212 2662 312 2706 767.
341 2676 383 2705 v.
413 2659 483 2703 21.
512 2673 593 2717 pro
661 2673 820 2702 emum
848 2659 934 2716 leg.
965 2659 1189 2702 deorum.

129 2746 186 2754 —
213 2721 312 2765 771.
344 2723 434 2762 not.
463 2723 498 2762 t.
527 2717 763 2762 Hermanni
792 2717 1017 2762 adnotatio
1049 2722 1117 2762 est
1146 2716 1203 2761 ad
1232 2717 1366 2775 Soph.
1397 2717 1558 2763 Trach.
1589 2735 1631 2764 v.
1661 2720 1760 2766 287.

131 2804 187 2812 -
214 2780 314 2823 772.
344 2782 433 2822 not.
462 2792 506 2822 x.
534 2777 610 2822 lin.
638 2775 681 2820 5.
710 2791 790 2835 pro
812 2777 977 2822 Herod.
1000 2777 1080 2820 111.
1111 2776 1182 2820 66.
1213 2776 1297 2833 leg.
1327 2774 1398 2820 65.

808 2951 943 3013 AD
1015 2952 1087 3014 T.
1132 2952 1220 3013 ΙΙ.

131 3096 181 3139 P.
210 3093 312 3138 787.
340 3095 430 3135 not.
458 3092 534 3135 ult.
562 3107 604 3137 v.
633 3093 677 3136 2.
706 3107 786 3151 pro
815 3093 1030 3151 hymnus
1066 3096 1152 3153 leg.
1182 3096 1420 3152 hymnos.

132 3179 191 3186 -
218 3153 317 3196 790.
346 3167 388 3195 v.
418 3149 461 3194 6.
490 3165 567 3209 pro
596 3153 846 3210 parenthesi
874 3155 1005 3199 scrib.
1036 3155 1161 3199 Serv.
1199 3156 1257 3199 ad
1285 3155 1450 3213 Georg.
1479 3157 1555 3202 IV.
1594 3155 1693 3202 317.
1732 3162 1821 3205 not.
1862 3162 1905 3204 d.

247 3211 322 3254 lin.
349 3210 393 3253 3.
453 3214 524 3253 ost
549 3210 627 3254 lx.
655 3211 768 3255 adde
802 3227 844 3256 v.
874 3213 946 3258 72.

134 3294 190 3303 ·—-
220 3269 318 3314 793.
347 3284 390 3314 v.
453 3300 464 3311 .
493 3275 592 3325 post
617 3269 885 3315 Proculus
923 3272 1034 3318 adde
1064 3273 1208 3317 Schol.
1239 3273 1296 3317 ad
1323 3272 1503 3319 Hesiod.
1532 3275 1699 3334 Theog.
1731 3293 1774 3322 v.
1800 3279 1902 3322 209.

133 3354 186 3363 -—-
219 3326 318 3373 795.
360 3333 446 3372 not.
491 3328 624 3371 addet
663 3334 758 3431 §ga
798 3329 951 3392 ἡμέρα
988 3332 1119 3392 παραῖ
1157 3334 1301 3392 Κυρίῳ
1331 3331 1388 3379 οἷς
1419 3334 1542 3390 χίλια
1572 3335 1654 3394 ἔτη
1684 3337 1744 3381 II.
1782 3337 1899 3380 Petr.

247 3387 291 3441 3,
320 3389 361 3432 8.
391 3388 448 3431 cf.
478 3386 634 3432 Psalm.
722 3420 736 3442 ,
764 3387 806 3432 8.
