<?xml version="1.0" encoding="UTF-8"?>
<!DOCTYPE html PUBLIC "-//W3C//DTD XHTML 1.0 Transitional//EN"
    "http://www.w3.org/TR/xhtml1/DTD/xhtml1-transitional.dtd">
<html xmlns="http://www.w3.org/1999/xhtml" xml:lang="en" lang="en">
 <head>
  <title>
</title>
<meta http-equiv="Content-Type" content="text/html;charset=utf-8" />
  <meta name='ocr-system' content='tesseract 3.04.00' />
  <meta name='ocr-capabilities' content='ocr_page ocr_carea ocr_par ocr_line ocrx_word'/>
</head>
<body>
  <div class='ocr_page' id='page_1' title='image "./aglaophamussived02lobeuoft_0192.png"; bbox 0 0 2150 3814; ppageno 0'>
   <div class='ocr_carea' id='block_1_1' title="bbox 175 164 1403 226">
    <p class='ocr_par' dir='ltr' id='par_1_1' title="bbox 175 164 1403 226">
     <span class='ocr_line' id='line_1_1' title="bbox 175 164 1403 226; baseline -0.008 0"><span class='ocrx_word' id='word_1_1' title='bbox 175 164 302 226; x_wconf 85' lang='lat'><strong>968</strong></span> <span class='ocrx_word' id='word_1_2' title='bbox 728 173 954 218; x_wconf 70' lang='lat' dir='ltr'><strong>mmm</strong></span> <span class='ocrx_word' id='word_1_3' title='bbox 994 172 1403 217; x_wconf 82' lang='lat' dir='ltr'><strong>SECUNDUS.</strong></span> 
     </span>
    </p>
   </div>
   <div class='ocr_carea' id='block_1_2' title="bbox 180 299 2082 381">
    <p class='ocr_par' dir='ltr' id='par_1_2' title="bbox 180 299 2082 381">
     <span class='ocr_line' id='line_1_2' title="bbox 180 299 2082 381; baseline -0.003 -12"><span class='ocrx_word' id='word_1_4' title='bbox 180 306 364 370; x_wconf 85' lang='lat' dir='ltr'><strong>ovid.</strong></span> <span class='ocrx_word' id='word_1_5' title='bbox 407 306 572 367; x_wconf 89' lang='lat' dir='ltr'><strong>Fast.</strong></span> <span class='ocrx_word' id='word_1_6' title='bbox 615 303 693 364; x_wconf 92' lang='lat' dir='ltr'><strong>II.</strong></span> <span class='ocrx_word' id='word_1_7' title='bbox 740 300 840 362; x_wconf 85' lang='lat'><strong>35.</strong></span> <span class='ocrx_word' id='word_1_8' title='bbox 896 303 1004 363; x_wconf 89' lang='lat' dir='ltr'><strong>ubi</strong></span> <span class='ocrx_word' id='word_1_9' title='bbox 1054 302 1340 363; x_wconf 87' lang='lat' dir='ltr'><strong>Medeam</strong></span> <span class='ocrx_word' id='word_1_10' title='bbox 1401 299 1575 362; x_wconf 82' lang='lat' dir='ltr'><strong>addit</strong></span> <span class='ocrx_word' id='word_1_11' title='bbox 1630 301 1708 361; x_wconf 89' lang='lat' dir='ltr'><strong>ab</strong></span> <span class='ocrx_word' id='word_1_12' title='bbox 1752 301 1958 381; x_wconf 85' lang='lat' dir='ltr'><strong>Aegeo</strong></span> <span class='ocrx_word' id='word_1_13' title='bbox 2074 322 2082 330; x_wconf 91' lang='grc'><strong><em>’</em></strong></span> 
     </span>
    </p>
   </div>
   <div class='ocr_carea' id='block_1_3' title="bbox 179 399 2025 3280">
    <p class='ocr_par' dir='ltr' id='par_1_3' title="bbox 179 399 2025 3280">
     <span class='ocr_line' id='line_1_3' title="bbox 179 399 1962 480; baseline -0.004 -13"><span class='ocrx_word' id='word_1_14' title='bbox 179 409 533 479; x_wconf 83' lang='lat' dir='ltr'>lustratam,</span> <span class='ocrx_word' id='word_1_15' title='bbox 600 404 676 463; x_wconf 90' lang='lat' dir='ltr'><strong>ab</strong></span> <span class='ocrx_word' id='word_1_16' title='bbox 734 401 1008 462; x_wconf 85' lang='lat' dir='ltr'><strong>Acheloo</strong></span> <span class='ocrx_word' id='word_1_17' title='bbox 1079 402 1531 463; x_wconf 84' lang='lat' dir='ltr'><strong>Alcmaeonem.</strong></span> <span class='ocrx_word' id='word_1_18' title='bbox 1622 399 1962 480; x_wconf 89' lang='lat' dir='ltr'><strong>Apollodo-</strong></span> 
     </span>
     <span class='ocr_line' id='line_1_4' title="bbox 181 501 1966 582; baseline -0.004 -15"><span class='ocrx_word' id='word_1_19' title='bbox 181 526 285 567; x_wconf 82' lang='lat' dir='ltr'><strong>rus</strong></span> <span class='ocrx_word' id='word_1_20' title='bbox 329 508 433 566; x_wconf 91' lang='lat' dir='ltr'><strong>III.</strong></span> <span class='ocrx_word' id='word_1_21' title='bbox 478 506 537 565; x_wconf 88' lang='lat'><strong>7.</strong></span> <span class='ocrx_word' id='word_1_22' title='bbox 584 501 641 563; x_wconf 89' lang='lat'><strong>5.</strong></span> <span class='ocrx_word' id='word_1_23' title='bbox 701 503 863 560; x_wconf 89' lang='lat' dir='ltr'><strong>hunc</strong></span> <span class='ocrx_word' id='word_1_24' title='bbox 915 521 954 562; x_wconf 87' lang='lat' dir='ltr'><strong>a</strong></span> <span class='ocrx_word' id='word_1_25' title='bbox 1006 502 1244 578; x_wconf 84' lang='lat' dir='ltr'><strong>Phegeo</strong></span> <span class='ocrx_word' id='word_1_26' title='bbox 1287 502 1572 562; x_wconf 84' lang='lat' dir='ltr'><strong>Phocidis</strong></span> <span class='ocrx_word' id='word_1_27' title='bbox 1627 520 1768 579; x_wconf 84' lang='lat' dir='ltr'><strong>rege</strong></span> <span class='ocrx_word' id='word_1_28' title='bbox 1820 520 1966 582; x_wconf 89' lang='lat' dir='ltr'><strong>pur-</strong></span> 
     </span>
     <span class='ocr_line' id='line_1_5' title="bbox 184 601 1972 685; baseline -0.004 -19"><span class='ocrx_word' id='word_1_29' title='bbox 184 616 390 685; x_wconf 87' lang='lat' dir='ltr'><strong>gatum</strong></span> <span class='ocrx_word' id='word_1_30' title='bbox 450 605 626 676; x_wconf 88' lang='lat' dir='ltr'><strong>dicit,</strong></span> <span class='ocrx_word' id='word_1_31' title='bbox 696 601 947 659; x_wconf 91' lang='lat' dir='ltr'><strong>Peleum</strong></span> <span class='ocrx_word' id='word_1_32' title='bbox 1020 601 1099 659; x_wconf 92' lang='lat' dir='ltr'><strong>ob</strong></span> <span class='ocrx_word' id='word_1_33' title='bbox 1156 601 1344 660; x_wconf 92' lang='lat' dir='ltr'><strong>Phoci</strong></span> <span class='ocrx_word' id='word_1_34' title='bbox 1400 602 1646 661; x_wconf 90' lang='lat' dir='ltr'><strong>caedem</strong></span> <span class='ocrx_word' id='word_1_35' title='bbox 1706 601 1783 660; x_wconf 91' lang='lat' dir='ltr'><strong>ab</strong></span> <span class='ocrx_word' id='word_1_36' title='bbox 1840 601 1972 659; x_wconf 78' lang='lat' dir='ltr'><strong>Eu-</strong></span> 
     </span>
     <span class='ocr_line' id='line_1_6' title="bbox 185 699 1968 783; baseline -0.006 -17"><span class='ocrx_word' id='word_1_37' title='bbox 185 718 325 783; x_wconf 88' lang='lat' dir='ltr'><strong>ryto</strong></span> <span class='ocrx_word' id='word_1_38' title='bbox 394 725 439 763; x_wconf 79' lang='lat' dir='ltr'><strong>S.</strong></span> <span class='ocrx_word' id='word_1_39' title='bbox 494 702 837 778; x_wconf 90' lang='lat' dir='ltr'><strong>Eurytione</strong></span> <span class='ocrx_word' id='word_1_40' title='bbox 895 699 1266 759; x_wconf 80' lang='lat' dir='ltr'><strong>Phthiotidis</strong></span> <span class='ocrx_word' id='word_1_41' title='bbox 1329 701 1708 779; x_wconf 85' lang='lat' dir='ltr'><strong>Pherecydes</strong></span> <span class='ocrx_word' id='word_1_42' title='bbox 1768 699 1968 759; x_wconf 84' lang='lat' dir='ltr'><strong>Schol.</strong></span> 
     </span>
     <span class='ocr_line' id='line_1_7' title="bbox 184 799 1970 881; baseline -0.004 -17"><span class='ocrx_word' id='word_1_43' title='bbox 184 807 329 881; x_wconf 93' lang='lat' dir='ltr'><strong>Lyc.</strong></span> <span class='ocrx_word' id='word_1_44' title='bbox 395 804 532 862; x_wconf 89' lang='grc'><strong>176.</strong></span> <span class='ocrx_word' id='word_1_45' title='bbox 606 812 667 860; x_wconf 92' lang='lat' dir='ltr'><strong>et</strong></span> <span class='ocrx_word' id='word_1_46' title='bbox 732 820 919 880; x_wconf 89' lang='lat' dir='ltr'><strong>quum</strong></span> <span class='ocrx_word' id='word_1_47' title='bbox 988 801 1150 858; x_wconf 90' lang='lat' dir='ltr'><strong>hunc</strong></span> <span class='ocrx_word' id='word_1_48' title='bbox 1234 800 1554 859; x_wconf 89' lang='lat' dir='ltr'><strong>occidisset</strong></span> <span class='ocrx_word' id='word_1_49' title='bbox 1608 801 1686 859; x_wconf 87' lang='lat' dir='ltr'><strong>ab</strong></span> <span class='ocrx_word' id='word_1_50' title='bbox 1742 799 1970 860; x_wconf 85' lang='lat' dir='ltr'><strong>Acasto</strong></span> 
     </span>
     <span class='ocr_line' id='line_1_8' title="bbox 189 897 1972 964; baseline -0.004 -1"><span class='ocrx_word' id='word_1_51' title='bbox 189 903 371 964; x_wconf 85' lang='lat' dir='ltr'><strong>ovid.</strong></span> <span class='ocrx_word' id='word_1_52' title='bbox 417 903 562 962; x_wconf 89' lang='lat' dir='ltr'><strong>Met.</strong></span> <span class='ocrx_word' id='word_1_53' title='bbox 605 901 713 961; x_wconf 90' lang='lat' dir='ltr'><strong>XI.</strong></span> <span class='ocrx_word' id='word_1_54' title='bbox 759 899 903 959; x_wconf 83' lang='lat'><strong>469.</strong></span> <span class='ocrx_word' id='word_1_55' title='bbox 951 900 1152 959; x_wconf 86' lang='lat' dir='ltr'><strong>Schol.</strong></span> <span class='ocrx_word' id='word_1_56' title='bbox 1195 898 1382 958; x_wconf 90' lang='lat' dir='ltr'><strong>Arist.</strong></span> <span class='ocrx_word' id='word_1_57' title='bbox 1418 899 1575 960; x_wconf 93' lang='lat' dir='ltr'><strong>Nub.</strong></span> <span class='ocrx_word' id='word_1_58' title='bbox 1614 897 1792 959; x_wconf 86' lang='grc'><strong>1053.</strong></span> <span class='ocrx_word' id='word_1_59' title='bbox 1836 898 1972 957; x_wconf 91' lang='lat' dir='ltr'><strong>Bel-</strong></span> 
     </span>
     <span class='ocr_line' id='line_1_9' title="bbox 186 996 1975 1082; baseline -0.003 -21"><span class='ocrx_word' id='word_1_60' title='bbox 186 1003 616 1082; x_wconf 89' lang='lat' dir='ltr'><strong>lerophontem</strong></span> <span class='ocrx_word' id='word_1_61' title='bbox 664 1021 701 1059; x_wconf 86' lang='lat' dir='ltr'><strong>a</strong></span> <span class='ocrx_word' id='word_1_62' title='bbox 743 1001 966 1060; x_wconf 88' lang='lat' dir='ltr'><strong>Proeto</strong></span> <span class='ocrx_word' id='word_1_63' title='bbox 1011 998 1464 1080; x_wconf 84' lang='lat' dir='ltr'><strong>ApollodoruS‚</strong></span> <span class='ocrx_word' id='word_1_64' title='bbox 1520 998 1814 1078; x_wconf 88' lang='lat' dir='ltr'><strong>Triopam</strong></span> <span class='ocrx_word' id='word_1_65' title='bbox 1859 996 1975 1055; x_wconf 92' lang='lat' dir='ltr'><strong>Te-</strong></span> 
     </span>
     <span class='ocr_line' id='line_1_10' title="bbox 188 1097 1977 1180; baseline -0.004 -18"><span class='ocrx_word' id='word_1_66' title='bbox 188 1104 362 1180; x_wconf 86' lang='lat' dir='ltr'><strong>nagis</strong></span> <span class='ocrx_word' id='word_1_67' title='bbox 434 1103 766 1161; x_wconf 87' lang='lat' dir='ltr'><strong>occisorem</strong></span> <span class='ocrx_word' id='word_1_68' title='bbox 825 1120 862 1159; x_wconf 86' lang='lat' dir='ltr'><strong>a</strong></span> <span class='ocrx_word' id='word_1_69' title='bbox 916 1100 1206 1159; x_wconf 89' lang='lat' dir='ltr'><strong>Melisseo</strong></span> <span class='ocrx_word' id='word_1_70' title='bbox 1262 1098 1450 1158; x_wconf 85' lang='lat' dir='ltr'><strong>Diod.</strong></span> <span class='ocrx_word' id='word_1_71' title='bbox 1510 1098 1581 1159; x_wconf 89' lang='lat' dir='ltr'><strong>V.</strong></span> <span class='ocrx_word' id='word_1_72' title='bbox 1637 1098 1737 1161; x_wconf 90' lang='grc'><strong>61.</strong></span> <span class='ocrx_word' id='word_1_73' title='bbox 1823 1097 1977 1156; x_wconf 90' lang='lat' dir='ltr'><strong>Poe-</strong></span> 
     </span>
     <span class='ocr_line' id='line_1_11' title="bbox 189 1198 1979 1282; baseline -0.003 -20"><span class='ocrx_word' id='word_1_74' title='bbox 189 1201 550 1277; x_wconf 86' lang='lat' dir='ltr'><strong>mandrum,</strong></span> <span class='ocrx_word' id='word_1_75' title='bbox 612 1204 716 1282; x_wconf 92' lang='lat' dir='ltr'><strong>qui</strong></span> <span class='ocrx_word' id='word_1_76' title='bbox 772 1202 966 1260; x_wconf 91' lang='lat' dir='ltr'><strong>filium</strong></span> <span class='ocrx_word' id='word_1_77' title='bbox 1022 1208 1400 1280; x_wconf 81' lang='lat' dir='ltr'><strong>peremerat,</strong></span> <span class='ocrx_word' id='word_1_78' title='bbox 1459 1198 1535 1258; x_wconf 91' lang='lat' dir='ltr'><strong>ab</strong></span> <span class='ocrx_word' id='word_1_79' title='bbox 1590 1198 1979 1278; x_wconf 90' lang='lat' dir='ltr'><strong>Elephenore</strong></span> 
     </span>
     <span class='ocr_line' id='line_1_12' title="bbox 191 1298 2025 1381; baseline -0.003 -19"><span class='ocrx_word' id='word_1_80' title='bbox 191 1302 492 1381; x_wconf 89' lang='lat' dir='ltr'><strong>Plutarch.</strong></span> <span class='ocrx_word' id='word_1_81' title='bbox 554 1299 803 1373; x_wconf 80' lang='lat' dir='ltr'><strong>Quaest.</strong></span> <span class='ocrx_word' id='word_1_82' title='bbox 861 1299 1070 1361; x_wconf 89' lang='lat' dir='ltr'><strong>Graec.</strong></span> <span class='ocrx_word' id='word_1_83' title='bbox 1127 1298 1446 1359; x_wconf 88' lang='lat' dir='ltr'><strong>XXXVII.</strong></span> <span class='ocrx_word' id='word_1_84' title='bbox 1491 1299 1635 1359; x_wconf 82' lang='lat'><strong>397.</strong></span> <span class='ocrx_word' id='word_1_85' title='bbox 1719 1299 1978 1378; x_wconf 84' lang='lat' dir='ltr'><strong>Amphi-</strong></span> <span class='ocrx_word' id='word_1_86' title='bbox 2010 1360 2025 1364; x_wconf 53' lang='grc'>,</span> 
     </span>
     <span class='ocr_line' id='line_1_13' title="bbox 197 1395 1987 1480; baseline -0.003 -18"><span class='ocrx_word' id='word_1_87' title='bbox 197 1412 506 1479; x_wconf 86' lang='lat' dir='ltr'><strong>ctyonem‚</strong></span> <span class='ocrx_word' id='word_1_88' title='bbox 555 1419 740 1480; x_wconf 91' lang='lat' dir='ltr'><strong>quum</strong></span> <span class='ocrx_word' id='word_1_89' title='bbox 787 1419 999 1460; x_wconf 91' lang='lat' dir='ltr'><strong>socero</strong></span> <span class='ocrx_word' id='word_1_90' title='bbox 1038 1419 1250 1459; x_wconf 90' lang='lat' dir='ltr'><strong>necem</strong></span> <span class='ocrx_word' id='word_1_91' title='bbox 1282 1399 1604 1473; x_wconf 83' lang='lat' dir='ltr'><strong>attulisset,</strong></span> <span class='ocrx_word' id='word_1_92' title='bbox 1649 1418 1688 1458; x_wconf 89' lang='lat' dir='ltr'><strong>a</strong></span> <span class='ocrx_word' id='word_1_93' title='bbox 1719 1395 1987 1457; x_wconf 87' lang='lat' dir='ltr'><strong>Creonte.</strong></span> 
     </span>
     <span class='ocr_line' id='line_1_14' title="bbox 192 1498 1984 1582; baseline -0.002 -20"><span class='ocrx_word' id='word_1_94' title='bbox 192 1501 485 1582; x_wconf 90' lang='lat' dir='ltr'><strong>Apollod.</strong></span> <span class='ocrx_word' id='word_1_95' title='bbox 530 1502 606 1559; x_wconf 92' lang='lat' dir='ltr'><strong>II.</strong></span> <span class='ocrx_word' id='word_1_96' title='bbox 650 1500 710 1559; x_wconf 91' lang='grc'><strong>4.</strong></span> <span class='ocrx_word' id='word_1_97' title='bbox 754 1500 813 1559; x_wconf 90' lang='grc'><strong>6.</strong></span> <span class='ocrx_word' id='word_1_98' title='bbox 905 1500 1204 1560; x_wconf 90' lang='lat' dir='ltr'><strong>Hercules</strong></span> <span class='ocrx_word' id='word_1_99' title='bbox 1248 1498 1440 1560; x_wconf 93' lang='lat' dir='ltr'><strong>Neleo</strong></span> <span class='ocrx_word' id='word_1_100' title='bbox 1483 1498 1713 1559; x_wconf 85' lang='lat' dir='ltr'><strong>frustra</strong></span> <span class='ocrx_word' id='word_1_101' title='bbox 1753 1508 1984 1577; x_wconf 86' lang='lat' dir='ltr'><strong>rogata,</strong></span> 
     </span>
     <span class='ocr_line' id='line_1_15' title="bbox 196 1598 1984 1681; baseline -0.003 -20"><span class='ocrx_word' id='word_1_102' title='bbox 196 1612 265 1661; x_wconf 94' lang='lat' dir='ltr'><strong>ut</strong></span> <span class='ocrx_word' id='word_1_103' title='bbox 307 1602 498 1681; x_wconf 89' lang='lat' dir='ltr'><strong>Iphiti</strong></span> <span class='ocrx_word' id='word_1_104' title='bbox 539 1601 803 1680; x_wconf 89' lang='lat' dir='ltr'><strong>hospitis</strong></span> <span class='ocrx_word' id='word_1_105' title='bbox 848 1602 1204 1679; x_wconf 86' lang='lat' dir='ltr'><strong>sanguinem</strong></span> <span class='ocrx_word' id='word_1_106' title='bbox 1250 1599 1546 1678; x_wconf 84' lang='lat' dir='ltr'><strong>expiaret,</strong></span> <span class='ocrx_word' id='word_1_107' title='bbox 1591 1598 1984 1679; x_wconf 89' lang='lat' dir='ltr'><strong>aDeiphobo</strong></span> 
     </span>
     <span class='ocr_line' id='line_1_16' title="bbox 196 1698 1985 1781; baseline -0.002 -21"><span class='ocrx_word' id='word_1_108' title='bbox 196 1703 557 1781; x_wconf 86' lang='lat' dir='ltr'><strong>impetravit</strong></span> <span class='ocrx_word' id='word_1_109' title='bbox 612 1699 801 1759; x_wconf 91' lang='lat' dir='ltr'><strong>Diod.</strong></span> <span class='ocrx_word' id='word_1_110' title='bbox 854 1701 959 1760; x_wconf 93' lang='lat' dir='ltr'><strong>IV.</strong></span> <span class='ocrx_word' id='word_1_111' title='bbox 1021 1700 1120 1761; x_wconf 88' lang='lat'><strong>31.</strong></span> <span class='ocrx_word' id='word_1_112' title='bbox 1195 1699 1394 1758; x_wconf 86' lang='lat' dir='ltr'><strong>Schol.</strong></span> <span class='ocrx_word' id='word_1_113' title='bbox 1464 1699 1638 1759; x_wconf 91' lang='lat' dir='ltr'><strong>Pind.</strong></span> <span class='ocrx_word' id='word_1_114' title='bbox 1705 1698 1816 1759; x_wconf 92' lang='lat' dir='ltr'><strong>IX.</strong></span> <span class='ocrx_word' id='word_1_115' title='bbox 1883 1698 1985 1758; x_wconf 91' lang='grc'><strong>44.</strong></span> 
     </span>
     <span class='ocr_line' id='line_1_17' title="bbox 196 1799 1987 1881; baseline 0.001 -22"><span class='ocrx_word' id='word_1_116' title='bbox 196 1800 487 1881; x_wconf 88' lang='lat' dir='ltr'><strong>idemque</strong></span> <span class='ocrx_word' id='word_1_117' title='bbox 533 1819 571 1859; x_wconf 91' lang='lat' dir='ltr'><strong>a</strong></span> <span class='ocrx_word' id='word_1_118' title='bbox 613 1800 946 1859; x_wconf 88' lang='lat' dir='ltr'><strong>liberorum</strong></span> <span class='ocrx_word' id='word_1_119' title='bbox 994 1799 1180 1860; x_wconf 87' lang='lat' dir='ltr'><strong>caede</strong></span> <span class='ocrx_word' id='word_1_120' title='bbox 1229 1819 1341 1879; x_wconf 90' lang='lat' dir='ltr'><strong>per</strong></span> <span class='ocrx_word' id='word_1_121' title='bbox 1386 1799 1710 1860; x_wconf 90' lang='lat' dir='ltr'><strong>Thestium</strong></span> <span class='ocrx_word' id='word_1_122' title='bbox 1766 1799 1987 1860; x_wconf 87' lang='lat' dir='ltr'><strong>libera-</strong></span> 
     </span>
     <span class='ocr_line' id='line_1_18' title="bbox 202 1899 1989 1981; baseline -0.001 -21"><span class='ocrx_word' id='word_1_123' title='bbox 202 1910 304 1960; x_wconf 93' lang='lat' dir='ltr'><strong>tus</strong></span> <span class='ocrx_word' id='word_1_124' title='bbox 363 1911 456 1960; x_wconf 92' lang='lat' dir='ltr'><strong>est</strong></span> <span class='ocrx_word' id='word_1_125' title='bbox 511 1900 801 1981; x_wconf 89' lang='lat' dir='ltr'><strong>Apollod.</strong></span> <span class='ocrx_word' id='word_1_126' title='bbox 846 1902 923 1960; x_wconf 91' lang='lat' dir='ltr'><strong>II.</strong></span> <span class='ocrx_word' id='word_1_127' title='bbox 979 1901 1038 1959; x_wconf 90' lang='lat'><strong>4.</strong></span> <span class='ocrx_word' id='word_1_128' title='bbox 1088 1900 1184 1959; x_wconf 88' lang='lat'><strong>12.</strong></span> <span class='ocrx_word' id='word_1_129' title='bbox 1238 1899 1373 1973; x_wconf 84' lang='lat' dir='ltr'><strong>vel,</strong></span> <span class='ocrx_word' id='word_1_130' title='bbox 1430 1909 1500 1958; x_wconf 90' lang='lat' dir='ltr'><strong>ut</strong></span> <span class='ocrx_word' id='word_1_131' title='bbox 1555 1901 1664 1959; x_wconf 90' lang='lat' dir='ltr'><strong>alii</strong></span> <span class='ocrx_word' id='word_1_132' title='bbox 1717 1908 1989 1974; x_wconf 87' lang='lat' dir='ltr'><strong>narrant,</strong></span> 
     </span>
     <span class='ocr_line' id='line_1_19' title="bbox 199 1998 1990 2082; baseline 0 -22"><span class='ocrx_word' id='word_1_133' title='bbox 199 2021 312 2082; x_wconf 90' lang='lat' dir='ltr'><strong>per</strong></span> <span class='ocrx_word' id='word_1_134' title='bbox 342 2001 632 2077; x_wconf 86' lang='lat' dir='ltr'><strong>Sycalum</strong></span> <span class='ocrx_word' id='word_1_135' title='bbox 666 2000 866 2059; x_wconf 86' lang='lat' dir='ltr'><strong>Schol.</strong></span> <span class='ocrx_word' id='word_1_136' title='bbox 903 2000 1080 2060; x_wconf 91' lang='lat' dir='ltr'><strong>Pind.</strong></span> <span class='ocrx_word' id='word_1_137' title='bbox 1122 1999 1335 2057; x_wconf 90' lang='lat' dir='ltr'><strong>Isthm.</strong></span> <span class='ocrx_word' id='word_1_138' title='bbox 1378 1998 1476 2057; x_wconf 92' lang='lat' dir='ltr'><strong>IV.</strong></span> <span class='ocrx_word' id='word_1_139' title='bbox 1517 1999 1654 2059; x_wconf 88' lang='lat'><strong>104.</strong></span> <span class='ocrx_word' id='word_1_140' title='bbox 1697 2002 1990 2080; x_wconf 86' lang='lat' dir='ltr'><strong>peremtis</strong></span> 
     </span>
     <span class='ocr_line' id='line_1_20' title="bbox 201 2096 1992 2180; baseline -0.001 -21"><span class='ocrx_word' id='word_1_141' title='bbox 201 2101 411 2159; x_wconf 90' lang='lat' dir='ltr'><strong>Protei</strong></span> <span class='ocrx_word' id='word_1_142' title='bbox 467 2101 609 2158; x_wconf 90' lang='lat' dir='ltr'><strong>filiis</strong></span> <span class='ocrx_word' id='word_1_143' title='bbox 655 2119 693 2158; x_wconf 91' lang='lat' dir='ltr'><strong>a</strong></span> <span class='ocrx_word' id='word_1_144' title='bbox 734 2110 911 2179; x_wconf 88' lang='lat' dir='ltr'><strong>patre</strong></span> <span class='ocrx_word' id='word_1_145' title='bbox 965 2102 1106 2180; x_wconf 90' lang='lat' dir='ltr'><strong>ipso</strong></span> <span class='ocrx_word' id='word_1_146' title='bbox 1167 2096 1401 2158; x_wconf 89' lang='lat' dir='ltr'><strong>Conon.</strong></span> <span class='ocrx_word' id='word_1_147' title='bbox 1458 2120 1505 2157; x_wconf 92' lang='lat' dir='ltr'><strong>c.</strong></span> <span class='ocrx_word' id='word_1_148' title='bbox 1547 2099 1811 2159; x_wconf 90' lang='lat' dir='ltr'><strong>XXXII.</strong></span> <span class='ocrx_word' id='word_1_149' title='bbox 1867 2099 1992 2176; x_wconf 90' lang='lat' dir='ltr'><strong>Ty-·</strong></span> 
     </span>
     <span class='ocr_line' id='line_1_21' title="bbox 206 2198 1991 2278; baseline 0.001 -21"><span class='ocrx_word' id='word_1_150' title='bbox 206 2198 357 2258; x_wconf 90' lang='lat' dir='ltr'><strong>deus</strong></span> <span class='ocrx_word' id='word_1_151' title='bbox 412 2199 488 2259; x_wconf 91' lang='lat' dir='ltr'><strong>ab</strong></span> <span class='ocrx_word' id='word_1_152' title='bbox 547 2199 815 2259; x_wconf 86' lang='lat' dir='ltr'><strong>Adrasto</strong></span> <span class='ocrx_word' id='word_1_153' title='bbox 871 2198 1204 2276; x_wconf 87' lang='lat' dir='ltr'><strong>Pherecyd.</strong></span> <span class='ocrx_word' id='word_1_154' title='bbox 1260 2218 1321 2278; x_wconf 91' lang='lat' dir='ltr'><strong>p.</strong></span> <span class='ocrx_word' id='word_1_155' title='bbox 1383 2198 1521 2258; x_wconf 88' lang='grc'><strong>168.</strong></span> <span class='ocrx_word' id='word_1_156' title='bbox 1589 2200 1661 2259; x_wconf 86' lang='lat' dir='ltr'><strong>cf.</strong></span> <span class='ocrx_word' id='word_1_157' title='bbox 1721 2199 1991 2259; x_wconf 91' lang='lat' dir='ltr'><strong>Visconti</strong></span> 
     </span>
     <span class='ocr_line' id='line_1_22' title="bbox 204 2297 1995 2367; baseline 0 -9"><span class='ocrx_word' id='word_1_158' title='bbox 204 2297 667 2362; x_wconf 89' lang='lat' dir='ltr'><strong>Pio-Clement.</strong></span> <span class='ocrx_word' id='word_1_159' title='bbox 715 2300 783 2367; x_wconf 89' lang='lat' dir='ltr'><strong>T.</strong></span> <span class='ocrx_word' id='word_1_160' title='bbox 828 2301 873 2359; x_wconf 95' lang='lat' dir='ltr'><strong>I.</strong></span> <span class='ocrx_word' id='word_1_161' title='bbox 922 2300 1065 2360; x_wconf 87' lang='grc'><strong>347.</strong></span> <span class='ocrx_word' id='word_1_162' title='bbox 1145 2297 1491 2359; x_wconf 87' lang='lat' dir='ltr'><strong>Carrhabus</strong></span> <span class='ocrx_word' id='word_1_163' title='bbox 1535 2300 1739 2359; x_wconf 92' lang='lat' dir='ltr'><strong>Zeliae</strong></span> <span class='ocrx_word' id='word_1_164' title='bbox 1785 2298 1995 2359; x_wconf 86' lang='lat' dir='ltr'><strong>condi-</strong></span> 
     </span>
     <span class='ocr_line' id='line_1_23' title="bbox 207 2399 1995 2479; baseline 0.002 -23"><span class='ocrx_word' id='word_1_165' title='bbox 207 2408 307 2457; x_wconf 89' lang='lat' dir='ltr'><strong>tor</strong></span> <span class='ocrx_word' id='word_1_166' title='bbox 352 2418 389 2456; x_wconf 86' lang='lat' dir='ltr'><strong>a</strong></span> <span class='ocrx_word' id='word_1_167' title='bbox 433 2399 594 2458; x_wconf 90' lang='lat' dir='ltr'><strong>Troe</strong></span> <span class='ocrx_word' id='word_1_168' title='bbox 638 2401 919 2459; x_wconf 89' lang='lat' dir='ltr'><strong>Eustath.</strong></span> <span class='ocrx_word' id='word_1_169' title='bbox 989 2421 1049 2479; x_wconf 92' lang='lat' dir='ltr'><strong>p.</strong></span> <span class='ocrx_word' id='word_1_170' title='bbox 1104 2400 1248 2458; x_wconf 89' lang='lat'><strong>448.</strong></span> <span class='ocrx_word' id='word_1_171' title='bbox 1318 2419 1356 2458; x_wconf 91' lang='lat' dir='ltr'><strong>a</strong></span> <span class='ocrx_word' id='word_1_172' title='bbox 1422 2400 1664 2458; x_wconf 90' lang='lat' dir='ltr'><strong>Pittheo</strong></span> <span class='ocrx_word' id='word_1_173' title='bbox 1724 2400 1995 2459; x_wconf 89' lang='lat' dir='ltr'><strong>Theseus</strong></span> 
     </span>
     <span class='ocr_line' id='line_1_24' title="bbox 206 2497 1998 2561; baseline 0.001 -5"><span class='ocrx_word' id='word_1_174' title='bbox 206 2498 385 2556; x_wconf 77' lang='lat' dir='ltr'><strong>Paus,</strong></span> <span class='ocrx_word' id='word_1_175' title='bbox 441 2500 488 2561; x_wconf 91' lang='lat' dir='ltr'><strong>I.</strong></span> <span class='ocrx_word' id='word_1_176' title='bbox 548 2500 649 2558; x_wconf 87' lang='lat'><strong>22.</strong></span> <span class='ocrx_word' id='word_1_177' title='bbox 768 2497 1038 2558; x_wconf 90' lang='lat' dir='ltr'><strong>Achilles</strong></span> <span class='ocrx_word' id='word_1_178' title='bbox 1093 2518 1132 2557; x_wconf 89' lang='lat' dir='ltr'><strong>a</strong></span> <span class='ocrx_word' id='word_1_179' title='bbox 1185 2498 1500 2561; x_wconf 90' lang='lat' dir='ltr'><strong>Trambeli</strong></span> <span class='ocrx_word' id='word_1_180' title='bbox 1557 2498 1742 2558; x_wconf 89' lang='lat' dir='ltr'><strong>caede</strong></span> <span class='ocrx_word' id='word_1_181' title='bbox 1795 2499 1998 2559; x_wconf 91' lang='lat' dir='ltr'><strong>Mileti</strong></span> 
     </span>
     <span class='ocr_line' id='line_1_25' title="bbox 209 2597 1994 2678; baseline 0.002 -21"><span class='ocrx_word' id='word_1_182' title='bbox 209 2597 431 2658; x_wconf 92' lang='lat' dir='ltr'><strong>Athen.</strong></span> <span class='ocrx_word' id='word_1_183' title='bbox 470 2600 563 2678; x_wconf 84' lang='lat' dir='ltr'><strong>II.</strong></span> <span class='ocrx_word' id='word_1_184' title='bbox 617 2598 719 2658; x_wconf 80' lang='lat'><strong>43.</strong></span> <span class='ocrx_word' id='word_1_185' title='bbox 763 2599 835 2656; x_wconf 90' lang='grc' dir='ltr'><strong>Ε.</strong></span> <span class='ocrx_word' id='word_1_186' title='bbox 934 2597 1330 2678; x_wconf 89' lang='lat' dir='ltr'><strong>Lampridius</strong></span> <span class='ocrx_word' id='word_1_187' title='bbox 1387 2597 1628 2677; x_wconf 88' lang='lat' dir='ltr'><strong>Heliog.</strong></span> <span class='ocrx_word' id='word_1_188' title='bbox 1673 2599 1806 2658; x_wconf 89' lang='lat' dir='ltr'><strong>VII.</strong></span> <span class='ocrx_word' id='word_1_189' title='bbox 1851 2601 1994 2660; x_wconf 83' lang='lat'><strong>809.</strong></span> 
     </span>
     <span class='ocr_line' id='line_1_26' title="bbox 212 2697 1995 2778; baseline 0.001 -21"><span class='ocrx_word' id='word_1_190' title='bbox 212 2697 532 2759; x_wconf 85' lang='lat' dir='ltr'><strong>Orestes</strong></span> <span class='ocrx_word' id='word_1_191' title='bbox 614 2707 1119 2778; x_wconf 91' lang='lat' dir='ltr'><strong>posteaquam</strong></span> <span class='ocrx_word' id='word_1_192' title='bbox 1196 2718 1273 2758; x_wconf 92' lang='lat' dir='ltr'><strong>se</strong></span> <span class='ocrx_word' id='word_1_193' title='bbox 1344 2698 1546 2778; x_wconf 90' lang='lat' dir='ltr'><strong>apud</strong></span> <span class='ocrx_word' id='word_1_194' title='bbox 1619 2701 1776 2759; x_wconf 86' lang='lat' dir='ltr'><strong>tria</strong></span> <span class='ocrx_word' id='word_1_195' title='bbox 1843 2700 1995 2759; x_wconf 88' lang='lat' dir='ltr'><strong>flu-</strong></span> 
     </span>
     <span class='ocr_line' id='line_1_27' title="bbox 209 2781 1995 2880; baseline 0.001 -23"><span class='ocrx_word' id='word_1_196' title='bbox 209 2799 416 2858; x_wconf 89' lang='lat' dir='ltr'><strong>mina</strong></span> <span class='ocrx_word' id='word_1_197' title='bbox 479 2781 1079 2860; x_wconf 47' lang='lat' dir='ltr'><strong>circffHebrum</strong></span> <span class='ocrx_word' id='word_1_198' title='bbox 1138 2819 1225 2858; x_wconf 83' lang='lat' dir='ltr'><strong>ex</strong></span> <span class='ocrx_word' id='word_1_199' title='bbox 1278 2818 1657 2878; x_wconf 87' lang='lat' dir='ltr'><strong>responso</strong></span> <span class='ocrx_word' id='word_1_200' title='bbox 1712 2799 1995 2880; x_wconf 91' lang='lat' dir='ltr'><strong>purifi-</strong></span> 
     </span>
     <span class='ocr_line' id='line_1_28' title="bbox 213 2897 1994 2979; baseline 0.001 -22"><span class='ocrx_word' id='word_1_201' title='bbox 213 2900 457 2971; x_wconf 85' lang='lat' dir='ltr'><strong>cavit,</strong></span> <span class='ocrx_word' id='word_1_202' title='bbox 497 2897 855 2958; x_wconf 89' lang='lat' dir='ltr'><strong>Orestam</strong></span> <span class='ocrx_word' id='word_1_203' title='bbox 892 2897 1254 2959; x_wconf 90' lang='lat' dir='ltr'><strong>condidit</strong></span> <span class='ocrx_word' id='word_1_204' title='bbox 1298 2900 1743 2974; x_wconf 89' lang='lat' dir='ltr'><strong>civitatem‚</strong></span> <span class='ocrx_word' id='word_1_205' title='bbox 1776 2918 1994 2979; x_wconf 90' lang='lat' dir='ltr'><strong>quam</strong></span> 
     </span>
     <span class='ocr_line' id='line_1_29' title="bbox 215 3000 1994 3078; baseline 0.001 -22"><span class='ocrx_word' id='word_1_206' title='bbox 215 3016 449 3077; x_wconf 88' lang='lat' dir='ltr'><strong>saepe</strong></span> <span class='ocrx_word' id='word_1_207' title='bbox 517 3002 925 3060; x_wconf 89' lang='lat' dir='ltr'><strong>cruentari</strong></span> <span class='ocrx_word' id='word_1_208' title='bbox 992 3000 1383 3061; x_wconf 86' lang='lat' dir='ltr'><strong>hominum</strong></span> <span class='ocrx_word' id='word_1_209' title='bbox 1440 3001 1812 3078; x_wconf 87' lang='lat' dir='ltr'><strong>sanguine</strong></span> <span class='ocrx_word' id='word_1_210' title='bbox 1865 3017 1994 3057; x_wconf 89' lang='lat' dir='ltr'><strong>ne-</strong></span> 
     </span>
     <span class='ocr_line' id='line_1_30' title="bbox 217 3099 1995 3180; baseline 0 -23"><span class='ocrx_word' id='word_1_211' title='bbox 217 3115 430 3157; x_wconf 92' lang='lat' dir='ltr'><strong>cesse</strong></span> <span class='ocrx_word' id='word_1_212' title='bbox 476 3107 604 3157; x_wconf 90' lang='lat' dir='ltr'><strong>est.</strong></span> <span class='ocrx_word' id='word_1_213' title='bbox 693 3099 888 3160; x_wconf 89' lang='lat' dir='ltr'><strong>Varro</strong></span> <span class='ocrx_word' id='word_1_214' title='bbox 931 3101 1171 3178; x_wconf 85' lang='lat' dir='ltr'><strong>Fragm.</strong></span> <span class='ocrx_word' id='word_1_215' title='bbox 1228 3119 1289 3180; x_wconf 90' lang='lat' dir='ltr'><strong>p.</strong></span> <span class='ocrx_word' id='word_1_216' title='bbox 1335 3102 1480 3163; x_wconf 89' lang='grc'><strong>207.</strong></span> <span class='ocrx_word' id='word_1_217' title='bbox 1564 3100 1701 3180; x_wconf 92' lang='lat' dir='ltr'><strong>Bip.</strong></span> <span class='ocrx_word' id='word_1_218' title='bbox 1756 3108 1995 3178; x_wconf 90' lang='lat' dir='ltr'><strong>septem</strong></span> 
     </span>
     <span class='ocr_line' id='line_1_31' title="bbox 218 3197 1998 3280; baseline 0.002 -25"><span class='ocrx_word' id='word_1_219' title='bbox 218 3197 440 3258; x_wconf 89' lang='lat' dir='ltr'><strong>fluvios</strong></span> <span class='ocrx_word' id='word_1_220' title='bbox 498 3211 874 3274; x_wconf 45' lang='lat' dir='ltr'><strong>enumerat„</strong></span> <span class='ocrx_word' id='word_1_221' title='bbox 915 3203 980 3259; x_wconf 90' lang='lat' dir='ltr'><strong>in</strong></span> <span class='ocrx_word' id='word_1_222' title='bbox 1046 3203 1263 3280; x_wconf 88' lang='lat' dir='ltr'><strong>quibus</strong></span> <span class='ocrx_word' id='word_1_223' title='bbox 1323 3201 1428 3259; x_wconf 91' lang='lat' dir='ltr'><strong>ille</strong></span> <span class='ocrx_word' id='word_1_224' title='bbox 1484 3220 1522 3259; x_wconf 92' lang='lat' dir='ltr'><strong>a</strong></span> <span class='ocrx_word' id='word_1_225' title='bbox 1575 3201 1794 3259; x_wconf 82' lang='lat' dir='ltr'><strong>matris</strong></span> <span class='ocrx_word' id='word_1_226' title='bbox 1850 3217 1998 3258; x_wconf 90' lang='lat' dir='ltr'><strong>nece</strong></span> 
     </span>
    </p>
   </div>
   <div class='ocr_carea' id='block_1_4' title="bbox 220 3297 1996 3386">
    <p class='ocr_par' dir='ltr' id='par_1_4' title="bbox 220 3297 1996 3386">
     <span class='ocr_line' id='line_1_32' title="bbox 220 3297 1996 3386; baseline 0.004 -32"><span class='ocrx_word' id='word_1_227' title='bbox 220 3306 512 3376; x_wconf 86' lang='lat' dir='ltr'><strong>purgatus</strong></span> <span class='ocrx_word' id='word_1_228' title='bbox 558 3297 808 3375; x_wconf 89' lang='lat' dir='ltr'><strong>dicitur;</strong></span> <span class='ocrx_word' id='word_1_229' title='bbox 855 3306 920 3366; x_wconf 80' lang='grc' dir='ltr'><strong>ἐν</strong></span> <span class='ocrx_word' id='word_1_230' title='bbox 963 3307 1090 3371; x_wconf 79' lang='grc' dir='ltr'><em>τοῖς</em></span> <span class='ocrx_word' id='word_1_231' title='bbox 1136 3302 1477 3386; x_wconf 43' lang='grc' dir='ltr'><em>λεγοίιιένοις</em></span> <span class='ocrx_word' id='word_1_232' title='bbox 1512 3297 1843 3383; x_wconf 76' lang='grc' dir='ltr'><em>ὃιὰχώροις</em></span> <span class='ocrx_word' id='word_1_233' title='bbox 1886 3323 1996 3362; x_wconf 87' lang='grc' dir='ltr'><strong>πο-</strong></span> 
     </span>
    </p>
   </div>
  </div>
 </body>
</html>
