2150 3814
206 183 366 245 1314
783 196 1003 239 LIBER
1056 195 1401 240 TERTIUS.

206 326 309 410 ῥός
339 325 738 387 Grammatici
775 343 1019 384 summo
1061 342 1358 385 consensu
1405 324 1626 384 docent
1667 323 1834 383 idem
1877 343 1982 384 va-

205 430 332 487 lere
404 423 569 506 quod
637 422 924 507 σκληρός,
1000 443 1258 504 quorum
1330 428 1572 506 utrique
1645 423 1985 483 communis

208 530 379 605 origo
418 533 512 583 est
548 523 807 584 verbum
854 522 1024 587 σκάω
1069 525 1254 606 (ξέω,
1299 523 1463 606 ξύω)
1521 526 1781 584 latinum
1825 540 1987 582 sca-

204 628 330 700 bo,
374 622 539 683 unde
584 621 857 696 σκάλλω,
903 625 1154 696 σκὲλλω,
1201 632 1454 706 σκλῆμι,
1502 622 1789 706 σκληρός,
1834 640 1989 701 quae

210 725 416 786 omnia
449 722 842 795 scabrum,
887 723 1280 803 squalum‚
1326 725 1459 784 sive
1496 739 1986 803 squamosum

209 821 503 903 quiddam
561 832 622 880 et
664 821 931 899 rigidum
976 823 1316 900 significant
1368 832 1430 882 et
1474 842 1513 882 a
1557 822 1990 881 Grammaticis

207 942 450 1003 quoquc
493 924 581 981 sic
624 916 1024 1001 explicantur,
1067 932 1137 981 ut
1176 932 1463 996 crustam,
1506 921 1772 995 scobem,
1816 938 1993 998 squa-

207 1041 403 1096 mam,
447 1023 735 1102 -squalem
780 1021 1177 1101 scabremque
1221 1033 1284 1082 et
1326 1021 1621 1102 quidquid
1666 1038 1994 1099 corporum

209 1124 588 1201 superficiem
632 1120 895 1194 insidet,
950 1122 1192 1195 foedat,
1238 1132 1590 1202 exasperat,
1646 1138 1771 1179 uno
1815 1121 1999 1197 signi-

207 1223 509 1282 ficationis
567 1221 803 1280 ambitu
862 1221 1407 1300 comprehendant3
1476 1239 1672 1301 neque
1739 1217 1998 1303 σκληρός

209 1330 272 1378 et
316 1319 522 1401 σκιρός
565 1322 806 1397 longius
864 1338 902 1377 a
948 1338 1015 1377 se
1073 1320 1305 1380 distant
1359 1340 1540 1399 quam
1599 1320 1881 1405 σκαμβός
1933 1331 1998 1380 et

208 1417 473 1501 σκιμβός
490 1466 510 1493 ,
591 1418 797 1493 maim,
878 1417 1099 1498 κνήθω
1177 1431 1238 1478 et
1304 1421 1526 1495 κνίζω,
1615 1420 1861 1500 σκήπτω
1933 1430 1995 1480 et

209 1518 525 1599 σκίμπτω,
606 1527 827 1599 σκῆνος
896 1527 958 1576 et
1027 1518 1282 1598 σκίναρ,
1352 1521 1419 1579 in
1489 1521 1710 1599 quibus
1780 1520 1996 1579 eadem

207 1626 471 1698 apparet
512 1618 831 1678 literarum
875 1625 940 1682 A
979 1625 1055 1680 Η
1091 1628 1153 1677 et
1196 1628 1234 1682 Ι
1272 1619 1667 1693 vicissitude,
1713 1629 1774 1679 et
1815 1621 1999 1698 vulgo

208 1717 514 1776 habentur
577 1736 691 1797 pro
746 1721 1140 1795 synonymis:
1208 1720 1487 1800 σκιῤῥούς
1542 1721 1648 1783 καὶ
1705 1720 2000 1803 σκληρίας

209 1819 434 1902 ὄγκους
487 1818 661 1876 Phot.
705 1817 862 1877 Bibl.
908 1814 1180 1878 CCXXI.
1236 1819 1379 1878 294.
1439 1830 1501 1878 et
1555 1819 1644 1879 dii
1693 1821 1853 1898 juris
1899 1819 2000 1897 ju-

210 1915 389 1975 randi
443 1916 708 1990 ultores,
780 1936 932 1996 quos
996 1917 1174 1994 Lycii
1242 1920 1307 1977 in
1377 1918 1886 1979 detestationibus
1940 1927 2005 1978 et

211 2014 510 2097 κατάραις
564 2018 861 2077 invocare
914 2016 1231 2090 solebant,
1300 2018 1488 2077 modo
1557 2018 1808 2102 σκληροὶ
1861 2016 2004 2080 θεοὶ

215 2115 501 2173 dicuntur
543 2115 732 2174 modo
779 2115 1013 2197 σκιζὶροί
1067 2126 1130 2174 et
1171 2116 1362 2175 iidem
1414 2119 1622 2202 ἄγριοι
1679 2136 1740 2178 V·
1785 2117 1854 2176 L.
1884 2117 2001 2175 ἱΙΠ.

216 2212 282 2274 C.
339 2215 397 2273 4.
457 2213 510 2295 ξ.
562 2215 614 2274 l.
671 2225 796 2274 not.
841 2217 882 2273 i.
940 2216 1098 2274 sicut
1156 2218 1361 2301 ἄγριοι
1418 2218 1523 2279 καὶ
1580 2216 1832 2297 σκληροί
1886 2233 2002 2296 pro

214 2313 500 2384 ὃύςκολοι
553 2314 722 2393 apud
777 2316 1032 2375 Aristot.
1089 2315 1229 2374 Eth.
1288 2316 1525 2376 Nicom.
1579 2317 1648 2376 L.
1693 2316 1795 2375 IV.
1854 2336 1901 2375 c.
1945 2317 2004 2375 8.

213 2416 287 2476 οὗ
319 2416 584 2495 σκληρὸν
611 2415 746 2476 οὐδ’
778 2417 1000 2499 ἄγριον
1034 2414 1243 2486 πάθος
1280 2417 1582 2476 Plutarch.
1610 2416 1840 2476 Solon.
1886 2436 1933 2481 c.
1959 2415 2004 2474 I.
2103 2455 2113 2456 ff

214 2517 403 2600 ἄγρια
446 2515 551 2577 καὶ
593 2514 825 2595 σκληροὶ
865 2514 944 2576 τὰ
987 2523 1096 2592 τῆς
1138 2514 1331 2594 νήσου
1376 2517 1502 2574 Dio
1541 2513 1678 2576 Chr.
1725 2515 1828 2575 Or.
1872 2513 2002 2573 VII.

213 2634 274 2694 p.
319 2615 463 2674 222.
507 2613 574 2674 id
618 2613 783 2693 quod
834 2613 1136 2674 Pacuvius
1193 2615 1343 2674 dicit
1398 2614 1568 2696 apud
1610 2614 1880 2676 Nonium
1938 2635 1999 2694 p.

220 2713 358 2773 169.
415 2712 516 2772 25.
584 2713 901 2793 squales
961 2732 1437 2795 scapresque
1494 2715 1800 2775 inculta
1868 2734 2001 2776 va-

216 2813 631 2873 stitudine.
719 2813 882 2875 Hinc
923 2814 1109 2890 igitur
1153 2825 1410 2895 apparet
1443 2812 1727 2888 Cobalos,
1758 2816 1877 2894 -qui
1923 2814 2000 2873 ab

217 2911 710 2992 Harpocratione
755 2913 1005 2994 σκληροί
1047 2913 1360 2987 dicuntur,
1417 2914 1634 2973 eodem
1689 2915 2002 2974 intellectu

219 3011 500 3093 σκιρῤούς
544 3023 605 3071 et
650 3011 1061 3095 σκιραφώὸεις
1103 3015 1406 3094 appellari
1447 3015 1754 3094 potuisse,
1800 3033 2001 3094 neque

220 3109 544 3172 obscurum
591 3122 700 3186 est,
745 3112 908 3172 unde
950 3112 1066 3172 hoc
1106 3131 1331 3173 nomen
1374 3115 1684 3174 traxerint.
1746 3113 1994 3173 Etenim

222 3210 479 3293 σκληρός
523 3213 979 3291 vehementem,
1039 3213 1400 3288 molestum,
1461 3223 1728 3272 taetrum
1770 3214 1998 3291 signifi-

223 3321 347 3384 cat3
390 3313 640 3392 proprie
685 3316 902 3395 ἄνεμοι
945 3313 1194 3396 σκ-ληροί
1235 3315 1361 3373 Dio
1406 3311 1543 3373 Chr.
1584 3313 1686 3373 Or.
1719 3314 1823 3373 ΠΙ.
1860 3312 1996 3372 116.
