2150 3814
799 266 1375 311 sAmo'rnaAclA.
1794 258 1955 321 1135

167 397 523 474 Gnossum,
572 396 713 457 hinc
768 395 1131 474 Phrygiam,
1191 406 1324 456 tum
1368 395 1800 458 Marathonem
1845 402 1956 463 At-

164 500 355 558 ticum
397 497 754 570 devenisse,
798 506 1149 577 postremo,
1193 515 1382 577 quum
1423 494 1690 579 Cecrops
1725 498 1954 561 Socum

162 599 605 670 interemisset,
649 595 732 656 ad
773 598 1067 677 pristinas
1117 617 1401 660 reversos
1446 617 1581 659 esse
1624 599 1806 661 sedes

295 763 542 833 νόστιμον
578 765 717 833 &voc
752 766 994 835 ἔκαμψαν
1031 770 1083 832 ἐς
1120 769 1256 841 ἱερὸν
1294 763 1450 832 οὖδας
1479 767 1745 838 Ἀβάντων

296 850 586 922 Κουρήτων
623 853 887 923 προτέρων
914 851 1137 922 χθόνιον
1170 855 1339 924 γένος,
1395 852 1474 917 οἷς
1506 855 1663 923 μέλος
1699 854 1885 923 αὐλῶν,

299 934 378 1000 οἷς
412 939 527 1004 βίος
573 935 856 992 εὐκελάδων
909 939 1095 1010 ξιφέων
1144 937 1336 1000 κτύπος
1388 971 1446 979 -
1495 939 1581 992 καὶ
1634 939 1954 996 ἀσπιδόεσσα

1082 1025 1277 1092 χαρείη.

154 1180 252 1240 Ab
298 1181 396 1251 his
419 1187 649 1252 autem
706 1178 1011 1238 Bacchum
1069 1177 1398 1238 educatum
1458 1196 1594 1239 esse
1650 1180 1768 1240 hoc
1810 1200 1954 1262 pro-

154 1278 420 1350 babilius
477 1279 622 1355 fingi
675 1287 955 1358 poterat,
1023 1297 1166 1359 quo>
1199 1279 1522 1339 illustrior·
1558 1289 1691 1340 erat
1743 1280 1955 1358 Nysae

151 1378 466 1439 Euboicae
533 1378 706 1448 fama
771 1397 832 1440 v.
903 1379 1095 1461 Soph.
1165 1379 1416 1457 Thyest.
1483 1380 1586 1441 Fr.
1644 1379 1747 1440 VI.
1807 1382 1953 1442 649.

150 1479 413 1540 Brunck.
457 1478 701 1560 quoque
747 1481 971 1539 certior
1026 1479 1178 1540 fides
1236 1479 1456 1542 divum
1509 1481 1811 1542 infantem
1871 1481 1954 1541 ad

149 1578 507 1662 Aristaeum
556 1579 860 1641 >Euboeae
912 1600 1118 1659 regem
1177 1582 1541 1642 translatum
1600 1590 1664 1640 et
1720 1601 1758 1642 a
1813 1582 1955 1642 Ma-

151 1679 320 1739 cride
362 1682 430 1739 in
472 1690 650 1740 antro
695 1679 948 1763 ὃιθύρῳ
993 1680 1323 1741 educatum
1369 1701 1504 1741 esse
1551 1702 1611 1743 v.
1657 1681 1950 1762 Apollon.

150 1780 295 1858 Arg.
339 1780 441 1839 lv.
492 1780 674 1840 1334.
734 1789 797 1838 et
842 1780 1044 1839 Schol.
1099 1780 1366 1861 Oppian.
1429 1779 1581 1858 Cyn.
1640 1781 1744 1840 IV.
1802 1781 1948 1845 237.

150 1899 238 1961 sq.
294 1878 494 1939 Nonn.
545 1880 715 1940 XXI.
767 1880 904 1939 192.

950 2130 1003 2219 ξ’.
1093 2137 1151 2197 5.

327 2309 550 2370 Fuisse
609 2311 714 2390 qui
775 2307 1031 2370 Curetes
1075 2309 1391 2370 Aetolicos
1436 2327 1474 2368 a
1519 2305 1701 2369 Creta
1743 2311 1950 2391 profe-

152 2419 281 2469 ctos
323 2421 618 2490 putarent
629 2414 667 2485 ,⁷
694 2410 1017 2471 Strabonis
1062 2411 1415 2470 testimonio
1460 2420 1717 2470 constat.
1794 2411 1952 2472 Item

150 2509 472 2572 Diodorus
526 2511 719 2572 refert
776 2510 847 2572 V.
893 2513 993 2573 60.
1055 2515 1326 2593 quinque
1385 2507 1676 2584 Curetes,
1735 2529 1950 2572 eorum

152 2614 258 2693 qui
302 2610 532 2674 Jovem·
567 2613 929 2674 educassent
969 2621 1290 2694 posteroS‚
1347 2631 1484 2672 cum
1526 2630 1752 2689 magna
1793 2613 1951 2672 mul-

151 2712 420 2772 titudine
500 2710 885 2776 Cretensium
957 2713 1408 2775 Chersonesum
1478 2710 1699 2771 Cariae
1773 2731 1949 2773 occu-

150 2830 336 2892 passe
397 2824 582 2894 atque
635 2815 835 2876 totam
878 2818 1190 2894 regionem
1234 2813 1300 2873 in
1345 2815 1615 2893 quinque
1659 2812 1950 2875 divisisse

151 2923 392 2991 partes,
451 2934 712 2995 quarum
765 2919 1022 2977 nomina
1076 2934 1200 2975 non
1246 2913 1462 2992 adjicit
1506 2913 1617 2973 sed
1660 2933 1699 2974 a
1742 2916 1948 2992 singu-

156 3012 235 3071 lis
280 3010 572 3077 Curetum
618 3016 804 3078 ducta
848 3036 981 3078 esse
1025 3018 1341 3096 significat.
1407 3015 1641 3075 Eorum
1686 3024 1950 3095 quatuor

163 3211 296 3255 supra
325 3199 510 3244 diximus
539 3216 584 3260 p.
614 3202 716 3246 209.
777 3203 925 3247 Schol.
955 3204 1072 3247 Vict.
1102 3202 1155 3244 11.
1187 3202 1234 3249 Ξ.
1265 3200 1365 3243 291.
1395 3203 1440 3245 οἱ
1469 3200 1519 3245 δὲ
1548 3197 1630 3257 τὴν
1656 3203 1829 3261 μητέρα
1857 3202 1949 3245 τῶν

158 3254 464 3315 Κορυβάντων
494 3261 705 3305 Χαλκίδα
737 3268 866 3320 φασί.
926 3263 996 3306 Ad
1026 3262 1209 3304 Curetes
1238 3259 1456 3303 Aetolicos
1496 3259 1578 3302 hoc
1617 3274 1770 3303 nomen
1805 3266 1949 3303 trans-

158 3318 247 3358 sert
276 3316 460 3361 Ovidius
489 3318 597 3362 Met.
626 3318 686 3364 11.
726 3321 827 3366 883.
869 3321 1104 3378 adJacet
1146 3320 1230 3361 his
1281 3320 1528 3362 Pleuron
1582 3319 1637 3361 in
1684 3333 1791 3376 quo
1834 3323 1948 3362 tre-

160 3374 499 3430 pidantibus
528 3378 644 3421 alie
673 3379 891 3438 Ophias
921 3379 1141 3436 effugit
1171 3382 1420 3422 natorum
1450 3378 1692 3421 vulnera
1720 3377 1944 3428 Combe3

161 3434 234 3489 qui
263 3433 384 3476 locus
415 3433 732 3493 componendus
763 3439 976 3481 homerico
1008 3435 1160 3485 αἰόλος
1190 3432 1309 3493 ὄφις.

1442 3509 1527 3569 23
1575 3513 1608 3547 *
