2184 3840
273 255 398 314 870
821 263 1056 306 mona
1101 263 1531 307 sacrm-Dus.

276 394 439 469 Quid
507 397 670 454 enim
741 394 1077 472 discrepat,
1145 395 1308 474 quod
1376 393 1721 454 Heraclitus
1779 389 1935 450 dixit
1991 403 2051 449 et

276 497 424 556 scite
468 494 746 575 quidem,
791 503 858 551 ut
901 492 1225 553 Eustathio
1270 493 1516 554 videtur
1559 490 1638 552 ad
1680 491 1749 550 Il.
1779 491 1824 548 Ι.
1864 509 1923 569 p.
1950 489 2049 548 41.

276 603 388 658 τοῦ
442 598 586 676 βιοῦ
641 595 711 655 τὸ
771 591 886 672 μὲν
931 594 1130 673 ὄνομα
1175 592 1343 673 βίος,
1387 595 1458 655 τὸ
1504 592 1572 656 δὲ
1619 594 1801 677 ἔργον
1841 587 2050 652 θάνα-

276 720 380 763 τος
409 695 503 773 [8],
548 696 610 750 111
655 708 772 769 quo
818 689 964 748 lusit
1009 693 1194 748 etiam
1243 691 1351 749 sed
1394 693 1515 751 alio
1560 691 1746 750 modo
1782 689 2054 748 Lucilius

282 793 452 851 'Varia
498 792 563 850 L.
609 790 676 847 L.
722 808 780 867 p.
831 787 926 848 19.
974 788 1109 847 Vis
1155 798 1273 847 est
1315 791 1512 862 vita,
1571 789 1821 862 vides,
1869 806 2057 867 quae

280 909 416 950 nos
460 890 719 948 facere
765 889 1020 946 omnia
1065 889 1304 964 cogit3
1363 906 1622 966 quorum
1666 890 1819 948 alter
1862 890 2059 946 notio—

281 1007 388 1048 nes
431 990 498 1047 in
543 987 759 1047 eadem
803 989 1006 1066 specie
1049 987 1335 1059 inclusaS‚
1381 987 1535 1046 alter
1577 988 1643 1046 in
1686 989 1875 1046 simili
1907 1005 2060 1046 sono

283 1086 591 1168 quandam
637 1089 821 1146 etiam
861 1087 1228 1164 significatus
1264 1088 1752 1148 convenientiam
1789 1085 2063 1146 animad-

281 1197 522 1250 vertere
578 1187 698 1246 sibi
752 1187 924 1247 visus
970 1197 1079 1246 est.
1167 1185 1368 1260 Quam
1415 1186 1644 1245 similes
1702 1188 1795 1246 his
1838 1188 2065 1267 reperi-

285 1297 468 1347 untur
522 1287 855 1366 Epicorum
912 1297 972 1344 et
1027 1286 1422 1364 Tragicorum
1466 1296 1743 1347 veterum
1789 1286 1959 1345 lusus
2001 1287 2067 1344 in

286 1385 699 1457 conferendis,
744 1386 797 1443 si
840 1402 963 1463 qua
1005 1386 1166 1445 forte
1210 1396 1634 1464 congruerent,
1678 1386 1934 1445 heroum
1973 1403 2067 1444 ca-

289 1485 458 1544 sibus
514 1495 575 1543 et
629 1480 1111 1566 11011111111)1131[Ἶ
1167 1484 1369 1558 Quam
1413 1487 1690 1547 sollerter
1735 1487 1924 1544 etiam
1967 1485 2070 1545 he—
2135 1499 2139 1503 ⁴

290 1584 631 1644 braicarum
701 1585 1016 1644 literarum
1077 1594 1354 1646 auctores
1410 1586 1821 1665 antiquissimi
1875 1585 2071 1644 homi-

288 1703 436 1743 num
495 1684 798 1746 vocabula
852 1703 928 1743 ex
972 1684 1264 1763 cujusque
1306 1684 1517 1745 indole
1561 1694 1624 1743 et
1666 1685 1841 1744 factis
1884 1687 2071 1744 iuter-

291 1787 525 1865 pretari
578 1783 816 1844 solent&
876 1782 1049 1843 Haec
1106 1786 1210 1862 qui
1266 1784 1610 1844 consideret
1651 1794 1713 1843 et
1756 1794 2073 1864 praeterea

289 1885 576 1964 respiciat
635 1902 792 1963 quae
845 1883 912 1940 in
969 1882 1199 1942 Geileri
1241 1882 1786 1962 'Kaysersbergiani
1829 1894 1891 1943 et
1933 1886 2074 1944 huic

291 1984 637 2063 aequalium
663 1983 932 2042 Postillis
969 1982 1250 2060 leguntur
1289 1983 1565 2062 eJusdem
1602 1983 1870 2044 fabricae
1903 1987 2072 2067 παρὰ

290 2082 550 2167 γράμμα
613 2084 927 2155 acumina,
998 2082 1338 2160 majoribus
1395 2084 1621 2143 nostris
1678 2084 2074 2149 vehementer

294 2183 684 2262 complacita,
741 2191 803 2240 et
857 2191 926 2240 ut
979 2182 1081 2242 vel
1135 2182 1321 2240 hodie
1363 2185 1428 2241 in
1471 2185 1640 2244 vitae
1682 2182 2076 2262 quotidianae

295 2281 733 2341 consuetudine
787 2283 841 2340 si
897 2281 1034 2360 quis
1077 2300 1303 2341 nomen
1347 2294 1408 2341 et
1455 2301 1636 2342 omen
1676 2283 1931 2357 habeat,
1975 2282 2077 2344 vel

298 2383 351 2440 si
393 2383 528 2460 quis
572 2390 784 2440 contra
825 2389 1102 2440 moratus
1147 2384 1228 2441 sit
1273 2401 1456 2460 quam
1501 2393 1784 2456 vocetur,
1820 2383 2076 2460 digitum

295 2479 610 2538 intendere
656 2489 946 2558 tanquam
990 2479 1072 2539 ad
1113 2499 1243 2539 rem
1286 2481 1623 2541 notabilem
1662 2484 1727 2540 in
1771 2501 1945 2541 more
1972 2483 2077 2540 ha-

299 2579 582 2652 beamuS‚
640 2581 694 2638 is
751 2597 901 2639 vero
958 2579 1260 2656 intelligat
1312 2599 1559 2640 necesse
1615 2592 1738 2654 est,
1783 2581 1900 2640 hoc
1943 2583 2077 2639 uni-

298 2697 543 2740 versum
579 2697 766 2757 genus
812 2678 888 2738 ab
934 2680 1312 2760 antiquitatis
1354 2683 1599 2759 ingenio
1633 2699 1758 2740 non
1793 2681 2079 2752 alienum,

301 2780 358 2836 ei
415 2797 563 2839 vero
581 2821 598 2850 ‚
653 2780 758 2858 qui
812 2781 1109 2856 imagines
1167 2799 1371 2840 rerum
1413 2784 1477 2840 in
1522 2781 1839 2843 vocabulis
1883 2783 1971 2840 sic
2010 2787 2080 2838 ut

299 2879 363 2934 in
446 2896 581 2937 cera
663 2897 980 2958 expressas
1060 2890 1306 2958 putaret
1323 2925 1338 2953 ‚
1436 2882 2079 2943 convenientissimum

419 3129 491 3185 [θ]
537 3130 654 3172 Idem
697 3132 828 3174 affert.
859 3131 1009 3174 Tzetz.
1039 3131 1179 3188 Exeg.
1224 3147 1264 3187 p.
1299 3133 1394 3176 101.
1456 3134 1636 3176 Aliunde
1681 3140 1725 3177 31
1765 3134 1909 3190 paullo
1953 3133 2078 3175 aliter

304 3186 670 3231 Schleiermacher
708 3190 751 3231 in
784 3190 898 3232 Mus.
931 3189 1060 3233 Wolf.
1091 3205 1132 3247 p.
1163 3189 1264 3233 503.
1699 3198 1703 3208 ²

421 3271 489 3331 [s]
534 3290 573 3317 v.
605 3277 782 3319 Aristot.
814 3278 941 3320 Rhet.
973 3276 1031 3320 ΙΙ.
1061 3276 1130 3320 23.
1161 3277 1260 3320 288.
1297 3279 1353 3320 T.
1386 3278 1459 3319 IV.
1502 3280 1556 3320 cf.
1599 3279 1798 3321 Reuvens
1843 3278 2078 3320 Collectan.

304 3332 456 3383 Litter.
499 3348 538 3390 p.
596 3335 691 3377 101.
751 3335 951 3380 Meineke
993 3336 1047 3379 ad
1076 3335 1268 3394 Euphor.
1310 3352 1349 3393 p.
1385 3335 1479 3378 128.
1518 3350 1579 3393 sq.
1642 3337 1771 3378 Sturz
1816 3337 1868 3379 de
1910 3336 2078 3379 Nomin.

305 3390 461 3433 Graec.
494 3407 534 3448 p.
565 3392 633 3434 78.
684 3394 871 3450 Opuscc.
