2150 3814
816 234 1266 282 onpuch.
1766 220 1930 284 1049

151 382 213 449 et
269 373 347 432 ab
404 376 760 451 argumento
814 369 988 450 ipso,
1043 367 1212 450 quod
1267 373 1516 440 tractat,
1575 364 1940 441 longissime

151 471 453 532 abhorret.
541 468 819 531 Vandale
875 472 943 530 in
983 468 1254 530 Dissert.
1309 487 1370 548 p.
1418 465 1561 526 192.
1618 473 1934 546 postrema

150 571 344 634 verba
395 571 588 632 vertit
639 571 818 651 ipse
871 588 1178 651 quoque
1220 566 1625 629 Bacchieis
1670 562 1934 642 adjun-

148 681 347 742 ctus,
389 669 545 728 nihil
589 668 907 731 discedens
955 670 995 731 a
1033 670 1331 730 tralatitia
1367 667 1702 747 scriptura,
1746 683 1935 746 quam

148 770 348 847 Zoega
404 787 647 850 quoque
699 771 836 830 sine
889 770 1020 831 ulla
1072 768 1283 830 mendi
1341 768 1689 848 suspicione
1731 766 1936 846 sequi-

147 879 246 928 tur
288 868 571 928 Bassirel.
617 869 686 929 T.
730 872 776 930 I.
821 892 882 953 p.
924 872 1025 930 88.
1069 870 1352 947 Heynius
1397 877 1603 927 autem
1650 864 1937 926 emenda-

146 971 381 1028 tionem
439 968 722 1030 adhibuit
776 990 816 1030 a
873 969 1263 1030 Tzschuckio
1322 975 1759 1027 memoratam:
1816 991 1936 1030 πα-

149 1068 560 1152 ραδιδόμενος
602 1074 670 1134 ἐν
694 1076 841 1140 τοῖς
883 1067 1197 1133 Διονύσου
1241 1068 1347 1129 καὶ
1390 1065 1579 1136 αὐτός
1590 1113 1612 1140 ,
1652 1055 1937 1126 Matris

148 1168 372 1229 deum
429 1169 662 1228 filius
705 1168 1075 1250 proditus
1122 1176 1197 1227 et
1238 1168 1409 1248 ipse
1453 1175 1529 1225 et
1569 1175 1936 1226 narratus

145 1269 222 1327 in
281 1267 718 1340 Bacchicis‚
789 1286 915 1347 quo
984 1269 1238 1328 nomine
1292 1277 1502 1326 utrum
1558 1265 1801 1327 fabulas
1859 1284 1939 1325 an

146 1386 322 1428 saera
390 1367 684 1427 Bacchica
763 1366 1063 1429 declarari
1131 1367 1434 1441 voluerit,
1514 1368 1756 1442 nescio;
1830 1365 1942 1426 sed

145 1468 227 1530 τὰ
286 1466 600 1533 Διονύσου
671 1477 959 1529 neutrum
1003 1469 1342 1547 significare
1400 1484 1585 1547 posse
1637 1467 1942 1546 intelligo.

147 1567 347 1627 Multo
421 1569 618 1646 magis
685 1570 879 1629 miror
948 1565 1178 1647 Corayi
1249 1566 1554 1647 judicium
1634 1566 1942 1651 παρᾴδων

147 1668 226 1730 τὰ
284 1676 398 1731 τοῦ
443 1666 757 1732 Διονύσου
800 1668 1151 1743 scribentis,
1209 1669 1324 1728 hac
1386 1666 1599 1727 addita
1642 1669 1943 1749 interpre-

149 1769 413 1827 tatione:
480 1769 768 1852 παρῳδεῖ
830 1768 1154 1853 Στράβων
1217 1768 1333 1847 τὴν
1399 1767 1743 1852 παροιμίαν
1807 1775 1942 1831 τοῦ

149 1867 441 1951 πατρὸς
501 1868 586 1930 τὸ
643 1867 1013 1943 παιδίον,
1090 1877 1182 1952 τῷ
1236 1866 1306 1931 δὲ
1363 1867 1597 1950 πατρὸς
1661 1869 1944 1931 ἄνθυπέ-

149 1969 376 2050 πέβαλε
445 1968 686 2044 παίζων
752 1967 824 2031 τὸ
890 1969 1158 2052 Μητρὸς
1230 1968 1339 2032 διὰ
1405 1968 1522 2049 τὴν
1570 1969 1780 2042 Ῥέαν,
1824 1993 1944 2049 μη-

149 2069 297 2152 τέρα
352 2072 529 2132 θεῶν
582 2070 989 2152 καλουμένην.
1080 2070 1154 2134 Ὃ
1207 2078 1389 2143 νοῦς,
1460 2069 1567 2133 καὶ
1621 2069 1654 2131 ὃ
1715 2067 1946 2152 Σαβά-

155 2169 281 2244 ζιος
341 2170 375 2232 ὃ
433 2170 595 2232 κατὰ
648 2170 764 2250 τὴν
819 2168 1116 2255 Φρυγίαν
1154 2171 1352 2240 οὕτως
1396 2167 1775 2250 ἕξωμοίωται
1816 2175 1946 2239 τοῖς

152 2271 540 2351 τελουμένοις
592 2278 683 2356 τῷ
739 2268 1032 2352 Διονύσῳ
1086 2269 1206 2333 ὑπὸ
1263 2277 1395 2333 τῶν
1446 2275 1748 2353 Θρᾳκῶν,
1797 2266 1945 2339 ὤςτε

155 2368 344 2452 φαίης
388 2369 471 2433 ἂν
515 2370 637 2433 ἀπὸ
682 2356 930 2434 τούτων
974 2375 1174 2434 ἐκεῖνα
1214 2371 1529 2456 γενέσθαι.
1620 2368 1722 2428 Sic
1760 2367 1947 2427 hodie

153 2487 301 2528 sane
340 2470 669 2549 loquimur,
713 2469 824 2529 sed
856 2470 1078 2529 Graeci
1121 2469 1314 2531 verbo
1357 2468 1689 2552 παρῳδεῒν
1717 2470 1807 2527 ita
1850 2470 1948 2527 usi

151 2550 278 2628 nbn
322 2579 495 2644 sunt3
539 2579 602 2629 et
645 2571 781 2653 quis
825 2569 1076 2630 tandem
1120 2568 1426 2655 παρᾴδειν
1470 2569 1628 2628 dixit
1668 2587 1784 2649 pro
1829 2593 1950 2631 πα-

156 2669 423 2754 ρῳδεῖνίὶ
505 2669 699 2732 Nobis
755 2672 821 2730 in
880 2673 1169 2732 extremis
1224 2672 1541 2752 participii
1598 2667 1950 2753 παραδιδό-

154 2795 340 2854 μενος
393 2770 758 2834 adverbium
813 2772 1042 2855 ὁμοίως
1098 2773 1200 2834 vel
1254 2773 1439 2854 ὅμοια
1482 2771 1675 2829 latere
1718 2769 1949 2829 totum-

159 2889 277 2950 que
331 2890 576 2933 comma
631 2873 721 2933 sie
776 2872 1165 2933 scribendum
1224 2872 1507 2934 videtur:
1569 2870 1834 2954 Μητρὸς
1875 2870 1947 2933 τὸ

160 2971 412 3037 παιδίον
466 2974 887 3058 παραδίδοται
940 2993 988 3034 s.
1045 2972 1544 3058 παραδιδόμενος
1588 2971 1818 3053 ὁμοίως
1860 2979 1950 3054 τῷ

162 3071 450 3156 Διονύσῳ
514 3074 621 3137 καὶ
691 3073 912 3148 αὐτός,
991 3074 1324 3156 perinde
1391 3070 1486 3133 ae'
1541 3071 1948 3149 Dionysus

168 3171 554 3234 Sabazius
627 3194 926 3256 quoque
995 3175 1276 3235 Matris
1342 3174 1660 3253 Magnae
1716 3174 1951 3233 alum-

167 3289 308 3331 nus
362 3283 434 3334 et
486 3274 799 3336 filiolus
857 3277 1346 3356 perhibetur3
1411 3292 1536 3333 non
1591 3274 1952 3354 simpliciter

168 3371 363 3434 παῖδα
420 3372 528 3432 sed
582 3377 652 3438 τὸ
711 3377 964 3441 παιδίον
1021 3375 1207 3449 dixit,
1264 3376 1408 3455 quia
1464 3375 1782 3451 Dionysus
1815 3373 1952 3431 'non
