2184 3840
761 175 1213 220 ORPHICA.
1745 165 1863 224 901

105 307 316 367 eadem
376 309 687 387 principia·
727 316 979 365 revocat
1032 307 1263 365 Plinius
1320 303 1602 364 XXVIII.
1656 304 1765 385 (4.)
1810 307 1866 365 6.

103 427 137 465 e
179 407 667 483 Pythagorae
707 406 1069 465 ¹inventis
1123 425 1268 464 non
1325 415 1609 462 temere
1652 402 1869 461 fallit

99 507 737 585 impositiv'orum
799 506 1184 564 nominum
1243 506 1609 583 imparem
1658 519 1867 561 voca-

98 605 285 664 lium
352 622 745 662 numerum
814 603 1320 663 clauditatem
1387 601 1699 660 oculive
1764 618 1868 660 or-

98 702 416 762 bitatem
461 714 535 761 et
578 703 876 762 similes
923 722 1141 763 casus
1187 703 1490 762 dextris
1535 701 1867 777 assigna-
1929 765 1932 768 y

95 821 172 861 re
211 801 603 882 *partibuS,
648 821 907 882 parem
953 804 1222 863 laevis,
1295 804 1378 861 Et
1421 800 1708 859 disertius
1752 798 1867 859 Te-

99 904 408 961 rentianus
451 902 704 961 Maurus
747 901 846 961 De
888 902 1033 960 Litt.
1079 922 1138 963 v.
1190 901 1327 960 166.
1371 919 1432 978 p.
1476 899 1660 960 2389.

238 1029 459 1078 Tradunt
491 1029 724 1088 homines,
763 1037 893 1076 secta
930 1029 1102 1091 quibus
1136 1028 1446 1093 Pythagorea
1482 1035 1574 1088 est,

237 1130 412 1161 arcana
446 1115 638 1176 sequuti
673 1113 882 1175 physicis
919 1121 1102 1160 remota
1137 1113 1294 1160 causis

234 1215 439 1246 summos
475 1199 661 1245 numeri
694 1214 793 1245 non
827 1198 898 1244 ita
933 1199 1089 1247 literis
1125 1201 1303 1258 valere,

233 1299 432 1349 graecos
469 1299 642 1346 pueros
681 1282 735 1330 u't
771 1283 911 1330 docet
946 1284 1177 1331 insonans
1214 1284 1445 1349 magister

94 1419 155 1467 et
197 1418 361 1467 totus
403 1410 604 1481 locuS,
649 1409 753 1487 qui
796 1408 982 1467 latior
1025 1419 1147 1481 est,
1191 1428 1372 1488 quam
1418 1419 1488 1468 ut
1527 1409 1647 1468 huc
1682 1403 1874 1467 trans-

0 1550 1 1553 ,
96 1508 279 1568 scribi
334 1510 559 1588 possit3
616 1506 952 1586 eademque
1011 1519 1143 1567 arte
1188 1527 1301 1568 usa
1343 1508 1491 1569 diva
1533 1508 1874 1586 Philologia

94 1608 396 1667 Mercurio
440 1617 706 1686 nuptura
750 1626 824 1666 ex
869 1625 981 1665 suo
1028 1616 1090 1665 et
1133 1609 1346 1687 sponsi
1389 1610 1666 1680 nomine,
1724 1610 1873 1667 utri·

96 1725 286 1786 usque
329 1707 521 1765 literis
566 1705 1017 1785 computandiS,
1059 1709 1437 1766 matrimonii
1481 1706 1735 1766 ineundi
1767 1725 1873 1766 au-

96 1808 357 1886 spicium
417 1807 584 1883 capit
640 1823 737 1882 ap.
793 1803 1076 1862 Martian.
1137 1802 1366 1884 Capell.
1426 1807 1494 1865 L.
1547 1809 1623 1866 ΙΙ.
1668 1827 1727 1887 p.
1773 1806 1873 1868 25.

94 1923 351 1985 quorum
420 1904 694 1975 omnium
762 1904 1090 1962 immemor
1142 1905 1262 1963 fuit
1318 1906 1755 1966 Grotefendius
1795 1909 1875 1966 -in

94 2005 357 2065 Gruberi
412 2012 474 2061 et
528 2003 768 2061 Erschii
824 2004 1155 2083 Encyclop.
1213 2003 1281 2063 T.
1341 2004 1412 2064 V.
1472 2027 1548 2066 ex
1590 2006 1873 2087 professo

95 2104 172 2164 de
215 2103 733 2163 Arithmomantia
775 2100 1108 2174 disserens,
1155 2123 1335 2183 quam
1381 2115 1512 2164 toto
1556 2107 1875 2165 volumine

98 2203 389 2283 explicuit
441 2201 814 2274 Athanasius
875 2200 1228 2261 Kircherus:
1296 2203 1876 2283 Arithmologia

98 2306 265 2363 sive
310 2300 399 2359 de
444 2300 741 2359 abditis
783 2319 1278 2360 numerorum
1325 2306 1720 2380 mysteriis
1755 2305 1873 2362 Ro-

96 2421 234 2463 mae
302 2396 670 2460 MDCLXV.
739 2418 852 2457 nec
918 2403 1238 2479 praeteriit
1305 2403 1553 2462 Delrius
1603 2404 1873 2483 Disquis.

96 2501 252 2579 Mag.
310 2499 411 2559 IV.
470 2500 527 2559 2.
582 2498 726 2558 442.
784 2497 957 2559 Idem
1012 2518 1162 2560 vero
1225 2501 1458 2562 Plinius
1518 2503 1587 2562 L.
1646 2503 1874 2564 XXIV.

98 2601 199 2662 99.
254 2599 553 2660 Herbas
611 2599 975 2675 magicas,
1032 2601 1263 2678 inquit,
1332 2603 1568 2680 primi
1622 2605 1701 2663 in
1753 2623 1874 2663 no-

50 2728 55 2729 ⁷
98 2711 262 2761 stro
322 2699 508 2757 orbe
564 2698 1069 2760 celebravere
1112 2700 1601 2778 Pythagoras
1647 2714 1875 2783 atque

100 2800 625 2871 DemocrituS‚
668 2798 931 2876 Magos
976 2802 1445 2874 consectati3
1492 2820 1745 2879 quarum
1774 2823 1875 2863 ex-

103 2901 306 2981 empla
349 2900 579 2979 passim
623 2899 898 2978 apponit,
943 2918 980 2958 a
1023 2899 1304 2959 Kuehnio
1352 2901 1603 2962 collecta
1644 2904 1708 2961 in
1731 2903 1875 2963 Dis-

49 3062 74 3084 ,
103 3011 244 3061 sert.
312 2998 387 3058 de
456 2998 843 3079 Philosophis
912 3011 1052 3058 ante
1116 2999 1412 3079 Hippocr.
1481 3020 1542 3081 p.
1611 3003 1753 3064 246.
1809 3005 1875 3063 in

106 3099 513 3161 Ackermanni
579 3097 801 3179 Opusc.
868 3098 1029 3160 Hist.
1084 3099 1245 3159 Med.
1306 3119 1346 3160 a
1401 3099 1756 3182 Sprengelio
1811 3105 1878 3164 in

108 3196 339 3259 Histor.
395 3199 606 3260 Botan.
672 3199 741 3259 T.
784 3200 832 3260 1.
886 3221 947 3282 p.
991 3200 1091 3261 42.
1180 3198 1307 3259 Sed.
1356 3200 1422 3260 L.
1466 3201 1695 3264 XXIV.
1742 3202 1878 3265 101.
