2150 3814
243 215 407 280 1256
846 231 1084 278 Lmen
1135 234 1498 281 TERTIUS.

237 364 420 424 berae
463 362 712 438 aedem3
758 363 1027 444 amplius
1071 363 1242 422 nihil.
1313 366 1366 424 E
1410 365 1676 426 Diodori
1722 366 1927 448 Epigr.
1972 372 2015 428 1.

234 463 435 524 Anall.
481 463 551 522 T.
592 465 668 524 II.
717 461 856 523 185.

375 588 575 652 Εῧξατο
612 593 744 660 κῆρα
782 589 975 661 φυγὼν,
1016 585 1229 641 Βοιώτιε
1266 591 1353 642 σοι’
1381 613 1443 658 με
1480 590 1730 665 Κάβειρε,

489 675 742 743 δέσποτα,
776 676 1034 746 χειμερίης
1070 673 1278 742 ἄνθεμα
1313 680 1574 746 ναυτιλίης

370 760 608 832 ἅρτήσειν
644 759 805 831 ἁγίοις
838 759 955 813 τόδε
993 761 1184 812 λωπιόν
1222 762 1274 813 ἐν
1308 765 1642 833 προπυλαίοις

484 848 761 918 Διογένης·
801 846 997 908 ἀλέκοις
1033 846 1078 898 ὁο
1118 845 1256 915 ἀνέρι
1292 850 1377 900 καὶ
1413 849 1604 917 πενίην.

228 971 403 1042 patet
444 963 605 1023 hunc
651 959 975 1035 Cabirum,
1021 961 1366 1041 quicunque
1410 963 1566 1037 fuit,
1612 973 1674 1024 et
1717 965 2016 1044 templum

225 1062 515 1124 habuisse
568 1053 896 1143 proprium
958 1071 1021 1121 et
1080 1071 1452 1142 potestatem
1495 1083 1620 1123 non
1665 1065 1866 1124 solum
1913 1085 2018 1146 pe-

223 1164 420 1224 ricula
462 1162 800 1225 amoliendi
842 1160 952 1222 sed
997 1163 1185 1221 etiam
1229 1165 1607 1242 patrimonia
1639 1164 2016 1225 fortunandi.

225 1261 353 1323 Sed
398 1265 534 1341 jam
588 1265 787 1325 veteri
843 1263 1137 1322 Graeciae
1194 1263 1333 1324 vale
1390 1263 1680 1340 dicimus3
1733 1282 1878 1324 nam
1921 1266 2014 1324 illi

223 1362 700 1442 Amphissenses
758 1370 821 1421 et
876 1361 1298 1423 Acharnenses
1341 1360 1553 1424 Cabiri
1597 1366 1845 1443 genuini
1889 1384 2012 1424 non

223 1472 383 1523 sunt.

998 1691 1052 1773 ξ.
1145 1691 1240 1753 13.

388 1866 489 1926 De
530 1864 940 1925 Macedonum
983 1883 1134 1925 vero
1178 1865 1366 1924 sacris
1411 1860 1751 1923 Cabiriacis
1782 1884 2013 1924 memo-

219 1963 414 2024 rabile
467 1966 892 2025 testimonium
947 1973 1114 2024 extat
1156 1964 1465 2024 Lactantii
1508 1964 1554 2022 Ι.
1604 1961 1700 2023 15.
1744 1965 1802 2023 8.
1863 1966 2007 2025 Ma-

220 2063 557 2125 cedones
638 2083 937 2125 summa
1006 2065 1526 2125 veneratione
1589 2064 2010 2125 coLuerunt

218 2162 617 2241 Cabirum3
671 2165 838 2245 quod
882 2164 1144 2224 alterum
1189 2171 1284 2224 est
1325 2165 1507 2222 unius
1553 2159 1764 2222 Cabiri
1808 2184 2012 2226 exem-

214 2266 391 2347 plum
460 2283 740 2326 seorsum
804 2267 1148 2346 propitiati.
1260 2264 1619 2344 Philippum
1690 2274 1896 2325 tamen
1951 2276 2013 2326 et

220 2366 662 2447 Olympiadem
729 2375 970 2426 constat
1039 2365 1160 2426 diis
1233 2365 1675 2428 samothraciis
1730 2367 2008 2432 initiatos

217 2486 354 2528 esse
411 2467 715 2527 Plutarch.
758 2466 934 2526 Alex.
978 2487 1026 2525 c.
1070 2467 1144 2525 Π.
1190 2475 1253 2525 et
1293 2467 1586 2526 hactenus
1627 2483 1755 2525 non
1798 2467 2007 2546 inepte

212 2570 422 2629 fictum
468 2577 562 2628 est
605 2568 982 2647 epigramma
1023 2565 1191 2646 quod
1231 2565 1582 2625 Alexander
1624 2584 1788 2639 arae,
1829 2567 2007 2625 itine-

213 2688 354 2730 rum
397 2670 699 2742 termino,
754 2668 1019 2748 insculpi
1054 2668 1270 2746 jussit:
1316 2668 1530 2750 Πατρὶ
1557 2669 1859 2750 ’Ἄμμωνι
1901 2666 2007 2728 καὶ
2091 2723 2102 2731 .

206 2772 498 2855 Ἠρακλεῖ
575 2769 829 2853 ἀδελφῷ
907 2768 1014 2831 καὶ
1072 2770 1331 2850 Ἀθηνᾷ
1397 2766 1661 2851 προνοίᾳ
1726 2765 1827 2828 καὶ
1898 2766 2003 2827 Διὶ

207 2870 528 2954 Ὀλυμπίῳ
594 2870 701 2934 καὶ
756 2867 1140 2953 Σαμόθρᾳξι
1194 2869 1525 2951 Καβείροις
1587 2867 1870 2926 Philostr.
1925 2867 2000 2925 ΙΙ.

214 2973 318 3033 43.
370 2972 472 3032 94.
530 2971 603 3031 cf.
666 2970 1074 3031 Sainte-croix
1129 2969 1345 3028 Exam.
1392 2968 1450 3027 d.
1494 2969 1704 3027 histor.
1749 2986 1810 3046 p.
1854 2965 1999 3025 400.

213 3073 379 3134 unde
430 3073 858 3153 Inscriptionis
911 3070 1384 3132 Beneventanae
1441 3067 1615 3128 faber
1657 3067 1922 3147 profecit
1963 3085 2002 3125 a

216 3173 619 3236 Gutberletho
666 3183 728 3232 et
754 3171 1004 3232 Asterie
1048 3172 1209 3230 serio
1255 3178 1565 3232 tractatae.
1611 3167 1769 3227 Tum
1810 3167 1997 3226 etiam

216 3271 636 3334 Alexandrum
693 3272 1013 3334 Dioscuris
1067 3289 1243 3331 sacra
1296 3270 1512 3330 fecisse
1574 3267 1744 3349 apud
1787 3267 1997 3327 Arria-

214 3394 364 3436 num
408 3375 664 3458 legimus
709 3374 808 3434 IV.
854 3373 912 3434 8.
970 3373 1141 3451 cujus
1186 3369 1566 3451 temporibus
1609 3369 1890 3430 nativum
1935 3376 1996 3425 et
