2150 3814
256 201 418 261 1096
787 216 1022 259 ιιΒΕιι
1067 216 1497 261 SECUNDUS.

249 346 535 420 confusiS,
590 353 660 404 ut
703 341 977 416 videtur,
1036 343 1284 403 Saturni
1331 354 1393 404 et
1434 343 1718 404 Herculis
1761 349 2021 406 nomini·

245 446 395 520 bus,
441 446 611 524 cujus
656 461 827 502 aram
870 446 1211 502 maximam
1255 455 1492 505 constat
1534 463 1774 505 muscas
1817 463 2021 515 canes-

245 566 362 628 que
404 546 524 605 sibi
566 541 952 602 interdictam
977 553 1229 623 putasse
1257 543 1409 610 Plin.
1435 544 1513 604 X.
1538 545 1640 604 41.
1686 562 1864 605 canes
1890 546 2021 623 qui-

245 646 392 705 dem
442 644 520 702 ob
566 661 700 701 eam
747 660 1026 716 causam,
1083 660 1161 701 ne
1206 639 1535 704 Cerberum
1580 647 1636 704 ei
1679 647 1746 704 in
1787 662 2022 704 memo-

242 748 400 805 riam
444 751 835 815 revocarent,
880 753 987 802 aut
1030 741 1198 822 quod
1240 745 1662 804 meminissent
1703 747 1800 804 sui
1843 763 2022 822 gene—

240 847 326 904 ris
370 862 564 903 unum
611 841 824 902 Oeono
861 842 1169 919 Licymnii
1209 842 1338 901 filio
1384 861 1631 917 causam
1675 846 1890 902 mortis
1934 853 2023 902 at-

237 945 455 1005 tulisse
497 942 798 1002 Plutarch.
843 951 1072 1022 quaest.
1115 942 1293 1001 Rom.
1338 962 1385 1002 c.
1419 939 1549 1002 XC.
1593 942 1842 1002 Muscae
1875 943 2023 1022 quid

239 1045 552 1123 religionis
594 1042 938 1117 habuerint,
981 1061 1094 1103 nos
1137 1041 1385 1122 quidem
1426 1043 1875 1123 incompertum
1918 1042 2023 1102 ha·
2134 1069 2146 1082 ·

240 1144 476 1218 bemuS,
519 1162 665 1203 nam
708 1143 1058 1223 Apomyius
1101 1143 1334 1202 Romae
1375 1142 1581 1202 nullus
1623 1143 1759 1203 fuit.
1793 1162 1853 1206 v.
1890 1142 2022 1202 Sal-

237 1264 388 1306 mas.
423 1246 715 1304 Exercitt.
760 1243 829 1303 T.
863 1243 908 1302 I.
942 1263 1003 1323 p.
1044 1243 1140 1302 12.
1183 1242 1295 1302 sed
1335 1243 1430 1302 illi
1474 1242 1680 1303 callidi
1716 1244 2018 1321 conjecto-

236 1364 334 1404 res
378 1363 506 1403 non
546 1346 861 1421 ignorasse
903 1342 1209 1404 videntur.
1252 1341 1351 1403 Ab
1396 1342 1616 1403 eodem
1659 1362 1831 1404 sacro
1865 1347 2020 1404 Her-

237 1445 456 1504 culano
525 1451 588 1502 et
653 1461 762 1501 ara
814 1441 1092 1502 Maxima
1149 1444 1338 1501 etiam
1394 1443 1682 1505 mulieres
1740 1444 2019 1516 exclusae

236 1553 413 1617 sunt,
474 1543 587 1604 sed
642 1552 704 1602 et
760 1541 836 1601 ab
881 1542 1129 1618 Enyalii
1186 1543 1373 1601 sacris
1416 1543 1659 1602 Muson.
1703 1563 1800 1623 ap.
1848 1543 2017 1602 Stob.

234 1643 583 1705 XXXVIII.
627 1644 770 1704 232.
838 1642 1095 1702 Pausan.
1139 1642 1241 1702 III.
1285 1643 1386 1702 22.
1433 1639 1582 1723 5.[²]
1635 1641 1712 1701 ab
1756 1640 2020 1702 Hermo-

234 1747 376 1805 timi
431 1744 721 1826 Apollon.
773 1743 962 1820 Dysc.
1016 1742 1178 1802 Hist.
1236 1762 1284 1801 c.
1338 1743 1440 1801 [Π.
1498 1742 1729 1823 Orphei
1787 1739 2017 1802 Conon.

237 1866 285 1905 c.
343 1844 532 1904 XLV.
600 1844 853 1903 Veneris
912 1842 1215 1902 Ascraeae
1270 1842 1437 1922 apud
1494 1840 1770 1923 Cyprios·
1818 1844 2016 1902 cultae
2129 1838 2131 1841 ’

235 1945 435 2005 Strab.
494 1943 654 2004 XIV.
699 1943 842 2002 741.
898 1943 1140 2002 Dianae
1195 1942 1503 2022 Ephesiae
1557 1943 1855 2003 Artemid.
1914 1943 2015 2002 IV.

233 2045 292 2106 4.
337 2046 480 2105 320.
525 2053 588 2102 et
629 2042 796 2103 Nott.
839 2042 984 2102 447.
1044 2043 1269 2102 Locell.
1316 2041 1398 2101 ad
1439 2042 1722 2122 Xenoph.
1767 2063 1827 2124 p.
1878 2043 2015 2102 137.

234 2144 499 2222 Sylvani
544 2141 696 2203 Cato
741 2144 810 2202 R.
854 2143 924 2202 R.
970 2163 1018 2202 c.
1062 2142 1164 2202 83.
1208 2161 1246 2202 a
1287 2143 1444 2214 loco,
1491 2142 1599 2200 ubi
1627 2140 1868 2222 Jupiter
1909 2161 2016 2201 na-

155 2244 178 2283 f⁴
230 2254 332 2305 tus
389 2242 740 2304 Callimach.
795 2241 877 2303 H.
929 2244 996 2302 in
1039 2240 1177 2305 Jov.
1234 2261 1294 2304 v.
1343 2242 1438 2301 12.
1483 2241 1559 2302 ab
1606 2261 1713 2302 ara
1756 2243 2017 2322 denique

236 2343 620 2424 Olympiaca.
664 2364 725 2406 v.
769 2337 1061 2402 Valcken.
1096 2342 1176 2402 ad
1209 2341 1510 2403 Adoniaz.
1547 2363 1608 2423 p.
1650 2343 1786 2403 198.
1831 2341 2014 2402 Heer.

231 2443 315 2504 ad
356 2443 675 2502 Menandr.
718 2443 971 2502 Encom.
1015 2463 1076 2522 p.
1126 2441 1263 2502 105.
1311 2453 1374 2501 et
1417 2443 1493 2502 ab
1538 2431 1736 2522 ipsius
1779 2441 2013 2501 Hercu-

229 2543 307 2603 lis
352 2543 587 2624 templo
634 2541 947 2601 Gaditano
994 2541 1101 2600 Sil.
1144 2541 1277 2599 Ital.
1321 2541 1423 2600 III.
1468 2542 1568 2601 22.
1621 2539 1749 2602 Nec
1790 2541 2012 2602 Hiero-

229 2643 488 2721 solymis
542 2652 744 2703 totum
800 2641 1102 2723 templum
1157 2640 1412 2721 patebat
1466 2641 1731 2701 feminis,
1786 2661 1846 2703 v.
1907 2640 2011 2702 Jo-

228 2744 401 2824 seph.
456 2743 626 2803 Antt.
683 2742 819 2803 XV.
885 2743 980 2802 ll.
1034 2742 1182 2801 782.
1238 2752 1300 2801 et
1343 2742 1662 2801 Fabricius
1704 2743 1770 2800 in
1812 2741 2011 2800 Roma
2114 2798 2115 2801 ,

229 2865 277 2904 c.
320 2843 428 2903 IX.
486 2844 717 2917 talia,
771 2844 1000 2924 inquit,
1055 2843 1378 2915 sacella,
1434 2861 1473 2901 a
1528 2859 1848 2922 quorum
1901 2843 2009 2901 in-

229 2945 501 3022 ‘gressu
587 2963 815 3004 sexus
894 2944 1304 3004 muliebris
1384 2951 1695 3002 arcetur
1760 2941 2008 3001 adhuc

227 3045 515 3106 Romae
570 3052 780 3119 sunt,
838 3046 914 3104 in
954 3045 1034 3104 D.
1079 3044 1308 3104 Petro
1353 3042 1761 3115 Vaticano,
1806 3045 1882 3102 in
1926 3043 2004 3101 D.

346 3243 418 3300 [ἃ]
466 3243 1246 3288 Tertullian.adNatt.L.11.7.
1290 3241 1387 3285 179.
1431 3241 1576 3285 T.II.
1622 3240 1750 3284 Seml.
1789 3240 2004 3284 Hercu—

226 3303 371 3346 leum
413 3303 731 3360 polluctum
769 3318 811 3346 m
784 3303 935 3346 nieul
945 3316 1038 3345 res
1077 3316 1180 3344 non
1225 3315 1322 3358 gus
1302 3303 1470 3343 s.tant
1531 3300 1694 3342 Contra
1699 3313 1792 3368 ap.
1821 3299 1933 3342 Dino
1907 3313 1998 3354 ns.y

228 3361 332 3408 Hal.
363 3361 415 3404 L.
445 3362 506 3405 ΙΙ.
537 3359 606 3404 48
649 3366 878 3421 παρθένος
906 3364 1013 3411 elec
997 3359 1122 3420 ἱερὸν
1150 3352 1289 3415 ηλθεν
1313 3360 1416 3405 ’va
1418 3360 1547 3404 αλίου
1521 3372 1711 3417 υυχορε
1685 3355 1788 3404 ύσοι
1788 3369 1867 3403 σα.
