2150 3814
216 212 382 273 1268
773 228 1008 273 tumn
1061 226 1423 272 'ruamus

208 375 344 418 rum
389 355 672 419 videatur
716 374 960 417 necesse
1005 365 1115 429 est,
1160 355 1325 435 quod
1368 365 1509 416 ante
1543 356 1860 416 Philonem
1903 373 1980 416 ne

210 458 567 518 tenuissima
623 454 870 535 quidem
929 456 1481 517 Sanchuniathonis
1532 457 1702 516 fama
1743 474 1985 535 percre÷

210 556 426 615 buerit.
512 555 638 614 Sed
697 574 906 616 rursus
949 566 1229 617 veterum
1271 558 1793 616 monimentorum
1835 573 1986 615 nau-

212 657 404 733 fragia
449 654 901 714 considerantes
961 665 1024 714 et
1079 675 1156 715 ex
1212 665 1438 735 quanta
1479 657 1846 736 scriptorum
1891 673 1988 714 co-

211 758 317 834 pia
358 774 544 834 quam
585 757 767 835 pauci
809 755 987 815 nobis
1029 756 1226 814 relicti
1270 757 1410 828 sint,
1455 756 1587 814 fieri
1629 773 1812 835 posse
1849 772 1987 813 con-

213 853 499 912 cedemus
542 865 611 913 ut
642 856 726 927 hi,
772 874 923 935 quos
961 856 1318 935 superstites
1353 854 1666 927 habemus,
1698 873 1830 912 rem
1865 873 1990 916 me-

215 954 575 1013 morabilem
633 954 879 1034 quidem
923 974 1034 1014 nec
1077 965 1285 1013 tamen
1327 954 1512 1031 vulgo
1547 955 1845 1031 Jactatam
1889 959 1996 1010 aut

211 1056 335 1133 ipsi
376 1055 794 1132 ignoraverint
837 1064 946 1113 aut
987 1054 1214 1112 referre
1257 1072 1382 1112 non
1426 1063 1843 1134 opportunum
1887 1050 1996 1110 du-

212 1156 439 1227 xerint3
484 1171 742 1232 quorum
788 1153 1146 1211 alterutrum
1203 1151 1280 1210 de
1326 1153 1512 1212 Sexto
1559 1162 1620 1212 et
1663 1151 1995 1211 Damascio

216 1252 583 1312 sumendum
627 1262 752 1326 est,
795 1254 901 1331 qui
943 1251 1149 1310 Mochi
1192 1251 1646 1331 physiologiam
1690 1249 1996 1310 celebran-

214 1362 306 1411 tes
363 1351 962 1410 Sanchuniathonem
1011 1352 1145 1426 Jam
1198 1348 1440 1429 pridem
1495 1369 1706 1427 graece
1747 1367 1997 1410 versum

215 1459 432 1518 tacent.
521 1447 739 1508 Cetera
807 1457 1161 1524 argumenta
1234 1447 1451 1526 quibus
1518 1448 1884 1507 Meinersius
1940 1456 2003 1506 et

212 1549 627 1611 Hissmannus
670 1547 1009 1607 Poenulum
1052 1556 1331 1607 nostrum
1375 1548 1841 1626 impugnarunt,
1883 1547 2003 1606 huc

215 1649 344 1707 fere
413 1658 804 1721 concurrunt,
874 1647 1040 1727 quod
1109 1647 1387 1706 Taauten
1466 1646 1842 1727 Aegyptium
1920 1646 2001 1706 ad

218 1748 552 1807 Phoenices
597 1748 995 1820 transtulerit,
1041 1747 1205 1826 quod
1249 1746 1416 1805 urbis
1444 1745 1595 1823 Tyri
1637 1757 1782 1828 post
1805 1747 2003 1807 Semi-

217 1847 522 1907 ramidem
568 1846 848 1907 conditae
891 1849 1263 1907 mentionem
1306 1847 1603 1923 injecerit,
1646 1846 2003 1926 fabulasque

218 1946 550 2006 Hesiodias
605 1956 666 2005 et
709 1945 1013 2005 Mosaicas
1058 1947 1537 2019 commiscuerit3
1594 1965 1751 2024 quae
1796 1948 2003 2005 omnia

136 2048 138 2050 ’
222 2047 449 2124 partim
512 2055 906 2105 controversa
948 2055 1119 2118 sunt,
1161 2046 1387 2124 partim
1431 2045 1664 2123 aliquas
1709 2044 2005 2105 duntaxat

221 2144 363 2203 libri
419 2154 625 2224 partes
672 2145 1006 2220 attingunt,
1066 2146 1295 2223 partim
1351 2143 1532 2201 facile
1590 2143 1917 2204 eluduntur
1968 2165 2007 2205 a

222 2244 595 2322 mythologis
640 2244 1044 2320 synchyticis‚
1090 2245 1195 2323 qui
1241 2244 1514 2311 omnium
1558 2245 1827 2320 gentium
1869 2244 2007 2304 reli-

223 2345 432 2420 giones
476 2353 717 2404 veteres
761 2362 1076 2423 novasque
1118 2363 1157 2402 a
1191 2343 1493 2423 principio
1542 2342 1790 2404 easdem
1818 2345 2007 2404 fuisse

225 2453 436 2501 rentur
492 2453 553 2501 et
609 2444 1058 2502 recentissimas
1116 2461 1387 2522 quasque
1430 2442 1668 2502 fabulas
1714 2463 1752 2504 a
1793 2445 2005 2524 primi-

223 2544 436 2620 geniae
493 2542 809 2602 doctrinae
877 2542 1189 2613 fonticulis
1244 2550 1544 2620 repetunt.
1646 2541 1768 2600 Sed
1823 2543 2005 2601 inter-

223 2643 399 2703 venit
442 2642 564 2701 alia
608 2641 929 2701 dubitatio.
987 2638 1407 2699 Concedamus
1452 2639 2003 2702 Sanchuniathonis

227 2741 505 2817 Origines
565 2741 642 2800 ab
696 2742 804 2800 illo
850 2741 1025 2800 albae
1068 2741 1330 2817 gallinae
1371 2741 1498 2799 filio
1542 2741 1796 2800 Philone
1837 2743 2004 2819 vige-

226 2843 385 2900 simo
454 2851 597 2921 post
665 2842 979 2922 scriptoris
1040 2839 1274 2899 obitum
1347 2841 1552 2899 seculo
1615 2839 1884 2899 detectas
1943 2851 2004 2900 et

227 2939 423 2998 editas
469 2959 620 3013 esse,
665 2960 926 3021 eumque
967 2940 1189 2998 librum
1233 2938 1537 3016 Athenaei
1580 2948 1641 2997 et
1677 2939 2005 3019 Porphyrii
2070 2947 2071 2952 ’

230 3042 597 3099 testimoniis
657 3042 734 3100 ab
794 3043 961 3099 omni
1018 3039 1303 3098 salsitatis
1347 3040 1691 3117 suspicione
1734 3039 2002 3112 liberari,

232 3139 367 3215 quis
424 3139 600 3199 nobis
656 3159 770 3220 pro
827 3141 935 3199 illa
992 3139 1291 3219 particula
1346 3140 1493 3196 satis
1550 3138 1751 3211 dabit,
1820 3158 2000 3218 quam

233 3237 533 3296 Eusebius
588 3240 881 3318 proponit
939 3239 1050 3297 sub
1105 3240 1355 3296 nomine
1411 3238 1777 3314 Theologiae
1821 3238 2001 3296 Puni-

235 3336 379 3396 cae?
426 3338 597 3396 Prior
645 3339 747 3397 Ill.
803 3339 937 3400 126.
984 3337 1053 3396 A.
1101 3339 1162 3395 in
1209 3338 1466 3396 transitu
1513 3346 1816 3396 memorat
1857 3338 2000 3404 τοὺς
