2150 3814
228 205 353 265 908
756 216 994 262 mann
1037 218 1461 264 SECUNDUS.

226 347 300 407 A.
345 343 849 407 MDCCXCVIII.
906 366 966 425 p.
1017 345 1194 406 1659.
1237 349 1497 409 relatum
1541 350 1689 426 legi,
1753 349 1831 409 de
1873 370 1992 430 quo

227 446 434 506 doceri
489 448 677 508 velim
735 446 810 505 ab
866 445 991 518 his,
1049 448 1153 523 qui
1207 447 1419 507 talium
1474 449 1772 508 librorum
1818 453 1996 529 copia

223 548 503 606 instructi
549 557 720 617 sunt,
764 562 958 621 neque
999 545 1140 625 τρία
1184 549 1244 615 ἐξ
1286 548 1420 616 ἑνὸς
1461 549 1784 629 βλέπουσι,
1830 548 1996 627 quod

225 647 503 725 plerique
543 642 775 703 ‘faciunt
819 652 1097 702 veterum
1143 644 1290 702 artis
1332 657 1863 721 monumentorum
1905 649 1997 706 in-

224 756 519 824 terpretes
586 744 652 800 in
718 741 835 799 hoc
889 743 1249 819 praesertim
1303 747 1563 820 mystico
1621 757 1993 824 argumento.

222 843 381 903 Illud
427 840 674 920 quidem
717 849 1010 902 testatum
1056 850 1175 914 est,
1217 841 1395 900 scalis
1440 853 1501 900 et
1542 846 1694 903 rotis
1739 847 1995 906 eandem

222 942 719 1020 significationem
791 939 1128 1018 subjectam
1195 941 1412 1002 fuisse:
1479 941 1558 1004 τὰ
1620 944 1995 1026 ἀνθρώπινα

221 1040 556 1126 πράγματα
615 1041 864 1121 κλίμακι
906 1042 1177 1123 πέφυκεν
1220 1045 1658 1123 ἐξομοιοῦσθαι
1700 1043 1874 1107 Philo
1918 1041 1996 1104 do

223 1140 430 1204 Somn.
472 1160 533 1221 p.
580 1139 721 1200 588.
763 1140 842 1200 D.
1348 1139 1350 1143 '

931 1435 1102 1497 cn.
1177 1439 1287 1498 IX.

388 1581 500 1640 De
556 1581 1095 1641 Macrocosmo
1153 1591 1227 1641 et
1284 1581 1825 1644 Microcosmo.

1004 1779 1056 1860 ξ.
1148 1780 1202 1839 1.

388 1907 484 1967 Ab
521 1908 629 1966 illa
661 1926 863 1966 rerum
909 1907 1262 1966 coelestium
1308 1916 1369 1965 et
1413 1910 1788 1967 terrestrium
1826 1884 1993 1986 symf-

217 2007 461 2087 pathia‚
523 2009 692 2085 cujus
749 2009 1056 2086 specimen
1111 2006 1486 2083 Pythagoras
1540 2009 1606 2065 in
1649 2008 1993 2067 malvarum

219 2109 617 2167 conversione
685 2106 804 2165 sibi
863 2125 1114 2175 ‚cernere
1179 2107 1351 2166 visus
1420 2116 1542 2181 est,
1598 2108 1997 2186 proficiscitur

217 2206 348 2265 fere
406 2209 603 2266 omnis
647 2207 1045 2283 mysticorum
1104 2204 1470 2284 disputati03
1525 2207 1589 2265 in
1647 2193 1846 2285 eaque>
1896 2223 1997 2264 ex-

195 2306 506 2386 plicanda
578 2306 938 2366 mirabiliter
1004 2307 1335 2366 lasciviunt
1406 2314 1468 2364 et
1533 2304 1719 2364 modo
1776 2325 1997 2366 aureae

219 2417 466 2466 catenae
508 2408 835 2483 imaginem
878 2406 1056 2465 nobis
1101 2418 1481 2484 proponunt,
1526 2425 1679 2484 quae
1724 2405 1995 2486 Olympo

220 2504 488 2564 demissa
543 2525 811 2586 superna
869 2516 929 2563 et
986 2504 1227 2562 inferna
1286 2523 1409 2562 uno
1456 2494 1811 2583 constringit
1854 2508 1994 2566 vin-

219 2606 390 2679 culo,
447 2604 635 2664 modo
691 2606 1047 2664 harmoniae
1101 2603 1450 2663 mundanae
1485 2606 1619 2683 jugi
1663 2624 1813 2664 sono
1860 2622 1996 2665 coe·

216 2705 378 2779 lum,
447 2707 641 2765 maria
713 2715 774 2764 et
840 2715 1031 2764 terras
1101 2706 1414 2764 tranantis.
1524 2705 1728 2783 Hujus
1787 2717 1995 2765 autem

220 2805 534 2865 doctrinae
598 2815 839 2868 veteres
908 2814 969 2863 et
1039 2802 1350 2883 dispersae
1405 2804 1697 2883 reliquiae
1753 2806 1817 2863 in
1872 2803 1993 2864 Ae·

220 2909 575 2986 gyptiorum
633 2917 693 2966 et
754 2903 1197 2966 Chaldaeorum
1255 2906 1650 2964 monimentis
1703 2902 1993 2979 resident,

219 3024 414 3085 neque
470 3026 595 3065 non
648 3016 945 3089 apparent
1004 3007 1069 3064 in
1127 3004 1407 3084 Orphicis
1453 3015 1513 3063 et
1555 3004 1991 3082 Pythagorici8‚

222 3116 284 3165 et
339 3108 634 3166 altissime
693 3118 1014 3189 penetrant
1060 3107 1382 3166 Gnosticos
1425 3105 1889 3183 Platonicosque
1911 3103 1988 3184 [ὃ]

341 3305 415 3363 [a]
456 3305 524 3348 De
554 3305 816 3351 Gabbalistis
846 3307 1056 3360 viderint,
1098 3307 1170 3364 qui
1199 3307 1326 3361 hujus
1362 3303 1612 3360 disciplinae
1651 3303 1822 3345 dumeta
1859 3316 1987 3358 pene-

222 3369 404 3407 trarunt.
464 3366 624 3408 Auctor
655 3365 830 3409 Catech.
863 3367 1000 3410 Cabb.
1036 3381 1079 3423 p.
1107 3364 1205 3407 275.
1245 3365 1540 3421 Pythagoreos
1579 3362 1696 3419 ipsos
1726 3360 1988 3405 Cabbalistis
