2150 3814
234 244 397 305 1038
768 258 1000 302 ιΑΒΕιι
1046 259 1477 305 SECUNDUS.

224 388 630 468 injudicatum
701 388 1012 467 relinquo,
1085 402 1279 467 neque
1353 393 1546 469 magis
1618 390 1765 471 quid
1825 390 2005 455 Cotto

219 492 360 552 'sive
417 487 670 565 Cotytto
729 506 767 546 a
820 485 1225 547 Doriensibus
1282 491 1445 550 culta
1498 491 1701 552 Schol.
1757 491 2008 555 Theoer.

228 590 330 648 VI.
376 589 477 648 40.
536 586 737 646 Schol.
792 585 968 650 Pind.
1030 587 1124 646 Ol.
1182 588 1348 650 XIII.
1395 590 1492 652 56.
1549 592 1813 653 Boeckh.
1868 610 2009 653 voum

224 691 332 749 illa
389 706 714 747 commune
768 686 1122 761 habuerint,
1180 691 1594 769 quaerendum
1652 712 1785 753 esse
1827 703 2011 773 puto;

220 798 535 868 postremo
594 786 918 846 obscurum
975 788 1180 848 locum
1237 791 1301 848 in
1358 790 1709 871 Suppositis
1753 792 2011 853 Aulula-

223 891 354 948 riae
405 908 464 950 v.
510 884 611 947 20.
648 949 650 952 Α

364 1017 463 1066 Sed
500 1018 632 1065 aliud
667 1026 775 1079 post
811 1017 960 1077 aliud,
998 1019 1040 1064 si
1077 1034 1170 1081 qua
1206 1021 1270 1065 sit
1306 1021 1657 1082 opportunitas,
1693 1019 2008 1085 harpagatum

366 1105 549 1154 volunt.
592 1102 650 1151 Si
685 1104 917 1150 Eleusina
954 1104 1034 1162 sit,
1071 1105 1259 1151 facilem
1296 1104 1433 1152 deam
1457 1106 1684 1167 eredunt3
1722 1107 1766 1152 si
1791 1104 2008 1169 Cotytto‚

366 1204 466 1237 non
499 1188 664 1236 videre
700 1204 844 1251 quum
878 1188 1105 1251 batuat[4
1120 1189 1181 1251 ⁹].

217 1300 417 1360 fateor
473 1319 574 1358 me
616 1317 743 1358 non
785 1298 1141 1377 intelligere.
1218 1299 1343 1359 Sed
1387 1321 1502 1380 pro
1548 1302 1676 1374 his,
1722 1321 1881 1382 quae
1926 1302 2008 1362 ad

227 1407 460 1458 certum
514 1397 710 1475 redigi
763 1411 1103 1478 nequeunt,
1159 1402 1224 1458 in
1281 1402 1451 1459 exitu
1507 1401 1690 1479 hujus
1735 1401 2012 1482 disputa-

218 1501 406 1559 tionis
449 1498 702 1558 afferam
759 1499 1174 1576 conjecturam
1231 1509 1511 1559 nostram
1571 1500 1648 1558 de
1694 1499 2009 1562 Strattidis

221 1599 433 1660 fabula
483 1598 807 1679 Ψυχασταί
846 1599 1162 1679 inscripta,
1207 1598 1374 1678 quod
1415 1619 1639 1659 nomen
1663 1600 2012 1662 Meinekius

223 1700 476 1775 Quaest.
535 1699 707 1759 Scen.
764 1699 840 1757 H.
897 1699 999 1758 67.
1054 1718 1092 1758 a
1144 1699 1278 1759 vini
1332 1700 1794 1778 refrigeratione
1835 1722 2012 1784 repe-

163 1841 165 1843 -
222 1804 315 1860 tit.
362 1799 667 1880 Equidem
711 1801 919 1859 nescio
965 1818 1046 1858 an
1088 1800 1194 1858 ille
1238 1800 1519 1861 homines
1565 1802 1866 1882 quosdam
1897 1823 2007 1864 vo—

219 1902 546 1982 luptuosos
602 1901 1030 1979 perstrinxerit
1082 1902 1149 1959 in
1202 1900 1353 1959 locis
1398 1906 1677 1963 amoenis
1722 1905 1905 1963 otiari
1951 1913 2011 1962 et

218 2003 522 2061 luxuriari
580 2001 815 2060 solitos.
882 1999 1112 2059 Anecd.
1157 1999 1349 2059 Bekk.
1393 2021 1453 2081 p.
1499 2003 1641 2062 317.
1685 2002 2009 2086 ψυχάζειν,

221 2103 375 2184 πρὸς
416 2102 487 2163 τὸ
532 2109 779 2182 πνεῦμα
822 2099 1185 2182 διατρίβειν.
1230 2100 1582 2161 Athenaeus
1627 2102 1734 2162 XI.
1767 2102 1909 2164 503.
1939 2102 2005 2167 C.

225 2198 576 2284 Νίκανδρός
632 2222 786 2284 φησι
840 2206 1164 2284 ψυκτῆρας
1217 2201 1323 2261 καὶ
1384 2202 1522 2272 τοὺς
1566 2201 1862 2274 ἀλσώδεις
1903 2205 2009 2267 καὶ

219 2303 512 2372 συσκίους
553 2300 784 2371 τόπους
825 2302 973 2371 τοὺς
1014 2294 1143 2371 τοῖς
1171 2306 1345 2372 θεοῖς
1383 2305 1759 2386 ἀνειμένους,
1805 2309 1873 2369 ἐν
1916 2306 2007 2375 οἷς

219 2410 386 2467 ἐστιν
458 2401 795 2485 ἀναψύξαι.
868 2402 1066 2481 qualis
1139 2399 1428 2483 Canopus
1481 2405 1603 2463 fuit
1659 2408 1876 2465 auris
1932 2417 2007 2466 et

219 2504 556 2563 salutari
633 2511 1251 2579 temperamento
1316 2504 1787 2582 perflabilis
1854 2506 2006 2566 Am-

217 2606 406 2664 mian.
460 2602 648 2661 Marc.
703 2600 902 2660 XXII.
965 2601 1059 2660 16.
1105 2601 1248 2661 213.
1305 2596 1470 2676 sive}
1531 2614 1600 2663 ut
1645 2605 1867 2665 Strabo
1913 2607 2005 2666 di-

218 2707 301 2764 cit
342 2702 535 2763 XVII.
570 2699 748 2761 1151.
780 2700 1036 2771 ,διαίτας
1077 2702 1182 2764 καὶ
1225 2702 1487 2786 ἀπόψεις
1520 2707 1677 2784 ἔχων
1718 2713 1848 2778 τοῖς
1889 2734 2003 2772 κα·-

213 2804 494 2889 πυρίζειν
535 2803 977 2885 βουλομένοις,
1037 2802 1152 2861 hoc
1196 2812 1290 2862 est
1332 2814 1513 2884 aptus
1570 2808 1679 2880 iis,
1739 2810 1842 2887 qui
1883 2828 1999 2888 pro

213 2926 281 2965 re
325 2914 472 2964 nata
513 2902 701 2963 modo
746 2904 1011 2982 apricari
1051 2903 1243 2962 modo
1286 2905 1522 2964 umbris
1575 2909 1865 2988 aquisque
1909 2928 2003 2969 sa-

217 3006 474 3066 lubriter
533 3005 882 3082 refrigerari
952 3002 1200 3064 Vellent.
1319 3005 1621 3066 Graecum
1689 3008 2001 3094 Ψυκτήρια

342 3175 435 3233 [49]
480 3175 745 3218 Niebuhrius
787 3175 832 3217 in
868 3174 1100 3217 Comment.
1142 3176 1276 3219 Acad.
1317 3176 1460 3218 Berol.
1502 3177 1613 3219 Ann.
1658 3177 1782 3220 1816.
1823 3193 1865 3236 p.
1896 3179 1995 3223 286.

220 3235 401 3292 (Kleine
431 3234 608 3277 Schrift.
638 3235 692 3276 T.
723 3235 758 3276 I.
787 3249 832 3291 p.
865 3233 985 3288 172.)
1025 3234 1132 3275 haec
1162 3234 1475 3292 Supposita
1509 3236 1726 3292 plerisque
1756 3237 1854 3280 aliis
1884 3241 1998 3282 anti-

220 3295 388 3350 quitata
417 3298 639 3349 praestare
664 3293 846 3348 judicat.
917 3292 1029 3335 Mihi
1060 3292 1230 3348 quidem
1258 3294 1332 3336 ille
1360 3294 1524 3351 picus
1555 3296 1684 3337 auri
1714 3303 1914 3339 custos
1953 3313 1994 3340 v,

218 3353 289 3395 27.
330 3368 355 3394 e
383 3352 560 3394 Picibus
600 3352 695 3408 qui
726 3365 932 3394 aureos
971 3356 1185 3394 montes
1216 3353 1415 3395 colunt
1447 3354 1522 3395 IV.
1553 3353 1594 3396 4.
1627 3356 1665 3397 1.
1707 3356 1783 3398 vix
1813 3370 1992 3398 excusa-

221 3411 298 3453 bili
329 3424 474 3454 errore
507 3425 759 3465 conversus,
800 3424 937 3467 neque
968 3410 1055 3454 alia
1084 3411 1354 3469 corruptelae
1384 3412 1541 3455 indicia
1571 3413 1721 3457 deesse
1751 3415 1962 3458 videntur.
