2150 3814
258 243 421 305 1312
824 251 1063 310 LIBER
1121 249 1489 295 TERTIUS.

255 386 519 471 κόρδαξ,
575 380 889 442 scordalus
947 390 1008 438 et
1054 377 1302 450 σκίναξ,
1363 388 1424 437 et
1479 378 1556 437 ab
1612 379 1708 437 his
1765 376 1887 436 alia
1947 375 2028 435 ad

254 488 457 548 minus
501 484 822 562 minusque
865 478 1093 539 similia
1136 476 1524 538 traducemur
1576 478 1746 536 nullo
1804 476 1885 536 ad
1939 477 2028 534 in-

256 581 690 647 tersistendum
737 580 882 639 dato
927 578 1147 658 spatio.
1229 575 1467 638 Nomen
1511 578 1778 642 Σευίὸαι
1821 585 2029 635 utrum

257 706 294 743 a
335 682 521 743 verbo
569 678 770 745 σεύειν
811 678 1062 739 ductum
1117 677 1228 749 sit,
1286 677 1448 756 quod
1491 680 1558 737 in
1599 678 1838 755 vulgari
1883 693 2031 756 quo-

258 788 374 863 que
463 781 810 840 Graecitate
894 778 1396 856 significationem
1473 779 1845 857 reciprocam
1923 775 2030 834 ha-

253 882 359 941 bet
389 878 497 962 [b]‚
561 891 639 940 an
696 876 986 948 Εὓαστάς
1030 877 1322 954 significet
1375 897 1454 936 an
1508 877 1895 957 peregrinum
1953 876 2034 932 sit

254 991 324 1040 ut
369 978 648 1043 Δευάὸαι
692 989 754 1038 et
797 976 1097 1041 Σαυάὸαι
1147 976 1373 1053 (Sturz.
1428 977 1594 1036 Dial.
1649 976 1748 1034 Al.
1802 994 1863 1054 p.
1905 971 2033 1050 46.)

223 1088 544 1162 'quaerere
589 1096 1113 1158 supervacaneum
1169 1086 1262 1135 est
1317 1077 1460 1156 quia
1512 1077 1830 1142 nominum
1885 1089 2035 1152 pro-

250 1182 530 1261 priorum
558 1179 864 1237 ‚formatio
908 1176 1126 1256 quibus
1180 1185 1424 1250 regatur
1477 1173 1742 1251 legibus,
1794 1175 2036 1250 ignora—

252 1287 354 1338 tur
404 1277 618 1337 adhuc.
704 1277 974 1335 Facilius
1033 1275 1347 1352 Grupenio
1395 1273 1743 1337 Observatt.
1787 1273 2032 1351 Antiqq.

254 1378 459 1436 Germ.
517 1396 577 1455 p.
640 1373 776 1432 184.
845 1374 948 1432 Du
1019 1370 1250 1448 Gangio
1321 1391 1383 1451 p.
1438 1373 1580 1432 672.
1640 1373 2032 1433 Beckmanno

254 1476 471 1537 Gesch.
519 1474 627 1532 der
668 1472 898 1532 Erfind.
954 1471 1024 1530 T.
1067 1472 1172 1530 III.
1217 1470 1360 1530 214.
1418 1474 1719 1531 assentior
1764 1469 2031 1531 Cobalos

253 1575 505 1636 eosdem
552 1592 685 1632 esse
729 1591 882 1652 quos
926 1570 1112 1630 hodie
1158 1567 1470 1630 Coboldos
1524 1571 1782 1631 dicimus
1827 1581 1888 1630 et
1932 1589 2033 1630 su-

247 1678 457 1757 perior
500 1682 669 1734 aetas
714 1670 1026 1734 Covaldos
1070 1672 1204 1732 sive
1229 1671 1566 1732 Gobelinos
1611 1674 1877 1745 vocavit,
1921 1673 2036 1731 sic-

247 1786 320 1835 ut
361 1775 557 1834 multa
599 1782 742 1834 sunt
786 1771 1095 1834 vocabula
1145 1771 1354 1830 multis
1403 1772 1625 1850 linguis
1663 1773 2030 1845 communia,

253 1875 526 1934 Graecae
567 1874 964 1954 potissimum
1011 1881 1071 1930 et
1108 1870 1504 1931 Germanicae
1522 1873 1611 1952 [⁰].
1684 1871 1864 1933 Certe
1901 1874 2033 1953 qui-

254 1973 397 2033 dem
434 1972 522 2031 de
566 1969 814 2031 Cobalis
861 1990 1017 2050 quae
1060 1970 1416 2043 traduntur,
1462 1969 1881 2031 Coboldorum
1924 1991 2033 2030 no-

251 2082 518 2132 strorum
561 2071 805 2148 ingenio
850 2070 1087 2129 ludicro
1135 2080 1197 2129 et
1240 2072 1480 2130 scurrili
1529 2073 2031 2134 convenientissi-

251 2191 356 2231 ma
421 2180 581 2231 sunt.
694 2168 1110 2249 Harpocratio
1184 2171 1496 2253 Κοβαλεία
1561 2172 1598 2250 ἡ
1661 2173 2027 2255 προςποιητὴ

250 2272 406 2353 μετὰ
452 2269 689 2349 ἀπάτης
732 2271 990 2343 παιδιὰ,
1058 2271 1163 2332 καὶ
1205 2268 1471 2353 κόβαλος
1528 2272 1560 2334 ὃ
1618 2269 1814 2353 ταύτῃ
1861 2269 2058 2355 χρώ-,

250 2395 467 2452 μενος,
521 2372 672 2432 ἔοικε
716 2369 786 2432 δὲ
833 2369 1210 2453 συνώνυμον
1252 2379 1342 2454 τῷ
1382 2370 1747 2454 βωμολόχῳ.
1835 2370 2029 2435 Φιλό-

244 2496 434 2553 χορος
479 2473 544 2532 ἐν
586 2468 667 2550 β’.
707 2470 1028 2541 Ἀτθίδος·
1081 2475 1172 2535 Οὐ
1214 2474 1336 2558 γὰρ
1384 2472 1576 2554 ὥςπερ
1624 2474 1774 2535 ἔνιοι
1818 2474 2031 2557 λέγου-

254 2591 387 2642 σιν,
443 2567 818 2652 βωμολόχον
870 2571 1011 2635 τινὰ
1056 2572 1161 2634 καὶ
1213 2570 1488 2654 κόβαλον
1539 2574 1864 2654 νομιστέον
1915 2573 2027 2636 τὸν

252 2667 586 2732 Διόνυσον.
627 2671 1055 2753 Ἀριστοτέλης
1097 2670 1165 2733 δὲ
1208 2672 1322 2734 τὸν
1365 2668 1528 2735 ὦτόν
1573 2694 1724 2753 φησι
1752 2670 2025 2754 κόβαλον

252 2768 356 2830 καὶ
420 2769 698 2850 μιμητὴν
752 2772 907 2835 ὄντα
968 2769 1466 2854 ἅντοοχούμενον
1522 2772 1884 2835 ἁλίσκεσθαι
1924 2768 2022 2853 [⁶].

369 2935 447 2994 [b]
493 2938 737 2994 Hesychius
766 2936 1031 2996 Σοιὸηύδεις
1057 2936 1221 2996 βάκχαι
1251 2938 1326 2983 διὰ
1354 2939 1403 2985 τὸ
1434 2944 1722 2996 σεσοβῆσθαι.

368 3024 437 3080 [0]
484 3025 652 3067 Nomen
680 3027 760 3069 hoc
792 3027 960 3069 Cobold
990 3042 1024 3069 s.
1046 3027 1209 3070 Kobolt
1238 3028 1282 3070 in
1310 3033 1459 3072 nostra
1487 3028 1637 3084 lingua
1665 3029 1834 3072 radices
1863 3031 2024 3074 habere

252 3085 411 3137 negant
441 3083 734 3127 Granunatici.
1133 3112 1136 3115 Δ

369 3151 441 3213 [ff]
486 3153 631 3210 Etym.
664 3157 729 3200 M.
767 3155 1032 3216 Ὠτιαφόροι
1063 3158 1108 3201 οἱ
1136 3155 1214 3206 τὰς
1243 3156 1405 3215 α’ῃίὸας
1434 3161 1646 3216 φέροντες
1678 3157 1876 3219 ἐργάται·
1921 3160 2022 3211 ὠτὶς

251 3209 340 3270 γὰρ
372 3212 492 3261 εἶδος
522 3212 710 3273 ὀρνέου,
738 3214 984 3274 ὠτιοφόροι
1014 3216 1063 3259 δὲ
1095 3217 1139 3259 οἱ
1169 3214 1223 3258 τὰ
1253 3215 1344 3260 ὠτα
1373 3219 1768 3276 συντεθλασμένοι.
1821 3220 2022 3276 Aucupes

253 3275 452 3313 noctuam
482 3269 778 3330 περιάγουσιν
812 3275 888 3318 ἐπὶ
916 3277 1007 3318 τῶν
1036 3269 1174 3332 ὤμων
1203 3275 1368 3320 Aelian.
1399 3276 1457 3318 H.
1487 3276 1568 3319 An.
1601 3277 1637 3318 I.
1667 3277 1737 3320 29.
1794 3278 1844 3320 In
1872 3282 2022 3320 vetere

253 3327 434 3383 quodam
465 3341 594 3385 opere
624 3333 737 3387 quod
768 3332 1032 3376 Chishullius
1061 3338 1223 3375 tractat
1252 3333 1296 3375 in
1324 3334 1410 3390 Ep.
1440 3333 1496 3376 ad
1525 3335 1754 3390 Haymium
1782 3336 1896 3392 le.
1932 3336 2019 3378 sal-

248 3386 465 3430 tatoribus
495 3388 723 3443 adjunctae
754 3396 852 3434 sunt
881 3406 1060 3449 scopeS,
1105 3406 1282 3448 quarum
1318 3393 1531 3448 satyricos
1572 3398 1709 3436 motus
1737 3394 1902 3437 Plinius
1931 3408 2019 3438 me-
