2184 3840
278 228 404 286 888
802 239 1041 283 121131311
1085 240 1515 284 SECUNDUS.

283 368 544 447 Cangius
601 388 646 429 s.
704 388 762 430 v.
806 371 980 449 Αἷμα
1026 379 1086 428 et
1130 368 1325 439 Γόνος
1370 389 1404 427 0
1449 369 1648 427 Gloss.
1694 367 1922 427 Anecd.
1965 378 2056 428 at-

281 471 421 531 tulit
435 468 530 551 [†].
574 469 746 530 Haec
784 470 970 545 igitur
1011 486 1304 547 perquam
1347 470 1620 531 novitios
1643 477 1920 528 auctores
1943 467 2059 527 ha-

280 570 440 630 bent.
529 570 654 630 Sed
695 570 892 630 multa
929 567 1257 627 herbarum
1303 568 1605 628 vocabula
1646 566 1862 628 eadem
1911 575 2061 626 nota

279 688 570 750 percussa
612 672 676 729 in
721 686 1003 728 sermone
1046 666 1365 725 doctorum
1411 668 1783 728 Graecorum
1829 686 1899 726 ac
1942 667 2061 724 Ro-

279 789 602 829 manorum
646 778 707 827 et
749 770 814 827 in
861 785 967 825 ore
1010 766 1179 842 vulgi
1205 767 1546 843 viguerunt,
1591 769 1853 848 exempli
1881 785 2062 826 causa

281 871 427 938 Διὸς
495 871 696 937 ἄνθος
762 886 820 927 v.
890 867 1148 945 Interpr.
1204 863 1426 928 Athen
1483 867 1552 926 T.
1612 867 1859 948 V11.p.
1922 866 2060 928 165.

267 968 490 1038 Ἴσιδος
555 967 754 1052 τρίχες
823 966 1126 1026 Plutarch.
1182 965 1281 1024 De
1348 965 1461 1025 fac.
1520 967 1674 1026 Lun.
1733 988 1779 1026 c.
1835 964 1935 1024 25.
1991 967 2060 1025 Τ.

278 1066 445 1126 XIII.
502 1088 562 1149 p.
615 1069 716 1128 80.
771 1067 1114 1147 capillus
1173 1065 1506 1126 Veneris
1573 1066 1791 1127 Isidor.
1859 1065 2059 1143 Origg.

278 1167 471 1228 XVII.
516 1188 576 1250 p.
619 1168 764 1229 428.
809 1166 1034 1229 Jovis
1077 1165 1319 1226 barba
1362 1167 1498 1227 Plin
1523 1166 1753 1227 XXVI.
1790 1165 1886 1225 18.
1931 1165 2062 1224 Ve-

278 1268 490 1327 neris
534 1268 832 1328 labrum
878 1287 938 1329 v.
982 1266 1289 1327 Keuchen.
1337 1267 1414 1328 ad
1444 1269 1571 1329 Ser.
1599 1269 1763 1328 Sam.
1787 1285 1849 1328 v.
1881 1266 2062 1326 1008.

281 1377 464 1446 atque
529 1385 741 1427 omnes
817 1367 966 1427 deos
1042 1367 1432 1447 complexum
1486 1367 2062 1429 Dodecatheon.

278 1465 509 1524 Lilium
568 1463 871 1526 Corinthii
929 1467 1287 1550 ἀμβροσίαν
1299 1514 1320 1541 ,
1383 1468 1593 1541 multi,
1649 1477 1719 1527 ut
1761 1465 2066 1527 Nicander

282 1567 402 1639 ait,
452 1564 671 1650 χάρμα
717 1566 1080 1651 Ἀφροδίτης
1133 1576 1433 1627 vocarunt
1473 1566 1694 1627 Athen.
1739 1565 1874 1626 XV.
1920 1567 2062 1628 681.

279 1665 346 1724 Β.
391 1665 534 1726 683.
582 1667 660 1726 D.
705 1665 1084 1744 Hesychius:
1136 1664 1261 1737 Οὗς
1297 1665 1682 1749 Ἀφροδίτης
1724 1669 1784 1730 οἱ
1824 1673 2068 1739 Αἰολεῖς

280 1764 537 1849 ὄστρεόν
590 1792 650 1829 τι
705 1768 869 1830 οὕτω
922 1773 1197 1831 καλοῦσι.
1302 1764 1537 1826 Calculi
1595 1766 1837 1827 ocellati
1880 1768 2067 1846 vulgo

279 1865 802 1946 Nympharum
873 1868 1087 1931 oculi
1144 1867 1442 1946 appellati
1495 1866 1706 1926 Victor
1761 1867 1839 1927 de
1897 1867 2067 1931 Caes.

283 1986 329 2024 0.
374 1968 477 2025 Ill.
522 1967 849 2046 pisciculos
894 1965 1194 2046 quosdam
1239 1966 1457 2045 planos
1501 1967 1705 2026 Matro
1749 1967 2070 2032 dearum

283 2065 652 2126 sandalia
707 2066 863 2126 dixit
917 2066 1138 2128 Athen.
1194 2065 1297 2125 lv.
1359 2066 1496 2126 136.
1540 2067 1612 2126 E.
1659 2086 1814 2148 quae
1859 2074 2071 2132 omnia

282 2166 678 2225 manifestum
763 2167 1026 2240 faciunt,
1106 2168 1359 2226 nomina
1405 2185 1627 2234 'rerum
1695 2169 2069 2229 naturalium

242 2269 244 2272 ’
284 2265 614 2326 ambitiosa
670 2277 733 2326 et
787 2266 1130 2342 symbolica
1183 2285 1308 2326 non
1350 2266 1675 2346 Aegyptiis
1717 2286 1915 2348 neque
1958 2270 2071 2330 ulli

283 2367 391 2425 alii
449 2369 615 2444 genti
670 2369 926 2447 propria
983 2386 1116 2426 esse
1171 2366 1279 2427 sed
1336 2368 1399 2426 in
1447 2369 1756 2427 communi
1799 2369 2069 2448 quodam

285 2467 605 2525 hominum
676 2485 850 2525 more
918 2476 980 2524 et
1045 2486 1328 2526 sermone
1395 2468 1650 2526 versari.
1748 2467 2067 2528 Postremo

289 2568 476 2626 etiam
519 2566 1035 2646 pharmacopolae
1079 2574 1142 2624 et
1183 2568 1497 2626 institores
1524 2568 1919 2646 pigmentarii
1946 2589 2072 2629 em-

289 2666 554 2745 plastris,
599 2667 870 2743 collyriis
916 2676 978 2725 et
1020 2666 1446 2745 ecligmatibus
1490 2669 1617 2726 suis
1663 2666 1921 2726 deorum
1965 2669 2070 2729 he-

287 2785 587 2846 roumque
645 2768 897 2826 nomina
938 2766 1235 2842 indidere,
1278 2767 1478 2842 Isidis,
1522 2767 1797 2841 Veneris,
1839 2769 2071 2829 Hercu-

291 2867 398 2939 lis,
464 2867 699 2940 Protei,
765 2866 1167 2928 Amazonum.
1226 2888 1286 2930 v.
1347 2869 1657 2948 Sprengel.
1713 2868 1898 2927 Beitr.
1958 2888 2070 2928 zur

296 2965 508 3026 Gesch.
554 2967 612 3026 d.
656 2967 819 3026 Med.
864 2969 909 3026 I.
942 2969 1011 3028 3.
1054 2989 1114 3048 p.
1161 2967 1259 3028 58.
1317 2978 1379 3027 et
1423 2968 1503 3027 ad
1546 2968 1730 3026 hocce
1773 2969 1913 3029 aevi
1958 2971 2070 3028 cir-

296 3066 594 3127 culatores
647 3069 1009 3147 panchresta
1065 3088 1177 3128 sua
1219 3069 1687 3175 speciosissimis
1732 3067 2070 3148 quibusque

415 3266 497 3322 [†]
543 3267 711 3323 Apulej.
752 3283 786 3310 0.
829 3267 900 3311 49.
946 3268 1274 3325 Prophetae
1326 3282 1394 3325 go
1370 3281 1469 3309 oon
1482 3281 1510 3308 ιι
1563 3267 1734 3309 chron
1749 3280 1801 3319 u,
1853 3267 2068 3338 Pytha-

298 3338 468 3393 goras
497 3339 631 3382 pare
643 3339 775 3368 onro
787 3326 1122 3378 ,Osthanes
1151 3330 1491 3385 putagonon.
1548 3325 1786 3379 Quaeritur
1816 3339 1912 3370 num
1943 3321 2068 3371 Βού-

298 3383 356 3426 δα
386 3379 525 3439 γόνον
554 3384 837 3428 scribendum.
