2150 3814
849 181 1301 230 ORPHICA.
1804 172 1959 235 1031

357 317 661 397 Se‘quitmz¹
714 314 834 378 huc
901 310 1095 379 dilata
1161 315 1438 392 quaestio
1509 311 1585 372 de
1655 313 1963 376 Plutarchi

180 420 348 491 loco,
410 435 590 496 quem
623 415 758 501 Ῑῳεη
780 412 1101 479 --Erasmus-
1143 414 1349 492 attigit
1396 414 1466 474 iu>
1504 411 1698 490 Adag.
1755 432 1816 492 p.
1859 416 1960 475 80.

182 528 243 579 et
279 515 617 595 CajetanuS.
636 513 803 591 hag.
842 514 907 572 in
943 513 1104 575 Hist.
1143 512 1260 574 Sic.
1286 512 1388 573 IV.
1432 513 1490 573 9.
1529 532 1589 592 p.
1632 512 1728 572 19.
1778 512 1846 572 Τ.
1887 515 1960 574 Π.

181 618 359 678 Thes.
395 615 514 676 Sic.
550 613 826 700 Ἅρπαγά
850 614 1228 685 Κοτυττίοις·
1253 613 1553 684 Κοτυττίς
1597 612 1735 695 (sic)
1780 614 1959 696 ἑορτή
2006 668 2009 670 μ

176 718 269 786 τίς
310 720 438 779 ἐστι
482 712 805 793 Σικελικὴ,
862 717 930 777 ἐν
982 710 1022 795 ᾗ
1077 715 1219 799 περί
1271 741 1446 786 τινας
1474 711 1768 784 ’κλάδους
1823 712 1963 784 ἐξά-,

174 840 429 886 πτοντες
470 812 724 878 πόπανα
765 814 866 877 καὶ
908 813 1233 900 ἀκρόδρυα
1259 817 1603 896 ἕπε’τραπον
1643 811 1959 898 ἁρπάζειν.

175 935 359 998 quem
401 916 605 975 locum
648 914 909 993 benigne
950 916 1218 996 illustrat
1262 912 1530 992 Cyrillus
1565 913 1808 974 Hieros.
1845 910 1960 974 Ca-

175 1017 330 1078 tech.
373 1015 560 1093 Myst.
588 1016 636 1075 I.
680 1015 740 1075 4.
786 1015 930 1074 281.
974 1014 1070 1074 ed.
1114 1015 1336 1074 MilleS.
1380 1015 1460 1077 τὰ
1505 1018 1571 1076 ἐν
1616 1014 1959 1085 &wool-mats

176 1115 559 1201 πανηγύρεσι
609 1112 977 1197 κρεμώμενα
1036 1116 1195 1176 ἔσθῗἾ
1229 1115 1329 1177 ὅτε
1384 1114 1536 1196 κρέα
1576 1113 1630 1191 ἢ
1687 1115 1868 1196 ἄρτοι
1919 1113 1958 1193 ἢ

174 1221 334 1279 ἄλλα
373 1223 633 1279 τοιαῦτα
678 1223 787 1274 etc.
873 1212 1080 1292 Hujus
1124 1221 1332 1281 autem
1376 1214 1578 1274 mor-is.
1626 1211 1706 1272 ad
1749 1222 1962 1274 nostra
2035 1241 2044 1251 ·»

171 1335 367 1396 usque
410 1315 618 1375 secula
658 1315 983 1394 propagati
1027 1315 1357 1391 vestigium
1402 1313 1556 1374 mihi
1588 1332 1844 1374 >cernere
1866 1315 1961 1376 vi·-

173 1415 324 1476 deor
380 1417 447 1474 in
500 1415 709 1492 Etym.
762 1414 848 1474 M.
904 1433 965 1502 p.
1015 1414 1167 1481 4286.
1236 1415 1373 1474 loco
1430 1414 1957 1494 implicatissimo:

172 1515 438 1599 Λράξων
492 1517 529 1595 ἢ
588 1516 879 1600 λεγομένη
950 1514 1240 1595 σικελική·
1331 1515 1615 1597 σημαίνει
1660 1514 1756 1586 δὲ
1811 1516 1959 1585 τοὺς

173 1619 303 1681 κατ’
360 1617 603 1702 ἀγορὰν
669 1623 799 1679 τῶν
869 1616 1151 1698 ἀλφίτων
1206 1616 1244 1694 ἢ
1302 1616 1448 1686 τοὺς
1505 1618 1711 1679 ἄλλων
1764 1622 1957 1678 τινῶν

175 1718 560 1799 ἁπτομένους
615 1716 721 1779 καὶ
776 1713 1197 1798 ἁρπάζοντας·
1276 1716 1474 1784 οὕτως
1512 1715 1959 1797 Ἐρατοσθένης

172 1815 567 1897 καπηὸάλους
609 1819 795 1878 καλεῖ·
835 1815 1005 1896 παρὰ
1053 1812 1170 1878 οὗν
1214 1816 1284 1878 τὸ
1319 1814 1724 1896 ὃράττεσθαι·
1771 1819 1855 1884 εἷς
1886 1815 1956 1877 τὸ

172 1917 508 2001 Διογένους
549 1911 736 1996 εὗρον
778 1914 900 2000 ἐγώ
944 1913 1211 1997 Λράξων.
1270 1914 1593 1996 σημαίνειν
1647 1917 1961 1997 πορνοβο-

171 2014 324 2080 σκόν
353 2013 444 2095 [⁴⁰]
518 2034 703 2094 quem
758 2015 964 2075 locum
1020 2014 1456 2091 Bernhardyus
1520 2017 1585 2074 in
1650 2013 1961 2074 Eratosth.

171 2136 234 2196 p.
282 2116 422 2176 166.
455 2115 816 2187 inutilibus,
873 2123 944 2174 ut
999 2134 1139 2174 cum
1194 2118 1333 2195 ipso
1387 2115 1641 2194 loquar,
1671 2122 1961 2193 attenta-

172 2217 269 2277 vit
296 2252 298 2256 ,
322 2215 718 2292 conjecturiS,
780 2213 1090 2293 καπήλους
1117 2201 1480 2274 -emendans
1537 2216 1665 2299 vel-
1710 2218 1776 2278 ἐν
1829 2220 1959 2284 τοῖς

175 2398 444 2441 Alcibiadem
482 2398 808 2456 Hierophantae
848 2404 996 2455 partes
1041 2399 1209 2455 egisse,
1247 2398 1518 2454 Polytionem
1559 2398 1757 2441 Daduchi
1773 2431 1786 2451 ‚
1824 2398 1960 2440 Prae—

174 2457 294 2499 conie
325 2455 629 2510 Theodorum,
671 2461 921 2499 ceteram
962 2461 1106 2500 autem
1146 2457 1363 2500 turbam
1405 2463 1567 2513 mystas
1597 2461 1642 2500 et
1670 2463 1852 2515 epoptas
1882 2473 1960 2499 vo-

173 2519 296 2558 catos
326 2530 446 2568 esse,
488 2515 602 2557 unde
642 2515 864 2571 sequitur,
906 2514 1096 2573 Eupolin
1135 2515 1306 2558 summis
1346 2516 1645 2559 sacerdotibus
1685 2516 1959 2559 cinaedorum

172 2573 359 2631 speciem
387 2573 578 2617 induisse
607 2599 665 2606 —
694 2573 733 2616 si
760 2587 866 2617 vera
895 2578 962 2616 est
990 2574 1240 2618 Buttmanni
1271 2575 1495 2619 sententia.
1557 2574 1673 2634 Παρ’
1714 2570 1841 2618 οἶνον
1881 2589 1954 2618 au-

172 2640 258 2678 tem
286 2633 395 2676 nihil
423 2632 543 2677 aliud
570 2632 790 2688 siguificat
821 2646 946 2688 quam
987 2634 1042 2676 in
1080 2635 1209 2676 vino
1248 2634 1290 2675 h.
1323 2648 1361 2678 e.
1402 2635 1630 2690 symposio.
1690 2633 1888 2690 Denique
1920 2634 1957 2675 si

172 2691 284 2735 ebrii
311 2691 512 2736 dicuntur
539 2695 912 2750 βεβαπτισμένοι,
959 2692 1005 2734 id
1034 2707 1117 2736 non
1148 2707 1199 2735 eo
1230 2692 1348 2735 valet
1376 2697 1426 2734 ut
1454 2689 1627 2747 βαπτάς
1656 2707 1730 2734 eos
1760 2693 1847 2734 dici
1874 2705 1956 2750 pu-

168 2757 332 2804 temus,
362 2750 437 2807 qui
466 2750 651 2807 aliquem
681 2750 782 2793 vino
812 2750 1087 2807 immergant3
1119 2750 1330 2807 aquilices
1359 2751 1554 2793 occultas
1584 2764 1792 2806 aquarum
1822 2764 1956 2792 venas

172 2810 346 2867 yenari,
389 2809 507 2854 fabri
545 2809 676 2852 aedes
705 2809 905 2853 ruinosas
936 2810 1176 2862 resarcire,
1210 2810 1495 2852 Grammatici
1524 2810 1716 2866 syllabas
1747 2810 1953 2866 aucupari

174 2867 397 2921 dicuntur,
438 2867 515 2910 aed
543 2866 708 2910 idcirco
738 2882 859 2910 nemo
891 2869 1116 2926 aquilicem
1148 2874 1502 2919 venatorem,
1547 2881 1686 2923 neque
1726 2867 1954 2911 Gramma-

177 2925 318 2976 ticum!
342 2941 609 2984 aucupem
653 2927 856 2972 nominet.
1215 2932 1219 2936 ”

296 2982 388 3041 [⁴⁰]
430 2985 529 3028 Hoc
557 2987 744 3028 fortasse
773 2986 962 3044 pertinet
991 2987 1047 3029 ad
1075 2986 1193 3029 illum
1225 2984 1483 3027 Selinusium
1512 2983 1727 3038 lenonem,
1774 2984 1849 3042 qui
1887 2983 1954 3027 di—

179 3054 256 3083 ves
284 3042 427 3085 sauma
463 3046 682 3088 τελευτῶν
715 3043 771 3088 τὰ
813 3041 922 3089 ὄντα
959 3041 1221 3105 προῦθηκεν
1260 3046 1323 3092 εἰς
1365 3040 1604 3103 ἁρπαγήν,
1653 3043 1767 3086 unde
1806 3045 1953 3086 natum

180 3101 451 3156 proverbium
474 3099 677 3162 Ἀρπαγὰ
707 3102 760 3147 τὰ
789 3101 1019 3163 Κιννάρου
1050 3105 1212 3147 Zenob.
1243 3102 1276 3143 I.
1306 3101 1380 3144 31.
1423 3102 1549 3154 Quae
1576 3102 1824 3146 Herodotus
1853 3116 1954 3145 nar—-

181 3163 252 3201 rat
275 3157 355 3201 111.
394 3159 465 3204 48.
514 3158 729 3211 ἱστάντες·
749 3160 853 3212 τοὺς
885 3161 1054 3221 χοροὺς
1097 3159 1269 3218 τρωκτὰ
1314 3156 1520 3215 σησάμου
1570 3175 1616 3205 τε
1658 3163 1733 3205 καὶ
1777 3162 1953 3220 μέλιτος

183 3213 449 3271 ἐποιήσαντο
479 3215 623 3278 νόμον
651 3223 891 3279 φέρεσθαι,
921 3224 996 3265 ἵνα
1027 3219 1296 3281 ἁρπάζοντες
1326 3225 1369 3265 οἱ
1397 3220 1557 3269 παῖδες
1586 3221 1734 3278 ἔχοιεν
1762 3216 1951 3280 τροφήν,

186 3275 368 3318 roms-0
394 3276 522 3321 simili
548 3279 733 3335 quodam
762 3280 925 3324 ludicro
962 3282 1182 3331 nituntur,
1218 3278 1451 3334 eademque
1489 3279 1659 3324 Atticas
1700 3274 1954 3336 δειπνοφό-

187 3347 291 3389 (vom,-
319 3333 433 3377 Plut.
462 3333 598 3380 Thes.
629 3336 698 3382 23.
730 3339 773 3380 in
805 3340 1044 3383 memoriam
1077 3339 1198 3381 nobis
1230 3343 1445 3381 revocant.
1575 3336 1582 3343 '
