2184 3840
821 203 1313 248 oarn1cA„
1807 193 1931 254 845

164 339 355 397 thiam
410 335 654 415 judico,
721 335 773 392 si
841 331 1001 411 quid·
1050 333 1168 391 isto
1234 331 1421 391 modo
1487 336 1937 412 pronunciavit,

163 457 286 496 non
329 435 609 495 tenebras
651 431 761 492 sed
805 433 1004 492 lucem
1043 431 1226 491 rebus
1265 431 1480 491 afferre
1515 451 1627 492 nec
1663 441 1788 492 tam
1834 434 1936 493 de-

161 535 371 595 ludere
415 553 550 606 eoS,
595 534 699 612 qui
743 530 1055 604 audirent,
1100 550 1280 611 quam
1318 530 1618 591 delectare
1648 533 1936 592 voluisse.

161 632 284 694 Sed
330 632 406 691 de
450 632 889 692 sententiarum
949 632 1431 694 conformatione
1485 634 1668 704 satiS‚
1728 632 1938 694 videa,-

158 752 300 798 mus
339 732 416 792 de
460 732 684 793 verbis,
1354 810 1356 812 1
1418 770 1421 774 -
1503 784 1506 786 .
1704 781 1732 790 -

325 832 717 904 Plutarchus,
783 843 1186 911 posteaquam
1247 830 1406 890 illud
1476 832 1553 890 ab
1624 831 1937 892 Heraclito

158 931 387 992 dictum
431 932 671 1004 retulit,
727 933 907 1010 plura
949 930 1032 990 ad
1075 929 1555 989 confirmandam
1615 933 1747 1009 eJus
1783 947 1940 991 :sen-

160 1034 412 1092 tentiam
442 1032 616 1091 affert
640 1030 1360 1106 verborumPythiorum
1392 1031 1710 1110 exempla3
1756 1031 1940 1110 Spar-

160 1142 334 1191 tanos
389 1133 455 1189 in
512 1129 779 1209 quodam
827 1127 1074 1188 oraculo
1121 1127 1508 1212 ὅφεοβόρους
1531 1127 1623 1211 [¹¹]
1667 1131 1941 1211 appella-

64 1288 74 1300 ,
157 1241 253 1290 tos
325 1248 486 1303 esse,
552 1229 834 1309 Delphos
901 1226 1241 1310 πυρικάους
1282 1226 1374 1310 [¹]
1441 1229 1941 1290 fluvios->autem

155 1329 536 1414 ὀρεμπότας,
616 1331 786 1390 Viros
840 1326 1154 1410 Δὀρεοίνοις,
1227 1348 1489 1407 quorum
1555 1340 1940 1411 postremum

157 1441 283 1491 tam
338 1431 663 1490 obscurum
719 1437 815 1488 est
870 1433 940 1487 ut
995 1427 1147 1487 deus
1201 1430 1337 1507 ipse
1393 1429 1593 1491 divini
1655 1433 1940 1491 carminis

153 1540 369 1591 auctor
411 1532 679 1609 artisque
723 1529 1144 1606 conjecturalis
1188 1526 1492 1610 princeps,
1542 1532 1596 1589 si
1629 1533 1719 1591 ita
1750 1533 1940 1611 scrip-

159 1643 289 1692 tum
327 1630 681 1703 offenderet,
723 1630 1002 1689 haereret
1045 1629 1307 1688 fortasse
1351 1649 1474 1689 non
1511 1633 1716 1691 minus
1752 1651 1938 1711 quam

277 1799 338 1857 [k]
368 1800 441 1844 Ἐν
468 1803 520 1861 τῇ
551 1798 735 1854 καθόδῳ
765 1800 855 1840 τῶν
881 1796 1194 1854 “Ηρακλειὸ“ὦνῑ
1217 1800 1293 1842 ἐπὶ
1322 1796 1403 1850 τὴν
1431 1798 1764 1859 Λακεδαίμονα
1796 1811 1940 1859 στρα--

157 1856 355 1907 τεύοντες
390 1859 488 1917 μετ’
516 1858 834 1917 Εὐρυσθένους
874 1859 949 1899 καὶ
979 1858 1237 1915 Προκλέους
1273 1858 1322 1902 ἐν
1353 1856 1521 1915 ἀπορίᾳ
1551 1861 1642 1901 τῶν
1673 1857 1934 1916 ἀναγκαίων

159 1914 290 1976 ὅφεις
317 1919 497 1975 ἔφαγον
526 1918 741 1973 Porphyr.
782 1915 905 1957 Abst.
936 1915 971 1956 Ι.
1003 1915 1072 1957 24.
1104 1920 1148 1957 et
1178 1917 1288 1958 hanc
1318 1916 1374 1957 ob
1405 1931 1578 1960 causam
1607 1918 1811 1973 Pythiam
1850 1916 1939 1958 La-

159 1991 286 2019 cones
337 1976 626 2034 ὀφιοδείρους
675 1974 915 2016 nominasse
967 1980 1117 2016 auctor
1168 1980 1236 2017 est
1283 1974 1539 2017 Aristoteles
1595 1976 1755 2018 Mirab.
1808 1977 1937 2017 Ausc.

156 2034 320 2078 xxm.
350 2035 474 2077 Haec
498 2036 588 2090 jam
620 2033 834 2077 Meursius
865 2033 1046 2076 contulit
1078 2033 1205 2076 Misc.
1237 2032 1367 2075 Lace.
1399 2034 1481 2075 ΙΙΙ.
1513 2034 1582 2077 52.
1623 2035 1698 2091 sed
1731 2035 1939 2100 quomodo

158 2093 371 2151 posterior
401 2093 529 2136 lectio
561 2093 616 2135 ad
646 2107 735 2134 rem
767 2091 974 2147 quadret,
1008 2106 1091 2134 non
1123 2093 1283 2135 docuit.
1357 2092 1556 2142 Quadrat
1585 2092 1840 2151 ὀφιοθηρας
1872 2094 1941 2135 vel

158 2151 450 2210 ὀφιοδαίτας,
506 2151 749 2207 duplicata,
802 2150 838 2191 si
879 2150 1065 2191 numeris
1106 2150 1289 2192 heroicis
1329 2150 1538 2193 inclusum
1578 2152 1663 2193 fuit
1705 2152 1938 2203 oraculum,

160 2224 347 2254 consona
385 2206 534 2266 prima.
596 2209 719 2259 Quae
760 2221 828 2249 res
870 2209 1092 2264 praecepti
1132 2208 1349 2263 cujusdam
1393 2223 1418 2250 a
1448 2210 1695 2263 Phrynicho
1725 2210 1936 2266 propositi

158 2268 402 2326 medior-iam
442 2271 699 2318 commovet,
741 2266 815 2322 qui
845 2265 1105 2320 adjectivum
1135 2263 1288 2324 σικχός
1319 2267 1475 2309 Atticis
1506 2267 1758 2322 abjudicans
1787 2282 1936 2311 recon—

160 2327 358 2372 ditiorem
390 2326 600 2381 quandam
632 2325 839 2367 rationem
870 2325 992 2380 sequi
1034 2325 1220 2369 videtur.
1296 2325 1464 2367 Etenim
1496 2327 1632 2368 Attici
1662 2341 1762 2368 raro
1793 2332 1940 2370 tenues

159 2384 404 2442 duplicant,
444 2384 604 2426 medias
634 2397 869 2438 nunquam,
912 2383 1125 2439 aspiratas
1155 2383 1369 2425 rarissime
1399 2390 1699 2439 praeterquam
1729 2385 1774 2427 in
1804 2387 1938 2428 nomi-

159 2444 283 2486 nibus
324 2442 511 2499 propriis
551 2440 761 2498 Σαπφώ,
803 2439 971 2495 Ἀτθίς,
1014 2438 1235 2495 Πιτθεύς,
1278 2440 1472 2499 Βάκχος.
1533 2441 1621 2484 Sed
1653 2458 1706 2485 ex
1737 2444 1940 2500 aspiratis

157 2502 296 2544 nullas
346 2499 431 2541 nisi
479 2499 671 2543 dentales
713 2499 921 2555 geminari
959 2499 1074 2552 scio,
1126 2500 1258 2556 idque
1300 2515 1383 2542 uno
1424 2501 1617 2558 exemplo
1660 2505 1801 2556 τίτθη.
1845 2517 1942 2545 nam

156 2557 332 2614 τυτθός,
364 2558 558 2614 quamvis
588 2557 827 2614 Aeschylus
856 2564 1050 2614 usurpat,
1082 2559 1258 2600 atticum
1290 2573 1372 2602 non
1403 2560 1540 2615 magis
1570 2566 1638 2603 est
1668 2575 1795 2616 quam
1825 2557 1940 2604 κάδ-

158 2618 249 2669 (505-
292 2616 535 2659 Labialium
565 2616 639 2659 vix
670 2617 786 2659 aliud
817 2617 1052 2673 exemplum
1084 2617 1167 2659 erit
1195 2624 1371 2674 praeter
1401 2622 1588 2676 κέπφος,
1622 2619 1735 2675 quod
1765 2620 1809 2661 in
1838 2634 1940 2676 pro—

159 2677 267 2734 priis
296 2674 567 2718 adnumerari
608 2675 736 2727 licet3
778 2689 915 2731 neque
954 2675 1050 2732 plus
1089 2690 1174 2718 uno
1215 2676 1259 2718 in
1289 2676 1567 2732 gutturalium
1598 2677 1734 2719 classe
1764 2690 1938 2735 σακχυ-

159 2732 354 2794 «poium,
387 2747 626 2790 quanquam
657 2734 738 2776 hoc
768 2733 1047 2790 compositum
1077 2740 1144 2776 est
1173 2749 1253 2776 nec
1283 2736 1482 2777 convenit
1513 2737 1646 2779 attico
1677 2732 1827 2786 σάκος.
1870 2736 1938 2779 De

159 2788 474 2852 κροκυφάντης
514 2792 654 2834 adhuc
694 2792 879 2848 ambigo.
959 2792 1142 2835 Praeter
1189 2789 1354 2842 σάκκος
1392 2794 1537 2849 Etym.
1583 2795 1645 2836 M.
1684 2795 1772 2838 tria
1811 2795 1942 2838 offert

157 2867 270 2909 quae
308 2852 454 2908 kappa
494 2851 712 2907 geminent
750 2848 939 2903 λάκκος,
983 2848 1166 2906 κόκκος,
1196 2848 1370 2910 μάκκος
1400 2853 1535 2907 (unde
1562 2857 1772 2911 μακκοᾷν
1802 2860 1848 2896 et
1876 2854 1938 2897 la—

157 2911 292 2954 tinum
330 2910 573 2965 maccus)
618 2909 771 2952 omisso
812 2910 1113 2966 glossematico
1143 2907 1315 2959 λοκκός.
1375 2912 1523 2953 Attica
1553 2926 1636 2954 non
1664 2916 1763 2955 sunt
1792 2910 1938 2970 ῖακχή,

158 2966 345 3026 σὺκχος,
388 2964 636 3026 κάκχασος,
679 2963 834 3025 σικχός
873 2975 919 3011 et
959 2983 1070 3025 quae
1113 2969 1211 3011 hinc
1250 2969 1464 3011 ducuntur
1515 2970 1586 3025 (ut
1626 2976 1942 3028 σικχανθέντες

158 3026 304 3070 schol.
334 3027 472 3070 Rann.
503 3024 602 3069 442.
633 3027 744 3070 male
774 3027 894 3083 vulg.
925 3029 1293 3085 συγχανθέντες).
1336 3028 1519 3071 Veteres
1549 3029 1698 3072 Latini
1729 3030 1937 3081 Graccus,

159 3086 326 3129 Boccns
356 3086 627 3137 scribebant,
657 3085 771 3142 quod
799 3087 1006 3129 remansit
1033 3088 1078 3128 in
1107 3087 1272 3129 nomine
1299 3101 1512 3130 soccus.

228 3169 234 3176 '
277 3170 345 3230 [¹]
376 3172 447 3225 Is,
478 3173 633 3226 credo,
663 3177 761 3215 erat
790 3173 964 3216 divinae
995 3175 1141 3216 curiae
1171 3173 1332 3229 stylus,
1373 3179 1422 3216 ut
1449 3175 1647 3231 singulae
1676 3178 1828 3231 gentes
1861 3189 1937 3216 suo

162 3242 355 3297 quaeque
383 3231 550 3274 nomine
578 3231 970 3288 distinguerentu13
1002 3246 1097 3275 nam
1129 3231 1366 3274 Thessalos
1394 3233 1439 3275 in
1468 3232 1654 3277 oraculis
1682 3233 1937 3278 ποικιλοδί-

162 3300 307 3387 (ἰριρυς
334 3288 419 3388 Ἧι
447 3288 662 3391 ἒὶξὲωέι,
693 3290 885 3334 Arcades
914 3287 1287 3349 βαλανηφάγους,
1320 3290 1570 3335 Corinthios
1591 3294 1938 3352 χοινικομέτρας

251 3359 315 3387 en.
412 3377 421 3387 .
539 3378 551 3389 .
623 3379 632 3389 .
