2150 3814
745 161 1295 253 sAMoTHRAcm.
1740 202 1899 263 1261

136 337 260 397 vel
316 335 474 396 dici
531 335 655 396 vel
708 334 908 412 fingi
952 335 1242 410 sol-eat3
1287 337 1451 416 quod
1497 339 1907 407 Tertullianus

132 436 231 495 De
286 433 422 495 Cor.
479 456 526 494 c.
581 432 714 494 XV.
771 454 832 514 p.
883 434 1019 493 131.
1062 434 1139 494 Α.
1195 438 1501 513 mimum
1546 447 1908 518 martyrii

132 535 336 595 dicere
391 531 670 605 videtur,
724 533 1080 594 Foucherus
1137 546 1343 596 autem
1401 537 1483 597 ad
1522 539 1908 617 probandam

127 636 510 694 initiatorum
565 636 967 693 constantiam
1024 637 1376 696 institutum
1435 645 1644 718 putat,
1689 651 1758 700 ut
1801 660 1909 703 va-

125 734 253 790 riae
294 731 677 806 formidineS‚
721 736 1076 815 speciesque
1118 737 1335 796 mortis
1380 746 1442 796 et
1487 740 1809 810 cruciatus
1828 742 1906 801 iis

122 833 566 892 intentarentur
593 829 686 913 [Ἴ.
798 833 924 893 Sed
975 834 1158 913 hujus
1214 836 1523 896 Mithriaci
1576 841 1752 899 mimi
1806 861 1908 901 ex·
1968 836 1972 837 ⁷

122 951 400 1011 pressam
454 934 782 1010 imaginem
839 935 963 995 viri
1021 934 1185 994 docti
1228 938 1293 995 in
1339 936 1718 998 Thuscorum
1764 943 1899 1001 arti-

122 1033 303 1091 ficum
347 1035 747 1092 monimentis
790 1033 910 1092 sibi
953 1054 1196 1092 cernere
1239 1033 1529 1094 videntur
1554 1027 1650 1116 [Ἴ.
1695 1036 1907 1118 Neque

121 1133 396 1209 ignotum
469 1143 562 1192 est
616 1133 727 1191 has
784 1150 1015 1191 sacras*
1044 1131 1393 1208 tragoedias
1448 1134 1813 1215 plerumque
1869 1158 1908 1198 a

121 1229 253 1302 dei,
326 1232 495 1306 cujus
560 1231 630 1289 id
684 1231 962 1290 solemne
1018 1240 1210 1304 esset,
1267 1250 1411 1291 casu
1468 1233 1677 1314 aliquo
1734 1240 1907 1313 gravi

117 1328 397 1389 fabulose
424 1331 654 1410 repeti.
698 1330 1004 1389 Firmicus
1050 1329 1127 1388 de
1170 1331 1304 1390 Err.
1351 1333 1511 1392 Prof.
1558 1353 1605 1392 c.
1650 1334 1723 1392 II.
1759 1336 1903 1396 406.

118 1429 499 1509 Aegyptii
553 1432 632 1489 in
686 1432 935 1490 sacris
993 1433 1193 1503 suiS‚
1252 1451 1445 1511 quae
1515 1438 1904 1509 mysteria

118 1538 443 1603 vocant,
513 1528 817 1589 addunt
865 1532 1188 1606 tragica
1252 1531 1532 1591 funera
1589 1543 1661 1591 et
1705 1536 1899 1596 cala-

115 1631 425 1690 mitatis
469 1629 936 1690 metuendae
981 1633 1434 1690 certamina.
1504 1633 1809 1693 Minucius
1855 1657 1901 1695 c.

115 1730 281 1791 XXI.
358 1729 497 1790 195.
569 1729 988 1788 considera
1024 1803 1027 1805 ,
1065 1747 1283 1788 sacra
1352 1733 1530 1810 ipsa
1597 1742 1671 1791 et
1742 1755 1903 1812 my-

114 1831 394 1904 steria3
478 1828 873 1889 invenies<
930 1829 1195 1885 exitus
1285 1831 1571 1898 tristes
1597 1875 1614 1903 ‚
1702 1834 1901 1908 fata,

111 1932 388 1990 funera
442 1930 919 1987 miserorum
974 1926 1314 1985 deorum.
1415 1927 1535 1987 His
1592 1932 1778 2008 igitur
1821 1937 1901 1993 si-

110 2032 322 2091 milem
378 2027 587 2089 Cabiri
641 2028 996 2106 passionem
1053 2028 1128 2084 in>
1164 2028 1350 2085 sacris
1398 2026 1899 2102 Thessalonicen-

110 2133 270 2191 sium
316 2139 424 2188 aut
464 2126 671 2189 verbis
718 2125 1148 2184 adumbratam
1193 2135 1301 2184 aut
1345 2128 1587 2186 actione
1631 2131 1897 2207 quadam

112 2232 359 2291 mimica
414 2245 763 2308 expressam
822 2242 955 2284 esse
1011 2242 1136 2282 non
1193 2227 1579 2301 negaverim,
1637 2228 1747 2287 sed
1789 2231 1898 2290 illa

111 2350 270 2409 vaga
324 2327 807 2411 argumentatio,
864 2343 1021 2403 quae
1063 2324 1389 2384 Mithriaca
1434 2323 1679 2399 Tuscis,
1744 2328 1896 2389 Tus-

110 2450 265 2491 cana
291 2430 615 2506 Pelasgicis
659 2426 1036 2503 conglutinat
1078 2426 1398 2496 institutiS‚
1443 2426 1655 2484 firmae
1688 2446 1895 2488 assen-

110 2533 302 2591 sionis
372 2530 573 2589 aliena
641 2537 748 2586 est.
848 2515 1031 2597 Quod
1086 2525 1388 2604 reliquum
1448 2533 1570 2597 est,
1636 2528 1895 2605 perinde

109 2630 410 2690 lubricum
446 2627 660 2707 judico
703 2628 857 2685 ritus
899 2627 1141 2702 ignotos
1194 2642 1279 2682 ex
1324 2624 1581 2683 historia
1618 2625 1893 2701 deorum,

109 2730 332 2811 quibus
376 2730 643 2788 instituti
684 2734 846 2798 sunt,
893 2725 1255 2802 conjectare,
1301 2733 1362 2781 et
1383 2722 1563 2806 *quid*
1598 2723 1749 2785 deus
1785 2727 1895 2786 ali-

113 2831 246 2908 quis
287 2829 500 2889 fecerit
542 2828 663 2907 vel,
687 2844 909 2907 passus
952 2827 1062 2897 sit,
1110 2843 1185 2882 ex
1229 2824 1579 2890 cerimoniis
1621 2826 1755 2883 sine
1797 2827 1890 2885 in-

111 2931 547 3008 terpretatione
603 2926 846 2987 traditis
902 2924 1250 3003 conjectura
1294 2921 1588 2999 effingere.
1677 2923 1892 2983 Solent

114 3030 300 3088 etiam
367 3025 696 3088 Christiani
776 3030 1102 3107 scriptores
1173 3022 1479 3102 baptisma
1549 3020 1890 3083 dominicae

234 3194 300 3251 [ἰ]
347 3194 414 3238 De
444 3196 566 3254 relig.
594 3198 714 3241 Pers.
743 3197 788 3239 in
820 3195 950 3239 Mem.
983 3194 1117 3237 Acad.
1147 3191 1284 3233 Paria.
1329 3191 1386 3234 T.
1419 3189 1582 3251 XXIX.
1613 3205 1654 3247 p.
1688 3190 1785 3235 132.

116 3339 176 3382 Et
233 3279 312 3381 [Tk']
336 3283 615 3384 nwsggaffei
664 3286 904 3334 Ossan-az„
936 3282 1071 3325 Liter.
1113 3279 1206 3321 Vol.
1252 3278 1328 3320 IV.
1368 3276 1437 3320 63.
1495 3276 1725 3333 Inghiram.
1771 3276 1884 3320 Mon.

178 3353 214 3382 r.
293 3370 303 3381 .
382 3371 392 3382 .
510 3371 522 3385 .

187 3413 247 3462 ll.
1470 3405 1545 3465 31
