2150 3814
233 216 397 277 1164
807 232 1045 276 12113ER
1103 232 1469 277 TERTHJS.

225 361 584 423 nunciandis
639 364 875 424 instans
906 366 1259 444 'periculum
1303 367 1507 426 averti
1548 383 1733 445 posse
1775 385 2006 430 memo-

222 471 348 524 rat:
419 466 477 526 οἱ
544 463 1041 544 ἐκμεμαθηκότες
1105 466 1186 527 τὰ
1239 474 1370 531 τῶν
1429 465 1672 530 Ἰδαίων
1725 465 2006 549 ὀνόματα

221 561 558 627 Δακτύλων
608 570 888 646 χρῶνται
942 565 1096 648 πρὸς
1149 566 1295 638 τοὺς
1353 565 1596 650 φόβους
1651 567 1864 637 αὐτοῖς
1894 567 2006 637 »ὥς

225 660 597 733 ἀλεξικάκοις
641 664 880 745 ἀτρέμα
922 665 1362 751 καταλέγοντες
1403 670 1664 732 ἕκαστον
1674 714 1696 741 ,
1749 666 1854 728 vel
1896 684 2009 747 po-

220 764 342 822 tius
385 761 540 822 hanc
580 763 1010 844 imperitorum
1055 765 1413 845 opinionem
1447 785 1600 840 esse,
1643 785 2006 845 magnorum

218 871 436 922 autem⁴
481 864 759 925 virorum
812 865 1068 925 nomina
1111 875 1173 925 et
1215 865 1500 945 exempla
1542 885 1682 927 eam
1724 868 1865 929 vim
1899 867 2007 926 ha-

219 961 365 1022 bere
408 973 495 1042 ut,
537 965 594 1023 si
635 966 702 1024 in
746 974 1026 1046 tempore
1070 968 1289 1026 animo¹
1308 975 1653 1040 recursem,
1697 968 2010 1026 temerita-

219 1074 346 1124 tem
401 1083 441 1123 a
493 1064 675 1144 lapsu
731 1066 1114 1147 contineant3
1174 1085 1359 1146 quam
1417 1068 1722 1145 egregiam
1765 1075 2010 1125 senten-

217 1167 373 1226 tiam
458 1163 796 1225 admodum
875 1175 1274 1246 praepostere
1357 1169 1594 1247 accepit
1660 1166 2011 1227 Antoninus

220 1263 459 1326 Comm.
515 1264 624 1324 XI.
681 1265 783 1325 26.
849 1269 918 1329 ἐν
972 1272 1101 1336 τοῖς
1154 1274 1285 1331 τῶν
1332 1267 1630 1350 Ἐφεσίων
1682 1266 2012 1354 γράμμασι

217 1363 628 1450 παράγγελμα
664 1367 874 1427 ἔκειτο
933 1374 1207 1445 συνεχῶς
1249 1366 1837 1449 ὖπομιμνήσκεσθαι
1881 1375 2011 1431 τῶν

216 1469 502 1530 παλαιῶν
544 1489 713 1534 τινος
754 1472 886 1528 τῶν
930 1467 1117 1548 ἀρετῇ
1145 1467 1562 1548 χρησαμένων
1579 1462 1672 1546 [¹¹].
1719 1465 1845 1525 Sed
1871 1487 2012 1547 per-

216 1585 430 1647 gamus
491 1564 572 1626 ad
626 1565 882 1644 reliqua.
967 1564 1286 1625 Diodorus
1332 1564 1410 1625 de
1457 1562 1845 1626 Cretensium
1891 1567 2011 1626 ori-

216 1668 460 1747 ginibus
513 1667 667 1726 haec
725 1664 916 1725 tradit
973 1665 1340 1738 ἀκολούθως
1396 1673 1526 1737 τοῖς
1585 1664 2010 1738 ἐνδοξοτάτοις

215 1777 346 1832 τῶν
403 1767 516 1838 τὰς
570 1766 879 1848 Κρητικὰς
934 1765 1182 1851 πράξεις
1243 1768 1730 1850 συνταξαμένων
1789 1766 1860 1826 V.
1905 1766 2006 1828 64.

216 1869 452 1948 primos
518 1865 666 1926 Idae
724 1866 962 1926 accolas
1017 1867 1209 1927 fuisse
1263 1865 1483 1927 Idaeos
1539 1867 1841 1944 Dactylos
1897 1885 2009 1927 nu-

214 1986 389 2045 mero*
432 1977 708 2039 centum,
769 1966 902 2039 vel,
958 1974 1030 2026 ut
1073 1967 1210 2027 aliis
1255 1968 1492 2039 visum,
1547 1949 1750 2047 pares·
1777 1966 2007 2045 digitis,

215 2067 615 2151 ὑπάρξαντας
660 2104 745 2110 ——
787 2064 901 2145 τήν
956 2093 1022 2129 τε
1072 2075 1187 2129 τοῦ
1240 2066 1437 2150 πυρὸς
1472 2074 1701 2148 χρῆσιν
1743 2067 1850 2130 καὶ
1889 2069 2006 2148 τὴν

214 2176 328 2232 τοῦ
376 2175 615 2249 χαλκοῦ
672 2166 779 2229 καὶ
823 2164 1081 2250 σιδήρου
1127 2164 1323 2249 φύσιν
1368 2170 1655 2249 ἐξευρεῖν,
1699 2167 2006 2239 δόξαντας

216 2269 287 2333 δὲ
339 2267 629 2355 μεγάλων
686 2269 959 2352 ἀγαθῶν
1003 2267 1311 2353 ἀρχηγοὺς
1355 2270 1732 2354 γεγενῆσθαι
1773 2276 1864 2351 τῷ
1904 2269 2008 2353 γέ-

214 2396 310 2434 νει
350 2377 480 2432 τῶν
527 2366 894 2450 ἀνθρώπων
935 2376 1141 2449 τιμῶν
1182 2375 1392 2448 τυχεῖν
1437 2365 1806 2432 ἀθανάτων.
1879 2366 2006 2428 Sed

215 2470 311 2529 his
354 2469 762 2550 Dactqurum
804 2470 1074 2528 inventis
1119 2468 1439 2547 praevalet
1480 2467 1700 2526 Matris
1748 2486 2006 2545 magnae

214 2569 588 2642 assectatio,-
658 2567 824 2647 quod
906 2586 1229 2628 commune
1299 2568 1575 2627 omnium
1641 2566 2003 2627 fundamen-

216 2679 358 2730 tum'
393 2679 503 2728 est.

1011 2889 1065 2970 ξ.
1153 2890 1209 2950 3.

382 3059 497 3122 Per
539 3072 735 3124 totam
777 3062 906 3122 fere
947 3060 1137 3121 Asiae
1182 3078 1386 3133 oram',
1447 3076 1802 3138 quacunque
1845 3043 2000 3119 deae

216 3179 475 3240 magnae
531 3182 703 3224 sacra
744 3164 1086 3245 pertinent,
1147 3159 1552 3238 Dactylorum
1608 3161 1861 3225 nomina
1904 3158 1998 3219 di-

338 3327 410 3388 [h]
473 3333 748 3386 GatakeruS‚
804 3334 915 3377 unde
956 3333 1063 3376 haec
1105 3337 1243 3376 sumta
1284 3331 1392 3383 sint,
1446 3330 1638 3385 nescius,
1681 3329 1732 3373 ἓν
1772 3334 1866 3379 τοῖς
1903 3329 1992 3371 τῶν

212 3388 529 3450 Ἐπικουρείων
557 3393 767 3437 emendat.
