2150 3814
241 215 367 274 988
772 223 1007 267 mama
1051 224 1477 269 SECUNDUS.

238 359 427 416 fuisse
470 356 896 436 pronuntiavit
935 355 1136 415 Schol.
1181 356 1281 415 IV.
1332 357 1614 435 1396.[“]ι
1691 351 2013 414 Consimili

238 459 478 516 ratione
539 453 895 513 Herodotus
951 454 1053 514 Ius
1113 473 1288 515 casus
1348 477 1386 516 a
1428 456 1655 516 fabulis
1699 454 2014 531 sejungere

239 566 492 616 conatus
539 564 649 626 est,
694 551 1076 632 approbante
1119 555 1247 612 fere
1290 555 1540 635 Ephoro
1582 554 1780 615 Schol.
1811 553 2015 634 Apoll.
2073 543 2079 551 ’

236 657 308 714 Π.
360 655 496 712 168.
557 654 660 731 qui
718 653 934 725 etiam,
990 662 1059 711 ut
1102 653 1352 730 Tityum
1412 666 1473 714 et
1514 655 1858 732 Pythonem
1902 655 2015 713 mi-

234 754 489 814 raculis·
526 753 849 823 eximeret,
933 753 1344 829 conjecturam
1417 755 1593 827 fecit,
1671 753 2014 834 praedones

231 856 425 914 fuisse
469 851 544 910 ab
590 850 880 930 Apolline
926 854 1219 936 coercitos
1265 853 1463 913 Strab.
1509 853 1616 912 IX.
1659 853 1804 913 422.
1861 855 2014 912 alias

232 954 503 1027 fabulaS‚
585 950 842 1032 perinde
909 951 1296 1012 incredibiles
1367 953 1770 1033 inexplicatas
1833 953 2015 1011 relin-

234 1072 443 1134 quem,
487 1054 553 1110 in
597 1071 718 1131 quo
764 1053 894 1129 ejus
939 1054 1349 1113 inconstantia
1392 1073 1430 1113 a
1475 1052 1776 1113 Strabone
1809 1072 2015 1132 repre-

230 1155 422 1214 hensa
475 1161 582 1211 est.
684 1150 807 1210 Sed
866 1152 1081 1211 eadem
1136 1154 1315 1232 culpa
1374 1172 1586 1213 omnes
1642 1153 2015 1233 antiquiores

230 1261 544 1324 tenentur,
603 1260 814 1331 neque
843 1240 1069 1329 injuria
1111 1253 1286 1313 Plato
1330 1255 1397 1312 in
1441 1252 1719 1312 Phaedro
1763 1253 1881 1312 hoc
1923 1261 2015 1311 toa

229 1363 362 1412 tum
417 1353 730 1428 negotium
785 1351 1127 1430 improbat,
1185 1354 1362 1432 quia,
1417 1355 1472 1412 si
1526 1363 1649 1413 tres
1707 1363 1815 1413 aut
1868 1371 2013 1432 qua-

228 1464 374 1512 tuor
427 1450 673 1510 fabulae
727 1451 843 1510 hoc
899 1450 1086 1510 modo
1145 1442 1482 1537 explicatae
1524 1454 1780 1526 fuerint,
1835 1443 2014 1513 innu—

227 1544 552 1612 merabiles
597 1550 754 1609 aliae
795 1559 1025 1610 restent
1065 1539 1473 1631 interpretum
1517 1573 1773 1613 acumen
1816 1553 2014 1613 elusu-

227 1673 350 1713 rae.
450 1653 599 1711 Post
682 1651 999 1731 Ephorum
1081 1651 1478 1712 Philochorus
1550 1651 1920 1729 Orithyiam'
1974 1672 2016 1712 ·a

227 1764 415 1815 vento
474 1752 773 1830 dejectam
827 1751 929 1810 Fr.
974 1771 1036 1829 p.
1082 1751 1182 1810 26.
1208 1752 1679 1832 Triptolemum
1722 1772 1847 1814 non
1890 1771 2014 1813 ser—

225 1853 515 1935 pentibus
560 1852 669 1911 sed
713 1840 860 1914 navi
902 1843 1148 1912 vectum
1193 1856 1492 1933 serpentis
1519 1855 1708 1914 simili
1734 1874 1794 1935 p.
1818 1850 2012 1936 25.[‘¹]

227 1955 659 2040 Proserpinam
706 1953 782 2012 ab
816 1951 1100 2013 Aidoneo
1144 1952 1562 2014 Molossorum
1615 1955 1828 2031 regulo
1872 1973 2012 2034 rap-

227 2065 360 2114 tam
417 2073 581 2128 esse,
639 2053 900 2132 denique
942 2054 1358 2116 Minotaurum
1404 2055 1621 2114 ducem
1665 2053 1856 2113 fuisse
1898 2055 2012 2112 mi-

227 2157 500 2228 litarem,
571 2155 823 2212 nomine
892 2154 1195 2228 Taurum,
1259 2175 1437 2235 quem
1497 2155 1704 2213 Minos
1761 2154 2010 2212 castello

225 2256 591 2333 Labyrinthi
636 2255 1029 2334 praefecisset
1072 2278 1132 2336 p.
1171 2257 1270 2315 30.
1371 2256 1529 2314 Τ11111
1574 2254 1859 2314 Mnaseas
1895 2254 2008 2313 Pa-

228 2357 447 2415 trensis
518 2355 979 2434 Stymphalides
1049 2357 1333 2416 mulieres
1401 2356 1592 2414 fuisse
1660 2353 2010 2426 affirmavit,

224 2477 350 2517 11011
381 2475 553 2517 aves
614 2454 1075 2535 Schol.,Apoll.
1131 2457 1203 2514 II.
1262 2455 1440 2515 1054.
1485 2454 1717 2514 Eudoc.
1761 2454 2008 2535 p;.2l4.

227 2554 633 2633 Ganymeden
686 2573 812 2612 11011
880 2574 916 2612 a
971 2554 1128 2615 Jove
1184 2564 1428 2634 raptum
1486 2554 1598 2613 sed
1653 2574 1713 2617 a.
1747 2554 2007 2613 Tantalo

227 2657 427 2717 Schol.
471 2653 662 2731 Leyd.
707 2653 917 2712 Valck.
961 2674 1021 2733 p.
1072 2655 1209 2714 136.
1252 2656 1531 2714 Eustath.
1577 2675 1636 2734 p.
1676 2642 1858 2714 1289.
1905 2673 2005 2715 cu·
2110 2663 2119 2671 ²

217 2761 322 2836 jus
367 2756 706 2816 sententiae
749 2754 867 2812 fuit
910 2754 1241 2813 Phanocles
1284 2764 1472 2834 poeta
1515 2754 1738 2815 Euseb.
1785 2753 2006 2813 Chron.

224 2859 270 2917 Ι.
319 2858 415 2916 17.
485 2854 943 2931 Endymionem
985 2866 1241 2935 propter
1283 2856 1466 2915 lunae
1511 2856 2007 2943 observationem

226 2977 264 3017 a
321 2956 438 3016 dea
470 2955 648 3015 Luna
703 2965 979 3015 amatum
1020 2954 1181 3015 tradi
1224 2956 1502 3033 Fulgent.
1545 2953 1740 3032 Myth.
1784 2954 1855 3014 Π.-
1909 2955 2004 3015 19.

344 3127 414 3184 [⁰]
457 3128 625 3171 Nomen
662 3128 742 3170 1100
786 3125 1093 3170 restituendum
1132 3126 1383 3170 Herodiano
1423 3125 1530 3184 περὶ
1567 3139 1674 3181 μον.
1715 3126 1805 3173 λεξ.
1847 3139 1887 3180 p.
1934 3125 2000 3167 11.

222 3185 490 3245 Ἀγροιώτας
519 3184 608 3230 ἀπὸ
640 3185 717 3242 (ά)
747 3188 978 3241 Λιβυκῶν,
1010 3184 1084 3228 ubi
1114 3185 1282 3227 nomina
1311 3184 1528 3240 gentilitia
1558 3183 1782 3226 Macarum
1813 3183 2000 3239 (Herod.

225 3245 302 3288 IV.
345 3244 468 3300 175.)
503 3246 768 3301 Byzantum,
811 3245 1169 3290 Marmaridarum
1211 3245 1475 3299 aliorumque
1516 3241 1776 3298 Libycorum
1820 3242 2001 3300 populo-

227 3316 317 3347 rum
348 3303 529 3347 indicari
559 3303 772 3346 videntur.

345 3376 418 3432 [d]
462 3375 680 3420 Ammiano
712 3376 965 3419 Marcellino
997 3374 1136 3418 XXII.
1168 3375 1207 3418 2.
1242 3389 1389 3419 currus
1419 3374 1551 3417 fuisse
1581 3373 1761 3416 videtur.
