2184 3840
314 237 440 298 860
865 249 1087 292 LIBER
1127 247 1528 294 SECUNDUS,

313 379 390 442 ad
441 378 955 458 Pythagoreorum
1011 387 1354 439 commenta
1405 380 1727 458 inclinant,
1783 379 2070 460 illamque

313 480 802 540 nomenclaturae
856 477 1163 551 coelestiS,
1222 481 1520 539 terrestris
1566 489 1626 539 et
1666 478 1937 538 infernae
1963 479 2071 538 -di-

310 582 694 640 stinctionem
737 578 1060 653 mysticam
1078 574 1195 656 [RRJ.
1241 576 1364 635 Sed
1407 577 1552 657 quid
1595 596 1899 638 cessamus
1928 578 2070 637 illos

310 683 478 759 ipsos
534 680 600 736 in
654 675 926 735 medium
971 675 1303 748 advocare,
1358 678 1462 755 qui
1519 696 1629 756 per
1684 677 1894 736 crebra
1935 696 2072 738 oum

309 779 500 838 Musis
565 775 924 834 commercia
992 775 1172 851 hujus
1244 772 1440 835 divini
1498 779 1797 836 sermonis
1852 777 2074 835 notitia

308 877 530 936 imbuti
571 873 750 933 sunt&
810 873 1056 932 Etenim
1102 871 1398 932 Pindarus
1441 875 1810 953 prosodium-
1841 877 1906 934 in
1948 874 2074 934 De-

308 977 435 1036 lum
478 976 566 1036 sic
608 991 858 1034 exorsus
903 993 961 1053 p.
1007 971 1147 1034 587.
1190 972 1451 1032 Boeckh.

1227 1083 1341 1138 ἅντε
1374 1087 1552 1156 βροτοὶ

446 1175 623 1228 Δᾶλον
656 1168 1033 1241 κικλήσκουσιν,
1069 1167 1294 1240 μάκαρες
1329 1170 1381 1222 δ’
1421 1171 1474 1222 ἐν
1502 1166 1741 1242 Ὀλύμπῳ

446 1255 733 1329 τηλεφάτου
768 1256 983 1318 κυανέας
1011 1255 1210 1323 χθονὸς
1244 1253 1449 1325 ἄστρον.

306 1373 601 1450 significat
665 1369 812 1430 deos
866 1371 1138 1447 reginam
1199 1366 1534 1446 Cycladum
1592 1386 1715 1427 non
1770 1366 2075 1430 Asteriam

304 1490 557 1545 vocare,
609 1469 676 1529 id
732 1471 892 1528 enim
950 1471 1150 1528 tritius
1196 1478 1326 1528 erat
1367 1487 1554 1548 quam
1598 1476 1667 1527 ut
1708 1469 1836 1529 vim
1879 1469 2077 1527 notio-

304 1573 399 1630 nis
472 1588 618 1630 suae
675 1568 1063 1628 audientibus
1130 1571 1339 1628 statim
1394 1568 1748 1645 subjiceret,
1804 1567 1917 1627 sed
1957 1567 2078 1627 ele-

305 1674 472 1749 ganti
528 1667 1059 1729 circumlocutione
1126 1665 1470 1751 τηλεφάτου
1518 1668 1757 1746 χθονὸς
1823 1669 2076 1750 ἄστρον,

305 1788 424 1849 quo
470 1787 686 1847 genere
730 1769 1101 1826 circuitionis
1146 1766 1294 1826 deos
1337 1770 1403 1827 in
1447 1767 1710 1826 oraculis
1754 1785 1897 1826 usos
1944 1784 2077 1825 esse

306 1887 494 1950 supra
564 1867 1139 1928 demonstravimus,
1247 1866 1542 1945 Idemque
1606 1867 1672 1924 in
1730 1866 1831 1925 Fr.
1874 1865 2078 1934 Parth,

304 1968 408 2028 lv.
455 1966 595 2028 594.
640 1967 866 2027 Panem
923 1966 1090 2048 apud
1137 1965 1460 2045 Olympios
1502 1966 1767 2049 Ματρὸς
1807 1963 2079 2050 μεγάλας

305 2066 466 2132 κύνα
520 2064 923 2131 παντοδαπόν
936 2062 1010 2147 [¹]
1068 2066 1278 2128 vocari
1333 2063 1608 2124 affirmat.
1718 2063 1929 2144 Neque
1983 2064 2078 2125 fas

307 2166 589 2226 ducerem
658 2166 841 2226 fidem
910 2165 1203 2243 derogare
1274 2163 1570 2225 divinitus
1638 2164 1885 2237 edocto,
1935 2164 2079 2225 ,nisi

306 2266 474 2348 apud
539 2267 818 2325 homines
884 2265 1224 2325 multiscios
1291 2265 1583 2344 scriptum
1639 2265 1954 2342 legissem,
2012 2264 2078 2323 in

307 2368 741 2446 antiquissimis
785 2366 1174 2444 Pelasgorum
1217 2366 1527 2442 mysteriis
1569 2365 1797 2425 Panem
1849 2363 2078 2424 dictum

307 2485 440 2526 esse
481 2465 735 2548 κόσμοιο
777 2466 849 2527 τὸ
896 2464 1169 2546 σύμπαν,
1216 2464 1378 2543 quod
1422 2466 1476 2523 si
1515 2472 1627 2537 est,
1670 2463 2077 2523 admiratione

307 2566 555 2644 dignum
620 2563 867 2626 videtur
935 2583 1039 2623 cur
1104 2563 1192 2622 dii
1259 2563 1521 2641 collegae
1584 2582 1698 2623 suo
1764 2582 1914 2643 prae
1965 2564 2076 2623 illo

306 2665 801 2747 splendidissimo
866 2663 1048 2723 Panis
1117 2682 1223 2722 seu
1278 2663 1486 2723 Pantis
1540 2665 1788 2723 nomine
1841 2665 2078 2741 vertagi

308 2767 573 2844 elogium
629 2765 1010 2825 asseruerint.
1110 2760 1327 2823 Cetera
1369 2773 1574 2824 autem
1617 2773 1944 2845 poetarum·
1982 2773 2074 2823 te—

427 2920 525 2977 [kk]
569 2936 610 2963 v.
639 2921 847 2979 Epimetr.
875 2919 995 2963 XIX.

428 2977 500 3035 [l]
543 2979 717 3022 Vossius
752 2979 798 3021 in
825 2978 966 3035 Epist.
1006 2976 1145 3032 Myth.
1175 2976 1298 3019 XIII.
1338 2991 1381 3034 p.
1419 2977 1490 3020 79.
1549 2976 1740 3037 Ματρὸς
1776 2974 2074 3020 παντοδαπὸν

312 3034 424 3081 κύνα
466 3037 772 3094 interpretatur
813 3037 979 3079 ihren
1018 3035 1434 3078 allweilenden
1470 3035 1660 3087 Hund;
1704 3034 1948 3078 Boeckhius
1988 3035 2073 3077 Pa—

312 3109 403 3137 nem
434 3095 495 3138 sic
526 3095 610 3138 dici
639 3101 789 3153 putat,
830 3095 943 3152 quod
970 3094 1015 3136 in
1044 3108 1186 3137 omnes
1215 3107 1262 3135 se
1291 3099 1436 3136 vertat
1463 3094 1640 3148 figuras.
1700 3093 1787 3136 Sed
1824 3108 1903 3135 nec
1946 3093 2072 3148 hujus

312 3154 611 3196 mutabilitatis
641 3159 791 3198 auctor
830 3158 952 3197 extat
989 3152 1190 3204 idoneus,
1232 3166 1371 3208 neque
1413 3151 1527 3193 illius
1568 3151 1895 3207 significationis
1930 3166 2072 3193 exem-

311 3212 424 3269 plum
452 3212 496 3253 in
525 3218 704 3268 promtu.
763 3211 987 3255 Sententia
1014 3211 1197 3267 requirit
1234 3207 1529 3267 παντόδαμον
1571 3211 1644 3265 (ut
1678 3206 1961 3267 ἱππόδαμος)
2001 3209 2071 3252 vel

312 3270 449 3313 simile
491 3271 700 3326 quoddam
743 3271 859 3314 canis
902 3269 1087 3313 venatici
1126 3269 1358 3326 epitheton.
1402 3268 1665 3310 Femininum
1707 3266 1734 3318 ἡ
1765 3265 2069 3327 ἀνδροδάμας,

313 3328 426 3384 quod
455 3328 740 3397 Sphneiderus
768 3344 822 3372 ex
852 3327 1028 3372 Pindari
1057 3327 1162 3370 locis
1193 3326 1332 3370 dubiis
1363 3326 1548 3383 recepit,
1588 3340 1740 3370 vereor
1769 3331 1815 3370 ut
1844 3326 2069 3382 analogiae

313 3393 550 3430 convemat.
