<?xml version="1.0" encoding="UTF-8"?>
<!DOCTYPE html PUBLIC "-//W3C//DTD XHTML 1.0 Transitional//EN"
    "http://www.w3.org/TR/xhtml1/DTD/xhtml1-transitional.dtd">
<html xmlns="http://www.w3.org/1999/xhtml" xml:lang="en" lang="en">
 <head>
  <title>
</title>
<meta http-equiv="Content-Type" content="text/html;charset=utf-8" />
  <meta name='ocr-system' content='tesseract 3.04.00' />
  <meta name='ocr-capabilities' content='ocr_page ocr_carea ocr_par ocr_line ocrx_word'/>
</head>
<body>
  <div class='ocr_page' id='page_1' title='image "./aglaophamussived02lobeuoft_0254.png"; bbox 0 0 2150 3814; ppageno 0'>
   <div class='ocr_carea' id='block_1_1' title="bbox 202 214 1445 275">
    <p class='ocr_par' dir='ltr' id='par_1_1' title="bbox 202 214 1445 275">
     <span class='ocr_line' id='line_1_1' title="bbox 202 214 1445 275; baseline -0.006 0"><span class='ocrx_word' id='word_1_1' title='bbox 202 214 366 275; x_wconf 85' lang='lat'>1030</span> <span class='ocrx_word' id='word_1_2' title='bbox 734 224 973 270; x_wconf 69' lang='grc' dir='ltr'><strong>ιιΒΕιι</strong></span> <span class='ocrx_word' id='word_1_3' title='bbox 1016 223 1445 269; x_wconf 74' lang='lat' dir='ltr'>SECUNDUS,</span> 
     </span>
    </p>
   </div>
   <div class='ocr_carea' id='block_1_2' title="bbox 189 351 2036 2436">
    <p class='ocr_par' dir='ltr' id='par_1_2' title="bbox 189 351 2036 2436">
     <span class='ocr_line' id='line_1_2' title="bbox 189 351 1978 436; baseline -0.001 -17"><span class='ocrx_word' id='word_1_4' title='bbox 189 357 371 420; x_wconf 88' lang='lat' dir='ltr'>facile</span> <span class='ocrx_word' id='word_1_5' title='bbox 413 365 734 418; x_wconf 84' lang='lat' dir='ltr'><strong>succurret.</strong></span> <span class='ocrx_word' id='word_1_6' title='bbox 822 354 948 415; x_wconf 86' lang='lat' dir='ltr'>Sed</span> <span class='ocrx_word' id='word_1_7' title='bbox 991 364 1061 415; x_wconf 91' lang='lat' dir='ltr'>ut</span> <span class='ocrx_word' id='word_1_8' title='bbox 1103 354 1221 414; x_wconf 92' lang='lat' dir='ltr'>hoc</span> <span class='ocrx_word' id='word_1_9' title='bbox 1251 351 1636 428; x_wconf 83' lang='lat' dir='ltr'><strong>concedatur,</strong></span> <span class='ocrx_word' id='word_1_10' title='bbox 1680 353 1837 414; x_wconf 93' lang='lat' dir='ltr'>illud</span> <span class='ocrx_word' id='word_1_11' title='bbox 1871 359 1978 436; x_wconf 91' lang='lat' dir='ltr'>qui</span> 
     </span>
     <span class='ocr_line' id='line_1_3' title="bbox 191 452 1981 533; baseline -0.004 -12"><span class='ocrx_word' id='word_1_12' title='bbox 191 457 440 521; x_wconf 88' lang='lat' dir='ltr'>tandem</span> <span class='ocrx_word' id='word_1_13' title='bbox 508 475 635 516; x_wconf 91' lang='lat' dir='ltr'>non</span> <span class='ocrx_word' id='word_1_14' title='bbox 689 452 878 515; x_wconf 91' lang='lat' dir='ltr'>modo</span> <span class='ocrx_word' id='word_1_15' title='bbox 937 453 1189 514; x_wconf 93' lang='lat' dir='ltr'>concedi</span> <span class='ocrx_word' id='word_1_16' title='bbox 1247 454 1357 514; x_wconf 90' lang='lat' dir='ltr'>sed</span> <span class='ocrx_word' id='word_1_17' title='bbox 1415 455 1665 515; x_wconf 91' lang='lat' dir='ltr'>omnino</span> <span class='ocrx_word' id='word_1_18' title='bbox 1721 454 1981 533; x_wconf 73' lang='lat' dir='ltr'><strong>intelligi</strong></span> 
     </span>
     <span class='ocr_line' id='line_1_4' title="bbox 191 545 2036 642; baseline -0.002 -23"><span class='ocrx_word' id='word_1_19' title='bbox 191 569 433 642; x_wconf 81' lang='lat' dir='ltr'>potest,</span> <span class='ocrx_word' id='word_1_20' title='bbox 489 556 763 635; x_wconf 91' lang='lat' dir='ltr'>Eupolin</span> <span class='ocrx_word' id='word_1_21' title='bbox 808 573 1028 615; x_wconf 86' lang='lat' dir='ltr'>ausum</span> <span class='ocrx_word' id='word_1_22' title='bbox 1074 572 1206 613; x_wconf 89' lang='lat' dir='ltr'>esse</span> <span class='ocrx_word' id='word_1_23' title='bbox 1263 553 1794 636; x_wconf 89' lang='lat' dir='ltr'>Hierophantam,</span> <span class='ocrx_word' id='word_1_24' title='bbox 1850 555 1982 615; x_wconf 86' lang='lat' dir='ltr'>Da-</span> <span class='ocrx_word' id='word_1_25' title='bbox 2023 545 2036 630; x_wconf 58' lang='lat' dir='ltr'><em>f</em></span> 
     </span>
     <span class='ocr_line' id='line_1_5' title="bbox 194 653 1982 735; baseline -0.003 -16"><span class='ocrx_word' id='word_1_26' title='bbox 194 659 494 728; x_wconf 90' lang='lat' dir='ltr'>duchum‚</span> <span class='ocrx_word' id='word_1_27' title='bbox 565 653 857 731; x_wconf 82' lang='lat' dir='ltr'>CeryceS‚</span> <span class='ocrx_word' id='word_1_28' title='bbox 918 654 1160 730; x_wconf 89' lang='lat' dir='ltr'>Mystas</span> <span class='ocrx_word' id='word_1_29' title='bbox 1212 655 1276 713; x_wconf 91' lang='lat' dir='ltr'>in</span> <span class='ocrx_word' id='word_1_30' title='bbox 1330 653 1594 735; x_wconf 84' lang='lat' dir='ltr'>Baptas,</span> <span class='ocrx_word' id='word_1_31' title='bbox 1659 656 1777 716; x_wconf 92' lang='lat' dir='ltr'>hoc</span> <span class='ocrx_word' id='word_1_32' title='bbox 1829 673 1982 718; x_wconf 88' lang='lat' dir='ltr'>vero</span> 
     </span>
     <span class='ocr_line' id='line_1_6' title="bbox 197 754 1985 835; baseline -0.002 -17"><span class='ocrx_word' id='word_1_33' title='bbox 197 768 290 818; x_wconf 87' lang='lat' dir='ltr'>est</span> <span class='ocrx_word' id='word_1_34' title='bbox 342 759 407 815; x_wconf 93' lang='lat' dir='ltr'>in</span> <span class='ocrx_word' id='word_1_35' title='bbox 464 754 753 815; x_wconf 82' lang='lat' dir='ltr'>cinaedos</span> <span class='ocrx_word' id='word_1_36' title='bbox 811 756 1241 832; x_wconf 87' lang='lat' dir='ltr'>transfigurare</span> <span class='ocrx_word' id='word_1_37' title='bbox 1296 756 1653 835; x_wconf 84' lang='lat' dir='ltr'>populoque</span> <span class='ocrx_word' id='word_1_38' title='bbox 1697 755 1985 816; x_wconf 86' lang='lat' dir='ltr'>exhibere</span> 
     </span>
     <span class='ocr_line' id='line_1_7' title="bbox 194 856 1987 937; baseline -0.002 -20"><span class='ocrx_word' id='word_1_39' title='bbox 194 856 612 937; x_wconf 89' lang='lat' dir='ltr'>spectaculum</span> <span class='ocrx_word' id='word_1_40' title='bbox 655 858 1077 919; x_wconf 86' lang='lat' dir='ltr'>taeterrimum</span> <span class='ocrx_word' id='word_1_41' title='bbox 1125 864 1188 914; x_wconf 91' lang='lat' dir='ltr'>et</span> <span class='ocrx_word' id='word_1_42' title='bbox 1222 856 1332 918; x_wconf 82' lang='lat' dir='ltr'>vix</span> <span class='ocrx_word' id='word_1_43' title='bbox 1373 857 1661 914; x_wconf 88' lang='lat' dir='ltr'>mimicae</span> <span class='ocrx_word' id='word_1_44' title='bbox 1702 857 1987 916; x_wconf 83' lang='lat' dir='ltr'>licentiae</span> 
     </span>
     <span class='ocr_line' id='line_1_8' title="bbox 191 954 1988 1038; baseline -0.001 -22"><span class='ocrx_word' id='word_1_45' title='bbox 191 956 606 1038; x_wconf 75' lang='lat' dir='ltr'>permissuan</span> <span class='ocrx_word' id='word_1_46' title='bbox 673 957 756 1017; x_wconf 91' lang='lat' dir='ltr'>Et</span> <span class='ocrx_word' id='word_1_47' title='bbox 800 966 1013 1036; x_wconf 90' lang='lat' dir='ltr'>aperte</span> <span class='ocrx_word' id='word_1_48' title='bbox 1055 964 1356 1036; x_wconf 79' lang='lat' dir='ltr'>repugnat</span> <span class='ocrx_word' id='word_1_49' title='bbox 1397 954 1771 1031; x_wconf 81' lang='lat' dir='ltr'>Hesychius,</span> <span class='ocrx_word' id='word_1_50' title='bbox 1812 956 1988 1015; x_wconf 85' lang='lat' dir='ltr'>fabu-</span> 
     </span>
     <span class='ocr_line' id='line_1_9' title="bbox 194 1054 1992 1130; baseline 0 -14"><span class='ocrx_word' id='word_1_51' title='bbox 194 1058 323 1118; x_wconf 86' lang='lat' dir='ltr'>lam</span> <span class='ocrx_word' id='word_1_52' title='bbox 366 1058 540 1118; x_wconf 90' lang='lat' dir='ltr'>illam</span> <span class='ocrx_word' id='word_1_53' title='bbox 585 1057 667 1117; x_wconf 89' lang='lat' dir='ltr'>ad</span> <span class='ocrx_word' id='word_1_54' title='bbox 713 1057 1148 1118; x_wconf 89' lang='lat' dir='ltr'>contumeliam</span> <span class='ocrx_word' id='word_1_55' title='bbox 1200 1075 1325 1115; x_wconf 93' lang='lat' dir='ltr'>non</span> <span class='ocrx_word' id='word_1_56' title='bbox 1369 1054 1739 1117; x_wconf 71' lang='lat' dir='ltr'>Alcibiadis,</span> <span class='ocrx_word' id='word_1_57' title='bbox 1766 1057 1992 1130; x_wconf 77' lang='lat' dir='ltr'>solum,</span> 
     </span>
     <span class='ocr_line' id='line_1_10' title="bbox 196 1155 1991 1238; baseline -0.003 -20"><span class='ocrx_word' id='word_1_58' title='bbox 196 1157 307 1218; x_wconf 91' lang='lat' dir='ltr'>sed</span> <span class='ocrx_word' id='word_1_59' title='bbox 352 1159 541 1217; x_wconf 91' lang='lat' dir='ltr'>etiam</span> <span class='ocrx_word' id='word_1_60' title='bbox 600 1155 1058 1219; x_wconf 88' lang='lat' dir='ltr'>Corinthiorum</span> <span class='ocrx_word' id='word_1_61' title='bbox 1117 1158 1410 1238; x_wconf 83' lang='lat' dir='ltr'>scriptam</span> <span class='ocrx_word' id='word_1_62' title='bbox 1468 1156 1781 1228; x_wconf 39' lang='lat' dir='ltr'>referens*</span> <span class='ocrx_word' id='word_1_63' title='bbox 1838 1174 1991 1235; x_wconf 59' lang='lat' dir='ltr'>quo-</span> 
     </span>
     <span class='ocr_line' id='line_1_11' title="bbox 195 1257 1990 1338; baseline -0.001 -21"><span class='ocrx_word' id='word_1_64' title='bbox 195 1277 333 1317; x_wconf 91' lang='lat' dir='ltr'>rum</span> <span class='ocrx_word' id='word_1_65' title='bbox 378 1276 632 1338; x_wconf 91' lang='lat' dir='ltr'>prorsus</span> <span class='ocrx_word' id='word_1_66' title='bbox 676 1259 885 1318; x_wconf 91' lang='lat' dir='ltr'>nullae</span> <span class='ocrx_word' id='word_1_67' title='bbox 927 1259 1175 1317; x_wconf 88' lang='lat' dir='ltr'>fuerunt</span> <span class='ocrx_word' id='word_1_68' title='bbox 1241 1258 1307 1316; x_wconf 90' lang='lat' dir='ltr'>in</span> <span class='ocrx_word' id='word_1_69' title='bbox 1350 1257 1472 1318; x_wconf 90' lang='lat' dir='ltr'>isto</span> <span class='ocrx_word' id='word_1_70' title='bbox 1499 1257 1834 1319; x_wconf 79' lang='lat' dir='ltr'>convivali</span> <span class='ocrx_word' id='word_1_71' title='bbox 1876 1257 1990 1315; x_wconf 92' lang='lat' dir='ltr'>mi-</span> 
     </span>
     <span class='ocr_line' id='line_1_12' title="bbox 195 1357 1992 1437; baseline -0.001 -21"><span class='ocrx_word' id='word_1_72' title='bbox 195 1377 303 1417; x_wconf 89' lang='lat' dir='ltr'>mo</span> <span class='ocrx_word' id='word_1_73' title='bbox 347 1367 572 1437; x_wconf 90' lang='lat' dir='ltr'>partes.</span> <span class='ocrx_word' id='word_1_74' title='bbox 659 1357 833 1416; x_wconf 87' lang='lat' dir='ltr'>Haec</span> <span class='ocrx_word' id='word_1_75' title='bbox 887 1367 1099 1416; x_wconf 89' lang='lat' dir='ltr'>autem</span> <span class='ocrx_word' id='word_1_76' title='bbox 1159 1359 1396 1430; x_wconf 90' lang='lat' dir='ltr'>omnia,</span> <span class='ocrx_word' id='word_1_77' title='bbox 1451 1375 1713 1435; x_wconf 91' lang='lat' dir='ltr'>quorum</span> <span class='ocrx_word' id='word_1_78' title='bbox 1771 1375 1992 1415; x_wconf 91' lang='lat' dir='ltr'>unum-</span> 
     </span>
     <span class='ocr_line' id='line_1_13' title="bbox 198 1455 1992 1537; baseline -0.002 -20"><span class='ocrx_word' id='word_1_79' title='bbox 198 1456 484 1537; x_wconf 87' lang='lat' dir='ltr'>quodque</span> <span class='ocrx_word' id='word_1_80' title='bbox 543 1458 851 1517; x_wconf 85' lang='lat' dir='ltr'>maximas</span> <span class='ocrx_word' id='word_1_81' title='bbox 896 1457 1082 1517; x_wconf 90' lang='lat' dir='ltr'>habet</span> <span class='ocrx_word' id='word_1_82' title='bbox 1138 1455 1558 1528; x_wconf 89' lang='lat' dir='ltr'>difficultates,</span> <span class='ocrx_word' id='word_1_83' title='bbox 1615 1475 1804 1534; x_wconf 87' lang='lat' dir='ltr'>quare</span> <span class='ocrx_word' id='word_1_84' title='bbox 1858 1466 1992 1516; x_wconf 86' lang='lat' dir='ltr'>tan-</span> 
     </span>
     <span class='ocr_line' id='line_1_14' title="bbox 198 1554 1993 1636; baseline -0.001 -21"><span class='ocrx_word' id='word_1_85' title='bbox 198 1555 342 1616; x_wconf 89' lang='lat' dir='ltr'>dem</span> <span class='ocrx_word' id='word_1_86' title='bbox 385 1557 752 1616; x_wconf 65' lang='lat' dir='ltr'>sumuntur-2</span> <span class='ocrx_word' id='word_1_87' title='bbox 837 1557 937 1616; x_wconf 95' lang='lat' dir='ltr'>De</span> <span class='ocrx_word' id='word_1_88' title='bbox 987 1558 1428 1633; x_wconf 83' lang='lat' dir='ltr'>mysteriorum</span> <span class='ocrx_word' id='word_1_89' title='bbox 1473 1555 1814 1616; x_wconf 86' lang='lat' dir='ltr'>violatione</span> <span class='ocrx_word' id='word_1_90' title='bbox 1855 1554 1993 1636; x_wconf 74' lang='lat' dir='ltr'>plu—</span> 
     </span>
     <span class='ocr_line' id='line_1_15' title="bbox 199 1654 1995 1736; baseline 0.001 -22"><span class='ocrx_word' id='word_1_91' title='bbox 199 1657 342 1716; x_wconf 89' lang='lat' dir='ltr'>rimi</span> <span class='ocrx_word' id='word_1_92' title='bbox 388 1667 668 1719; x_wconf 87' lang='lat' dir='ltr'>veterum</span> <span class='ocrx_word' id='word_1_93' title='bbox 712 1658 1078 1736; x_wconf 90' lang='lat' dir='ltr'>loquuntur,</span> <span class='ocrx_word' id='word_1_94' title='bbox 1125 1655 1202 1714; x_wconf 92' lang='lat' dir='ltr'>de</span> <span class='ocrx_word' id='word_1_95' title='bbox 1244 1654 1575 1736; x_wconf 85' lang='lat' dir='ltr'>Eupolidis</span> <span class='ocrx_word' id='word_1_96' title='bbox 1614 1654 1841 1718; x_wconf 79' lang='lat' dir='ltr'>fabula,</span> <span class='ocrx_word' id='word_1_97' title='bbox 1867 1671 1995 1716; x_wconf 88' lang='lat' dir='ltr'>non</span> 
     </span>
     <span class='ocr_line' id='line_1_16' title="bbox 200 1755 1995 1837; baseline -0.001 -22"><span class='ocrx_word' id='word_1_98' title='bbox 200 1759 415 1837; x_wconf 86' lang='lat' dir='ltr'>pauci,</span> <span class='ocrx_word' id='word_1_99' title='bbox 474 1777 739 1837; x_wconf 91' lang='lat' dir='ltr'>quorum</span> <span class='ocrx_word' id='word_1_100' title='bbox 784 1759 1062 1816; x_wconf 91' lang='lat' dir='ltr'>omnium</span> <span class='ocrx_word' id='word_1_101' title='bbox 1106 1777 1185 1816; x_wconf 95' lang='lat' dir='ltr'>ne</span> <span class='ocrx_word' id='word_1_102' title='bbox 1232 1775 1390 1816; x_wconf 92' lang='lat' dir='ltr'>unus</span> <span class='ocrx_word' id='word_1_103' title='bbox 1445 1755 1694 1836; x_wconf 88' lang='lat' dir='ltr'>quidem</span> <span class='ocrx_word' id='word_1_104' title='bbox 1749 1757 1853 1818; x_wconf 87' lang='lat' dir='ltr'>vel</span> <span class='ocrx_word' id='word_1_105' title='bbox 1904 1756 1995 1815; x_wconf 90' lang='lat' dir='ltr'>le-</span> 
     </span>
     <span class='ocr_line' id='line_1_17' title="bbox 200 1857 1994 1938; baseline -0.001 -20"><span class='ocrx_word' id='word_1_106' title='bbox 200 1858 522 1920; x_wconf 79' lang='lat' dir='ltr'>vissimam</span> <span class='ocrx_word' id='word_1_107' title='bbox 559 1860 973 1938; x_wconf 88' lang='lat' dir='ltr'>suspicionem</span> <span class='ocrx_word' id='word_1_108' title='bbox 1012 1859 1256 1935; x_wconf 85' lang='lat' dir='ltr'>injecit,</span> <span class='ocrx_word' id='word_1_109' title='bbox 1299 1875 1433 1917; x_wconf 88' lang='lat' dir='ltr'>esse</span> <span class='ocrx_word' id='word_1_110' title='bbox 1470 1857 1741 1936; x_wconf 84' lang='lat' dir='ltr'>aliquam</span> <span class='ocrx_word' id='word_1_111' title='bbox 1770 1858 1994 1917; x_wconf 83' lang='lat' dir='ltr'>utrius-</span> 
     </span>
     <span class='ocr_line' id='line_1_18' title="bbox 204 1957 1996 2038; baseline -0.001 -21"><span class='ocrx_word' id='word_1_112' title='bbox 204 1977 323 2038; x_wconf 91' lang='lat' dir='ltr'>que</span> <span class='ocrx_word' id='word_1_113' title='bbox 365 1961 453 2019; x_wconf 89' lang='lat' dir='ltr'>rei</span> <span class='ocrx_word' id='word_1_114' title='bbox 496 1957 1029 2018; x_wconf 88' lang='lat' dir='ltr'>necessitudinem.</span> <span class='ocrx_word' id='word_1_115' title='bbox 1089 1957 1415 2036; x_wconf 78' lang='lat' dir='ltr'>Superest</span> <span class='ocrx_word' id='word_1_116' title='bbox 1457 1958 1650 2032; x_wconf 38' lang='lat' dir='ltr'>igitur.</span> <span class='ocrx_word' id='word_1_117' title='bbox 1699 1966 1770 2015; x_wconf 87' lang='lat' dir='ltr'>ut</span> <span class='ocrx_word' id='word_1_118' title='bbox 1802 1957 1996 2016; x_wconf 72' lang='lat' dir='ltr'>vButt-</span> 
     </span>
     <span class='ocr_line' id='line_1_19' title="bbox 204 2057 1996 2134; baseline -0.001 -16"><span class='ocrx_word' id='word_1_119' title='bbox 204 2076 467 2121; x_wconf 86' lang='lat' dir='ltr'>mannus</span> <span class='ocrx_word' id='word_1_120' title='bbox 509 2058 919 2131; x_wconf 86' lang='lat' dir='ltr'>demonstret,</span> <span class='ocrx_word' id='word_1_121' title='bbox 978 2067 1087 2116; x_wconf 91' lang='lat' dir='ltr'>aut</span> <span class='ocrx_word' id='word_1_122' title='bbox 1130 2058 1263 2115; x_wconf 91' lang='lat' dir='ltr'>fieri</span> <span class='ocrx_word' id='word_1_123' title='bbox 1304 2075 1430 2114; x_wconf 91' lang='lat' dir='ltr'>non</span> <span class='ocrx_word' id='word_1_124' title='bbox 1474 2074 1660 2134; x_wconf 84' lang='lat' dir='ltr'>posse</span> <span class='ocrx_word' id='word_1_125' title='bbox 1699 2067 1822 2122; x_wconf 12' lang='lat' dir='ltr'>*aut</span> <span class='ocrx_word' id='word_1_126' title='bbox 1877 2057 1996 2117; x_wconf 91' lang='lat' dir='ltr'>sal-</span> 
     </span>
     <span class='ocr_line' id='line_1_20' title="bbox 205 2154 1998 2229; baseline 0 -13"><span class='ocrx_word' id='word_1_127' title='bbox 205 2167 333 2216; x_wconf 92' lang='lat' dir='ltr'>tem</span> <span class='ocrx_word' id='word_1_128' title='bbox 377 2158 512 2219; x_wconf 85' lang='lat' dir='ltr'>veri</span> <span class='ocrx_word' id='word_1_129' title='bbox 550 2159 756 2218; x_wconf 90' lang='lat' dir='ltr'>simile</span> <span class='ocrx_word' id='word_1_130' title='bbox 799 2176 925 2215; x_wconf 91' lang='lat' dir='ltr'>non</span> <span class='ocrx_word' id='word_1_131' title='bbox 971 2175 1123 2229; x_wconf 88' lang='lat' dir='ltr'>esse,</span> <span class='ocrx_word' id='word_1_132' title='bbox 1167 2164 1237 2214; x_wconf 92' lang='lat' dir='ltr'>ut</span> <span class='ocrx_word' id='word_1_133' title='bbox 1270 2154 1650 2217; x_wconf 89' lang='lat' dir='ltr'>Alcibiades</span> <span class='ocrx_word' id='word_1_134' title='bbox 1672 2156 1796 2217; x_wconf 87' lang='lat' dir='ltr'>alio</span> <span class='ocrx_word' id='word_1_135' title='bbox 1840 2167 1998 2216; x_wconf 90' lang='lat' dir='ltr'>tem-</span> 
     </span>
     <span class='ocr_line' id='line_1_21' title="bbox 203 2253 2001 2339; baseline -0.001 -23"><span class='ocrx_word' id='word_1_136' title='bbox 203 2276 357 2339; x_wconf 89' lang='lat' dir='ltr'>pore</span> <span class='ocrx_word' id='word_1_137' title='bbox 403 2254 640 2317; x_wconf 87' lang='lat' dir='ltr'>Cereris</span> <span class='ocrx_word' id='word_1_138' title='bbox 684 2275 888 2329; x_wconf 87' lang='lat' dir='ltr'>sacra,</span> <span class='ocrx_word' id='word_1_139' title='bbox 940 2257 1064 2316; x_wconf 88' lang='lat' dir='ltr'>alio</span> <span class='ocrx_word' id='word_1_140' title='bbox 1108 2253 1403 2332; x_wconf 85' lang='lat' dir='ltr'>Cotyttus</span> <span class='ocrx_word' id='word_1_141' title='bbox 1446 2273 1573 2316; x_wconf 92' lang='lat' dir='ltr'>non</span> <span class='ocrx_word' id='word_1_142' title='bbox 1620 2254 1821 2319; x_wconf 86' lang='lat' dir='ltr'>dicam</span> <span class='ocrx_word' id='word_1_143' title='bbox 1865 2257 2001 2336; x_wconf 89' lang='lat' dir='ltr'>pol-</span> 
     </span>
     <span class='ocr_line' id='line_1_22' title="bbox 204 2353 1482 2436; baseline -0.002 -20"><span class='ocrx_word' id='word_1_144' title='bbox 204 2359 390 2418; x_wconf 91' lang='lat' dir='ltr'>luerit</span> <span class='ocrx_word' id='word_1_145' title='bbox 445 2357 556 2417; x_wconf 87' lang='lat' dir='ltr'>sed</span> <span class='ocrx_word' id='word_1_146' title='bbox 599 2357 898 2436; x_wconf 84' lang='lat' dir='ltr'>polluisse</span> <span class='ocrx_word' id='word_1_147' title='bbox 941 2355 1209 2416; x_wconf 89' lang='lat' dir='ltr'>creditus</span> <span class='ocrx_word' id='word_1_148' title='bbox 1252 2357 1335 2416; x_wconf 88' lang='lat' dir='ltr'>sit</span> <span class='ocrx_word' id='word_1_149' title='bbox 1359 2353 1482 2436; x_wconf 56' lang='lat'>[39]</span> 
     </span>
    </p>
   </div>
   <div class='ocr_carea' id='block_1_3' title="bbox 207 2552 1998 3434">
    <p class='ocr_par' dir='ltr' id='par_1_3' title="bbox 207 2552 1998 3434">
     <span class='ocr_line' id='line_1_23' title="bbox 328 2552 1996 2611; baseline -0.002 -14"><span class='ocrx_word' id='word_1_150' title='bbox 328 2556 366 2611; x_wconf 80' lang='lat'>[3</span> <span class='ocrx_word' id='word_1_151' title='bbox 379 2555 419 2611; x_wconf 88' lang='lat'>9]</span> <span class='ocrx_word' id='word_1_152' title='bbox 469 2555 594 2606; x_wconf 83' lang='lat' dir='ltr'>Quae</span> <span class='ocrx_word' id='word_1_153' title='bbox 623 2554 814 2598; x_wconf 84' lang='lat' dir='ltr'>Meierus</span> <span class='ocrx_word' id='word_1_154' title='bbox 850 2555 896 2596; x_wconf 90' lang='lat' dir='ltr'>in</span> <span class='ocrx_word' id='word_1_155' title='bbox 926 2553 1392 2609; x_wconf 80' lang='lat' dir='ltr'>Allgem.Litt.Zeit.</span> <span class='ocrx_word' id='word_1_156' title='bbox 1434 2552 1692 2595; x_wconf 75' lang='lat' dir='ltr'>ann.1827.</span> <span class='ocrx_word' id='word_1_157' title='bbox 1737 2552 1796 2597; x_wconf 90' lang='grc' dir='ltr'><strong>Ν</strong></span> <span class='ocrx_word' id='word_1_158' title='bbox 1830 2553 1924 2596; x_wconf 72' lang='grc'>122,</span> <span class='ocrx_word' id='word_1_159' title='bbox 1953 2569 1996 2611; x_wconf 87' lang='lat' dir='ltr'>p.</span> 
     </span>
     <span class='ocr_line' id='line_1_24' title="bbox 209 2610 1995 2670; baseline -0.002 -13"><span class='ocrx_word' id='word_1_160' title='bbox 209 2611 308 2659; x_wconf 88' lang='lat'>147.</span> <span class='ocrx_word' id='word_1_161' title='bbox 349 2627 427 2670; x_wconf 90' lang='lat' dir='ltr'>pro</span> <span class='ocrx_word' id='word_1_162' title='bbox 459 2614 719 2656; x_wconf 85' lang='lat' dir='ltr'>Buttmanno</span> <span class='ocrx_word' id='word_1_163' title='bbox 746 2614 903 2665; x_wconf 84' lang='lat' dir='ltr'>affert,</span> <span class='ocrx_word' id='word_1_164' title='bbox 944 2613 1115 2655; x_wconf 88' lang='lat' dir='ltr'>infirma</span> <span class='ocrx_word' id='word_1_165' title='bbox 1154 2617 1254 2653; x_wconf 88' lang='lat' dir='ltr'>sunt</span> <span class='ocrx_word' id='word_1_166' title='bbox 1293 2611 1456 2653; x_wconf 87' lang='lat' dir='ltr'>omnia:</span> <span class='ocrx_word' id='word_1_167' title='bbox 1518 2610 1677 2653; x_wconf 91' lang='lat' dir='ltr'>Nach</span> <span class='ocrx_word' id='word_1_168' title='bbox 1708 2610 1995 2654; x_wconf 84' lang='lat' dir='ltr'>Plutarch</span> 
     </span>
     <span class='ocr_line' id='line_1_25' title="bbox 207 2667 1996 2726; baseline -0.001 -10"><span class='ocrx_word' id='word_1_169' title='bbox 207 2674 393 2716; x_wconf 84' lang='lat' dir='ltr'>haben</span> <span class='ocrx_word' id='word_1_170' title='bbox 434 2672 552 2715; x_wconf 89' lang='lat' dir='ltr'>sich</span> <span class='ocrx_word' id='word_1_171' title='bbox 596 2673 686 2715; x_wconf 87' lang='lat' dir='ltr'>die</span> <span class='ocrx_word' id='word_1_172' title='bbox 729 2672 1019 2714; x_wconf 86' lang='lat' dir='ltr'>Genossen</span> <span class='ocrx_word' id='word_1_173' title='bbox 1067 2672 1232 2726; x_wconf 86' lang='lat' dir='ltr'>jener</span> <span class='ocrx_word' id='word_1_174' title='bbox 1277 2670 1562 2713; x_wconf 89' lang='lat' dir='ltr'>heillosen</span> <span class='ocrx_word' id='word_1_175' title='bbox 1609 2670 1826 2725; x_wconf 85' lang='lat' dir='ltr'>Orgien</span> <span class='ocrx_word' id='word_1_176' title='bbox 1865 2667 1996 2714; x_wconf 81' lang='grc' dir='ltr'>Μύ-</span> 
     </span>
     <span class='ocr_line' id='line_1_26' title="bbox 209 2728 1995 2786; baseline -0.003 -11"><span class='ocrx_word' id='word_1_177' title='bbox 209 2744 339 2776; x_wconf 81' lang='grc' dir='ltr'><strong>σται</strong></span> <span class='ocrx_word' id='word_1_178' title='bbox 383 2735 640 2786; x_wconf 81' lang='lat' dir='ltr'>genanut,</span> <span class='ocrx_word' id='word_1_179' title='bbox 684 2730 929 2786; x_wconf 88' lang='lat' dir='ltr'>Eupolis</span> <span class='ocrx_word' id='word_1_180' title='bbox 969 2730 1106 2772; x_wconf 88' lang='lat' dir='ltr'>aber</span> <span class='ocrx_word' id='word_1_181' title='bbox 1146 2735 1319 2771; x_wconf 83' lang='lat' dir='ltr'>neunt</span> <span class='ocrx_word' id='word_1_182' title='bbox 1366 2729 1447 2770; x_wconf 89' lang='lat' dir='ltr'>sie</span> <span class='ocrx_word' id='word_1_183' title='bbox 1486 2728 1740 2786; x_wconf 82' lang='lat' dir='ltr'>Bapten,</span> <span class='ocrx_word' id='word_1_184' title='bbox 1782 2729 1995 2784; x_wconf 82' lang='lat' dir='ltr'>gewiss</span> 
     </span>
     <span class='ocr_line' id='line_1_27' title="bbox 209 2785 1996 2833; baseline -0.002 0"><span class='ocrx_word' id='word_1_185' title='bbox 209 2792 266 2833; x_wconf 90' lang='lat' dir='ltr'>in</span> <span class='ocrx_word' id='word_1_186' title='bbox 306 2789 553 2832; x_wconf 83' lang='lat' dir='ltr'>wiefern</span> <span class='ocrx_word' id='word_1_187' title='bbox 593 2789 649 2832; x_wconf 90' lang='lat' dir='ltr'>in</span> <span class='ocrx_word' id='word_1_188' title='bbox 684 2789 887 2832; x_wconf 86' lang='lat' dir='ltr'>seinem</span> <span class='ocrx_word' id='word_1_189' title='bbox 928 2788 1146 2830; x_wconf 80' lang='lat' dir='ltr'>Stiicke</span> <span class='ocrx_word' id='word_1_190' title='bbox 1188 2802 1253 2829; x_wconf 88' lang='lat' dir='ltr'>an</span> <span class='ocrx_word' id='word_1_191' title='bbox 1285 2787 1368 2831; x_wconf 91' lang='lat' dir='ltr'>die</span> <span class='ocrx_word' id='word_1_192' title='bbox 1398 2787 1589 2829; x_wconf 85' lang='lat' dir='ltr'>Stelle</span> <span class='ocrx_word' id='word_1_193' title='bbox 1618 2787 1716 2829; x_wconf 89' lang='lat' dir='ltr'>der</span> <span class='ocrx_word' id='word_1_194' title='bbox 1744 2785 1996 2829; x_wconf 78' lang='lat' dir='ltr'>Lustra-</span> 
     </span>
     <span class='ocr_line' id='line_1_28' title="bbox 208 2845 1996 2904; baseline -0.001 -13"><span class='ocrx_word' id='word_1_195' title='bbox 208 2850 335 2891; x_wconf 87' lang='lat' dir='ltr'>tion</span> <span class='ocrx_word' id='word_1_196' title='bbox 391 2848 524 2890; x_wconf 90' lang='lat' dir='ltr'>oder</span> <span class='ocrx_word' id='word_1_197' title='bbox 579 2849 678 2890; x_wconf 89' lang='lat' dir='ltr'>der</span> <span class='ocrx_word' id='word_1_198' title='bbox 729 2849 1156 2904; x_wconf 81' lang='lat' dir='ltr'>Besprengung</span> <span class='ocrx_word' id='word_1_199' title='bbox 1198 2848 1296 2889; x_wconf 88' lang='lat' dir='ltr'>mit</span> <span class='ocrx_word' id='word_1_200' title='bbox 1341 2847 1684 2904; x_wconf 82' lang='lat' dir='ltr'>Opferblut.‚</span> <span class='ocrx_word' id='word_1_201' title='bbox 1725 2845 1996 2890; x_wconf 86' lang='lat' dir='ltr'>wodurch</span> 
     </span>
     <span class='ocr_line' id='line_1_29' title="bbox 211 2904 1997 2963; baseline -0.002 -14"><span class='ocrx_word' id='word_1_202' title='bbox 211 2908 301 2949; x_wconf 90' lang='lat' dir='ltr'>die</span> <span class='ocrx_word' id='word_1_203' title='bbox 344 2906 746 2963; x_wconf 85' lang='lat' dir='ltr'>Initiirungeu</span> <span class='ocrx_word' id='word_1_204' title='bbox 794 2906 850 2947; x_wconf 90' lang='lat' dir='ltr'>in</span> <span class='ocrx_word' id='word_1_205' title='bbox 897 2907 1000 2950; x_wconf 89' lang='lat' dir='ltr'>den</span> <span class='ocrx_word' id='word_1_206' title='bbox 1045 2905 1395 2948; x_wconf 82' lang='lat' dir='ltr'>wirklichen</span> <span class='ocrx_word' id='word_1_207' title='bbox 1448 2904 1767 2960; x_wconf 81' lang='lat' dir='ltr'>Mysterien</span> <span class='ocrx_word' id='word_1_208' title='bbox 1811 2905 1997 2946; x_wconf 65' lang='lat' dir='ltr'>craff-</span> 
     </span>
     <span class='ocr_line' id='line_1_30' title="bbox 211 2962 1998 3020; baseline -0.002 -13"><span class='ocrx_word' id='word_1_209' title='bbox 211 2973 308 3008; x_wconf 85' lang='lat' dir='ltr'>net</span> <span class='ocrx_word' id='word_1_210' title='bbox 345 2966 606 3018; x_wconf 83' lang='lat' dir='ltr'>wurden‚</span> <span class='ocrx_word' id='word_1_211' title='bbox 651 2967 778 3008; x_wconf 89' lang='lat' dir='ltr'>eine</span> <span class='ocrx_word' id='word_1_212' title='bbox 817 2965 1034 3020; x_wconf 77' lang='lat' dir='ltr'>viillige</span> <span class='ocrx_word' id='word_1_213' title='bbox 1072 2964 1475 3018; x_wconf 83' lang='lat' dir='ltr'>Eintauchung</span> <span class='ocrx_word' id='word_1_214' title='bbox 1506 2965 1560 3007; x_wconf 87' lang='lat' dir='ltr'>iu</span> <span class='ocrx_word' id='word_1_215' title='bbox 1590 2963 1750 3005; x_wconf 88' lang='lat' dir='ltr'>Wein</span> <span class='ocrx_word' id='word_1_216' title='bbox 1780 2962 1870 3004; x_wconf 86' lang='lat' dir='ltr'>bis</span> <span class='ocrx_word' id='word_1_217' title='bbox 1900 2976 1998 3004; x_wconf 87' lang='lat' dir='ltr'>zur</span> 
     </span>
     <span class='ocr_line' id='line_1_31' title="bbox 213 3017 1998 3079; baseline -0.002 -14"><span class='ocrx_word' id='word_1_218' title='bbox 213 3017 623 3066; x_wconf 86' lang='lat' dir='ltr'>Trunkenheit</span> <span class='ocrx_word' id='word_1_219' title='bbox 680 3030 827 3066; x_wconf 76' lang='lat' dir='ltr'>txat:</span> <span class='ocrx_word' id='word_1_220' title='bbox 883 3023 1112 3066; x_wconf 82' lang='lat' dir='ltr'>hierauf</span> <span class='ocrx_word' id='word_1_221' title='bbox 1157 3024 1368 3065; x_wconf 79' lang='lat' dir='ltr'>fiihren</span> <span class='ocrx_word' id='word_1_222' title='bbox 1423 3023 1523 3064; x_wconf 84' lang='lat' dir='ltr'>das</span> <span class='ocrx_word' id='word_1_223' title='bbox 1574 3021 1677 3079; x_wconf 76' lang='grc' dir='ltr'>παρ’</span> <span class='ocrx_word' id='word_1_224' title='bbox 1723 3017 1851 3065; x_wconf 83' lang='grc' dir='ltr'>οἶνον</span> <span class='ocrx_word' id='word_1_225' title='bbox 1892 3022 1998 3079; x_wconf 84' lang='lat' dir='ltr'>bey</span> 
     </span>
     <span class='ocr_line' id='line_1_32' title="bbox 212 3083 1995 3138; baseline -0.002 -13"><span class='ocrx_word' id='word_1_226' title='bbox 212 3083 385 3134; x_wconf 85' lang='lat' dir='ltr'>Plut.,</span> <span class='ocrx_word' id='word_1_227' title='bbox 425 3083 514 3124; x_wconf 92' lang='lat' dir='ltr'>die</span> <span class='ocrx_word' id='word_1_228' title='bbox 554 3098 651 3126; x_wconf 85' lang='lat' dir='ltr'>aus</span> <span class='ocrx_word' id='word_1_229' title='bbox 693 3084 893 3125; x_wconf 87' lang='lat' dir='ltr'>diesen</span> <span class='ocrx_word' id='word_1_230' title='bbox 924 3083 1309 3138; x_wconf 82' lang='lat' dir='ltr'>angefuhrten</span> <span class='ocrx_word' id='word_1_231' title='bbox 1339 3083 1747 3135; x_wconf 81' lang='lat' dir='ltr'>Ausrufungen</span> <span class='ocrx_word' id='word_1_232' title='bbox 1779 3094 1875 3122; x_wconf 85' lang='grc' dir='ltr'><strong>ευαι</strong></span> <span class='ocrx_word' id='word_1_233' title='bbox 1908 3092 1995 3122; x_wconf 84' lang='grc' dir='ltr'>σα-</span> 
     </span>
     <span class='ocr_line' id='line_1_33' title="bbox 214 3138 1998 3197; baseline -0.002 -14"><span class='ocrx_word' id='word_1_234' title='bbox 214 3145 296 3195; x_wconf 86' lang='grc' dir='ltr'>βαῖ</span> <span class='ocrx_word' id='word_1_235' title='bbox 324 3146 406 3182; x_wconf 84' lang='lat' dir='ltr'>etc.</span> <span class='ocrx_word' id='word_1_236' title='bbox 468 3142 655 3184; x_wconf 73' lang='lat' dir='ltr'>Primum</span> <span class='ocrx_word' id='word_1_237' title='bbox 688 3157 789 3194; x_wconf 81' lang='lat' dir='ltr'>eos,</span> <span class='ocrx_word' id='word_1_238' title='bbox 833 3141 907 3197; x_wconf 90' lang='lat' dir='ltr'>qui</span> <span class='ocrx_word' id='word_1_239' title='bbox 937 3141 1169 3184; x_wconf 84' lang='lat' dir='ltr'>Eleusiniis</span> <span class='ocrx_word' id='word_1_240' title='bbox 1200 3141 1484 3192; x_wconf 82' lang='lat' dir='ltr'>initiarentur,</span> <span class='ocrx_word' id='word_1_241' title='bbox 1530 3140 1738 3195; x_wconf 85' lang='lat' dir='ltr'>sanguine</span> <span class='ocrx_word' id='word_1_242' title='bbox 1768 3138 1998 3194; x_wconf 87' lang='lat' dir='ltr'>adspersos</span> 
     </span>
     <span class='ocr_line' id='line_1_34' title="bbox 214 3197 1996 3257; baseline -0.002 -16"><span class='ocrx_word' id='word_1_243' title='bbox 214 3214 335 3251; x_wconf 83' lang='lat' dir='ltr'>esse,</span> <span class='ocrx_word' id='word_1_244' title='bbox 375 3213 495 3241; x_wconf 89' lang='lat' dir='ltr'>nemo</span> <span class='ocrx_word' id='word_1_245' title='bbox 526 3208 719 3243; x_wconf 84' lang='lat' dir='ltr'>veterum</span> <span class='ocrx_word' id='word_1_246' title='bbox 749 3200 951 3257; x_wconf 86' lang='lat' dir='ltr'>prodidit.</span> <span class='ocrx_word' id='word_1_247' title='bbox 1011 3200 1208 3242; x_wconf 88' lang='lat' dir='ltr'>Secundo</span> <span class='ocrx_word' id='word_1_248' title='bbox 1249 3198 1350 3244; x_wconf 82' lang='grc' dir='ltr'><em>εὐοῖ</em></span> <span class='ocrx_word' id='word_1_249' title='bbox 1376 3202 1512 3253; x_wconf 82' lang='grc' dir='ltr'><em>σαβοῖ</em></span> <span class='ocrx_word' id='word_1_250' title='bbox 1548 3199 1636 3253; x_wconf 90' lang='lat' dir='ltr'>(sic</span> <span class='ocrx_word' id='word_1_251' title='bbox 1666 3197 1775 3239; x_wconf 89' lang='lat' dir='ltr'>enim</span> <span class='ocrx_word' id='word_1_252' title='bbox 1807 3197 1996 3239; x_wconf 88' lang='lat' dir='ltr'>scriben-</span> 
     </span>
     <span class='ocr_line' id='line_1_35' title="bbox 214 3256 1994 3313; baseline -0.002 -12"><span class='ocrx_word' id='word_1_253' title='bbox 214 3258 338 3312; x_wconf 83' lang='lat' dir='ltr'>dum)</span> <span class='ocrx_word' id='word_1_254' title='bbox 368 3272 452 3300; x_wconf 91' lang='lat' dir='ltr'>non</span> <span class='ocrx_word' id='word_1_255' title='bbox 508 3266 547 3301; x_wconf 86' lang='lat' dir='ltr'>st</span> <span class='ocrx_word' id='word_1_256' title='bbox 577 3260 814 3303; x_wconf 87' lang='lat' dir='ltr'>convivalis</span> <span class='ocrx_word' id='word_1_257' title='bbox 845 3258 1098 3302; x_wconf 86' lang='lat' dir='ltr'>vociferatio</span> <span class='ocrx_word' id='word_1_258' title='bbox 1130 3259 1206 3300; x_wconf 90' lang='lat' dir='ltr'>sed</span> <span class='ocrx_word' id='word_1_259' title='bbox 1239 3258 1568 3302; x_wconf 86' lang='lat' dir='ltr'>bacchationum</span> <span class='ocrx_word' id='word_1_260' title='bbox 1597 3256 1876 3312; x_wconf 83' lang='lat' dir='ltr'>mysticarum</span> <span class='ocrx_word' id='word_1_261' title='bbox 1905 3256 1994 3313; x_wconf 80' lang='lat' dir='ltr'>epi-</span> 
     </span>
     <span class='ocr_line' id='line_1_36' title="bbox 214 3273 1995 3374; baseline -0.002 -16"><span class='ocrx_word' id='word_1_262' title='bbox 214 3316 449 3372; x_wconf 83' lang='lat' dir='ltr'>phthegma</span> <span class='ocrx_word' id='word_1_263' title='bbox 480 3273 505 3359; x_wconf 59' lang='lat' dir='ltr'><em>g</em></span> <span class='ocrx_word' id='word_1_264' title='bbox 535 3319 668 3360; x_wconf 88' lang='lat' dir='ltr'>sacris</span> <span class='ocrx_word' id='word_1_265' title='bbox 699 3318 930 3360; x_wconf 86' lang='lat' dir='ltr'>Eleusiniis</span> <span class='ocrx_word' id='word_1_266' title='bbox 960 3332 1188 3374; x_wconf 86' lang='lat' dir='ltr'>eorumque</span> <span class='ocrx_word' id='word_1_267' title='bbox 1219 3315 1456 3360; x_wconf 84' lang='lat' dir='ltr'>simulacris</span> <span class='ocrx_word' id='word_1_268' title='bbox 1485 3315 1797 3358; x_wconf 80' lang='lat' dir='ltr'>alienissimum.</span> <span class='ocrx_word' id='word_1_269' title='bbox 1829 3314 1995 3357; x_wconf 85' lang='lat' dir='ltr'>Deinde</span> 
     </span>
     <span class='ocr_line' id='line_1_37' title="bbox 214 3374 1992 3434; baseline -0.001 -18"><span class='ocrx_word' id='word_1_270' title='bbox 214 3375 476 3418; x_wconf 84' lang='lat' dir='ltr'>Plutarchus</span> <span class='ocrx_word' id='word_1_271' title='bbox 505 3376 633 3432; x_wconf 78' lang='lat' dir='ltr'>longe</span> <span class='ocrx_word' id='word_1_272' title='bbox 665 3378 783 3420; x_wconf 89' lang='lat' dir='ltr'>aliud</span> <span class='ocrx_word' id='word_1_273' title='bbox 814 3377 919 3420; x_wconf 85' lang='lat' dir='ltr'>dicit</span> <span class='ocrx_word' id='word_1_274' title='bbox 949 3391 998 3420; x_wconf 85' lang='lat' dir='ltr'>ac</span> <span class='ocrx_word' id='word_1_275' title='bbox 1042 3378 1108 3419; x_wconf 87' lang='lat' dir='ltr'>vir</span> <span class='ocrx_word' id='word_1_276' title='bbox 1152 3377 1303 3419; x_wconf 75' lang='lat' dir='ltr'>doc-,us</span> <span class='ocrx_word' id='word_1_277' title='bbox 1347 3375 1613 3434; x_wconf 72' lang='lat' dir='ltr'>praetendit,</span> <span class='ocrx_word' id='word_1_278' title='bbox 1657 3375 1739 3417; x_wconf 87' lang='lat' dir='ltr'>hoc</span> <span class='ocrx_word' id='word_1_279' title='bbox 1779 3374 1992 3422; x_wconf 80' lang='lat' dir='ltr'>videlicet,</span> 
     </span>
    </p>
   </div>
  </div>
 </body>
</html>
