2150 3814
806 228 849 271 o
874 226 916 270 R
944 225 983 269 1²
1011 225 1057 269 H
1084 225 1176 269 rc
1205 226 1256 268 A.
1768 212 1930 275 1055

146 358 523 441 Equidem
564 355 869 418 medius
911 353 1161 414 fidius
1196 371 1504 427 vereor,
1562 372 1654 413 ne
1697 355 1931 416 lecto-

145 481 310 520 rum
369 456 962 535 intelligentiae
1032 453 1418 515 diffidere
1480 453 1791 529 videar,
1865 460 1934 516 si

147 571 456 621 caetera
511 558 829 617 nomina
882 554 1201 616 deorum
1274 556 1687 635 explicem.
1787 554 1933 628 Qui

144 679 332 722 vero
388 659 784 731 evenerit,
844 666 924 716 ut
977 655 1328 715 ciborum
1387 667 1460 715 et
1515 675 1929 736 coquorum

144 761 451 820 nomina
493 756 585 818 ad
629 756 815 817 deos
860 757 1254 816 translata
1297 759 1457 816 sint
1677 752 1682 758 ’

398 904 544 965 disce,
592 903 677 951 sed
714 905 785 950 ira
822 902 963 950 cadat
998 918 1117 950 naso
1154 918 1426 967 rugosaque
1462 901 1638 949 sanna!

141 1030 763 1111 Antiquissimos
840 1029 1220 1087 Graeciae
1295 1029 1596 1087 incolas
1670 1029 1934 1089 admo-

145 1131 318 1190 dum
363 1131 633 1190 brutos
686 1129 1094 1208 omnisque
1156 1128 1742 1188 civilisationis
1802 1148 1934 1188 ex-

59 1306 65 1311 ·
139 1242 408 1311 pertes
452 1231 738 1302 fuisse,
782 1227 912 1289 vel
954 1231 1222 1307 pueris
1266 1237 1550 1288 notum.
1635 1227 1751 1288 Ad
1794 1230 1934 1290 hos

143 1349 366 1410 quum
444 1332 862 1393 venissent
941 1328 1343 1409 Orpheus,
1443 1326 1779 1411 Cecrops
1863 1340 1936 1390 et

137 1432 452 1492 Danaus
496 1431 905 1510 Aegyptii,
963 1426 1298 1490 Cadmus
1346 1429 1932 1511 Syrophoenix,

140 1532 441 1612 aliique
485 1552 574 1591 ex
626 1531 857 1591 India
913 1533 1436 1604 missionarii,
1495 1534 1762 1592 statim
1816 1534 1933 1592 in-

139 1631 622 1710 telligebant
681 1641 861 1690 ante
923 1633 1183 1691 omnia
1236 1632 1592 1692 homines
1652 1631 1934 1693 barba-

137 1751 263 1792 ros
329 1741 404 1791 et
466 1731 934 1792 crudivoros
1003 1730 1097 1789 ad
1165 1733 1455 1792 victum
1516 1732 1931 1792 humanum

139 1831 665 1891 traducendos
710 1839 816 1904 et,
870 1849 961 1890 ne
1007 1830 1097 1890 ad
1143 1833 1516 1892 convivia
1558 1834 1933 1893 immania

138 1931 718 2005 relaberentur,
776 1940 947 1990 arte
992 1933 1458 2011 coquinaria
1498 1933 1654 1992 rite
1697 1935 1933 1993 insti-

139 2032 726 2106 tuendosesse,
781 2050 975 2112 quae
1033 2051 1175 2112 quo
1233 2032 1560 2093 facilius
1625 2035 1704 2092 in
1761 2035 1930 2094 ani-

137 2135 303 2193 mis.
350 2152 618 2193 eorum
680 2131 1213 2204 radicaretur,
1281 2133 1498 2193 cibos
1553 2152 1799 2213 puros
1858 2142 1933 2192 et

138 2233 411 2292 licitos
482 2251 898 2313 eorumque
971 2232 1371 2306 artificeS,
1453 2241 1766 2293 sanctos
1840 2233 1930 2294 ab

140 2333 494 2392 omnibus
554 2332 828 2392 haberi
899 2343 973 2392 et
1031 2332 1408 2410 religiose
1469 2334 1622 2397 coli
1673 2334 1932 2412 jusse-

139 2443 320 2493 runt
374 2431 888 2513 omnibusque
940 2432 1140 2491 locis
1202 2433 1423 2492 focos
1486 2443 1563 2494 et
1622 2434 1929 2494 culinas

137 2534 688 2594 instituerunt.
799 2531 1005 2593 Audi
1058 2531 1284 2592 modo
1341 2543 1686 2596 veterem
1741 2513 1930 2616 poe-

139 2642 293 2694 tam
334 2633 557 2694 Athen.
598 2631 762 2695 XIV.
809 2633 982 2711 [660.
1026 2633 1128 2713 Ε.]

354 2772 462 2828 Οὐκ
499 2769 636 2826 οἶσθ’
676 2772 755 2826 ὅτι
790 2771 998 2827 πάντων
1033 2771 1067 2842 ἦ
1101 2774 1367 2845 μαγειρικὴ
1402 2774 1550 2843 τέχνη

348 2858 479 2931 πρὸς
507 2857 766 2927 εὐσέβειαν
799 2863 1012 2912 πλεῖστα
1048 2857 1403 2930 προςενήνεχιῗ
1444 2860 1606 2927 ὅλως,

347 2949 442 2999 τοῦ
475 2940 772 3016 θηριώδους
805 2945 891 2997 καὶ
927 2943 1297 3015 παρασπόνδου
1331 2946 1450 3014 βίου
1468 2971 1489 3016 ‚-

349 3027 486 3099 ’ἡμᾶς
518 3028 616 3101 γὰρ
653 3026 960 3083 ἀπολύσασα
995 3031 1080 3084 καὶ
1115 3017 1207 3100 τῆς
1243 3033 1516 3102 ὃυςχεροῦς

352 3113 736 3187 ἀλληλοφαγίας
771 3113 911 3186 ἤγαγ’
953 3116 1023 3179 εἷς
1057 3113 1201 3180 τάξιν
1237 3115 1350 3170 τινά
1386 3129 1477 3171 etc.

146 3241 416 3304 Audin’
450 3243 712 3306 illum?
757 3244 1067 3307 deorum
1100 3246 1561 3324 religionem
1603 3266 1923 3311 omnem-

143 3361 285 3421 que
349 3342 909 3409 humanitatem
971 3347 1060 3408 ab
1130 3346 1730 3411 introductione
1801 3370 1921 3412 ar-
