2150 3814
722 216 1285 265 sAMo'rnnaclA.
1731 207 1895 270 1257

115 356 379 437 capitale
421 356 736 434 utriusque
777 350 1016 429 generis
1059 348 1388 412 discrimen
1430 369 1572 410 raro
1607 351 1896 413 observa·
1942 394 1946 397 -

115 457 309 516 batur.
408 455 636 514 Verum
695 470 894 531 neque
949 449 1342 529 Tyndaridas
1383 469 1584 531 neque
1623 451 1740 511 hos
1785 449 1898 511 Ce-

114 557 306 615 reales
374 553 631 615 Cabirus
645 595 663 626 ,
736 553 844 631 qui
899 552 1034 630 jam
1099 536 1438 612 familiares
1502 553 1682 612 nobis
1749 551 1900 612 facti

111 666 254 716 sunt
270 699 287 728 ‚
343 654 455 715 sed
498 651 912 730 Corybantios
954 632 1255 730 significat
1295 653 1600 713 Firmicus
1644 650 1723 712 de
1764 652 1901 712 Err.

112 755 274 813 Prot.
319 775 380 836 p.
427 754 529 815 23.
585 756 667 813 in
711 754 955 814 sacris
1002 749 1531 830 Corybantum
1575 772 1620 835 p
1637 754 1898 814 arrici-

111 855 324 915 dium
381 856 704 929 colitur3
769 873 942 914 nam
987 871 1180 915 unus
1224 853 1476 913 frater
1518 872 1558 914 a
1600 853 1900 915 duobus

112 957 590 1016 interemtus
647 965 767 1015 est
823 964 898 1014 et
952 972 1043 1013 ne
1098 952 1302 1034 quod
1353 951 1742 1015 indicium
1783 974 1901 1015 ne-

114 1074 270 1114 cem
327 1055 733 1116 fraternae
791 1055 1068 1113 mortis
1125 1054 1481 1132 aperiret
1523 1050 1659 1114 sub
1700 1055 1901 1115 radi-

111 1155 329 1215 cibus
378 1154 694 1233 Olympi
735 1154 1029 1212 montis
1073 1170 1114 1211 a
1154 1151 1584 1231 parricidis
1626 1154 1902 1214 fratri-

110 1255 248 1314 bus
294 1271 662 1313 consecra
679 1260 823 1311 tur.
908 1250 1133 1312 Hunc
1176 1250 1505 1313 eundem
1548 1253 1903 1316 Macedo-

107 1373 280 1414 num
324 1353 524 1413 colit
566 1353 820 1413 stulta
861 1354 1312 1434 persuasi03
1355 1354 1478 1414 hic
1522 1364 1639 1416 est
1682 1353 1903 1418 Cabi-

108 1473 241 1515 rus
298 1455 422 1514 cui
476 1452 1236 1516 Thessalonicenses
1292 1474 1385 1535 qu
1403 1454 1679 1517 ondam
1733 1476 1902 1518 cru-

109 1564 291 1615 ento
375 1554 727 1614 cruentis
805 1573 868 1613 m
885 1554 1164 1639 anib-us
1241 1557 1902 1642 supplicaruntffl.

107 1652 397 1714 Clemens
452 1673 585 1714 rem
640 1651 902 1715 eandem
958 1655 1071 1716 sed
1130 1657 1394 1716 cultores
1450 1656 1557 1735 huj
1564 1677 1637 1718 us
1693 1658 1905 1721 Cabiri

108 1755 267 1815 alios
320 1755 513 1814 refert
524 1798 542 1829 ‚
596 1753 872 1815 Thuscos
886 1797 905 1828 ,
961 1757 1028 1814 in
1082 1757 1277 1816 Protr.
1334 1776 1397 1837 p.
1448 1756 1545 1816 16.
1605 1765 1659 1821 εἰ
1700 1762 1902 1831 θέλεις

107 1859 480 1918 ἐποπτεῦσαι
532 1854 640 1917 καὶ
690 1854 772 1918 τοὶ
813 1854 1250 1937 Κορυβάντων
1305 1859 1491 1943 ὄργια
1532 1858 1647 1923 τὸν
1687 1861 1903 1946 τρίτον

107 1954 387 2038 ἀδελφὸν
429 1953 904 2027 ἀποκτείναντες
948 1952 1122 2020 οὗτοι
1162 1957 1280 2038 τὴν
1322 1958 1599 2042 κεφαλὴν
1639 1970 1755 2026 τοῦ
1798 1987 1901 2028 νε-

105 2062 261 2139 κροῦ
306 2055 611 2138 φοινικίδι
652 2055 1128 2141 ἐπεκαλυψάτην
1146 2053 1214 2139 [¹]
1260 2059 1368 2122 καὶ
1409 2059 1746 2144 ἐθαψάτην
1776 2063 1900 2127 ὑπὸ

230 2230 309 2287 [e]
340 2230 555 2286 Hesychii
583 2233 729 2273 notam
757 2230 979 2287 Καβείρια
1009 2227 1140 2287 ἑορτή
1163 2235 1209 2272 et
1232 2224 1685 2276 Thessalonicensium
1715 2247 1901 2289 numum,

110 2289 183 2333 cui
210 2290 451 2347 epigraphe
478 2293 700 2346 Καβείρια
736 2294 781 2332 et
819 2288 973 2332 Cabiri
1010 2289 1148 2345 ipsius
1187 2289 1332 2345 figura
1373 2289 1570 2335 malleum
1580 2323 1595 2345 ,
1636 2298 1686 2335 ut
1712 2293 1902 2348 videtur,

110 2349 325 2404 gestantis
338 2380 351 2401 ,
401 2348 585 2406 protulit
626 2347 940 2391 Gutberlethus
953 2362 967 2400 3
1017 2347 1072 2390 de
1117 2347 1272 2391 malleo
1311 2352 1506 2392 certatur
1541 2351 1804 2396 ferrariusne
1843 2353 1903 2396 sit

111 2422 169 2508 'ain
208 2407 464 2509 {aelxlcrificalis
502 2422 545 2451 v.
588 2407 859 2451 Wernsdorf.
910 2406 1022 2449 Exc.
1064 2407 1162 2450 VII.
1210 2407 1267 2450 ad
1307 2407 1436 2464 Eleg.
1481 2408 1537 2452 de
1585 2409 1675 2467 Spe
1714 2409 1762 2468 p.
1799 2409 1900 2455 518.

226 2549 303 2609 [ἲ]
354 2551 555 2596 Mortuos
584 2553 636 2597 ἐν
664 2552 889 2612 φοινικίδι
917 2548 1071 2607 θάψαι
1113 2565 1198 2594 11011
1228 2551 1438 2610 Spartani
1477 2554 1637 2609 solum,
1683 2563 1732 2599 ut
1775 2557 1902 2602 docet

111 2611 429 2655 Kirchmannus
464 2612 502 2656 I.
545 2613 614 2654 10.
654 2612 731 2655 sed
773 2612 903 2655 etiam
946 2611 1024 2654 alii
1063 2610 1274 2655 solebant.
1343 2612 1522 2656 Servius
1563 2616 1672 2658 Aen.
1712 2616 1791 2658 ΙΙΙ.
1828 2617 1901 2661 65.

113 2671 420 2727 sanguinei
482 2670 702 2714 coloris
771 2675 978 2728 coepta
1036 2676 1126 2713 est
1176 2671 1415 2714 mortuis
1469 2674 1656 2716 vestis
1710 2671 1897 2731 injici.

111 2729 247 2772 Rhesi
276 2743 374 2772 ossa
402 2729 687 2772 Athenienses
720 2733 990 2779 καταθέντες
1019 2729 1065 2780 ἐς
1086 2726 1306 2787 χλαμύδα
1346 2733 1595 2801 πορφυρᾶν
1637 2736 1900 2792 κομίζουσιν

113 2789 191 2832 ἐπὶ
218 2786 300 2833 τὸν
326 2791 394 2832 Στ
425 2784 572 2847 ύμονα
601 2787 808 2846 Polyaen.
836 2788 916 2832 IV.
945 2786 1018 2832 43.
1060 2789 1183 2844 cujus
1221 2788 1353 2831 moris
1389 2788 1534 2845 ignari
1561 2791 1766 2848 mysticas
1795 2807 1901 2850 pur-

112 2860 247 2903 purae
275 2804 614 2904 significationes
643 2847 768 2891 nobis
797 2847 854 2890 ad
883 2862 1031 2891 aurem
1060 2842 1341 2903 obganniunt.
1372 2847 1504 2899 Quod
1532 2849 1712 2908 Sappho
1736 2851 1903 2897 Ledam

114 2905 229 2948 dixit
255 2903 525 2951 ὑακίνθινον
554 2903 705 2965 εὑρεῖν
734 2901 869 2963 ditor,
911 2907 1081 2951 Neuius
1109 2906 1286 2962 Fragm.
1315 2921 1358 2963 p.
1389 2906 1459 2950 55.
1505 2922 1559 2950 ex
1598 2910 1784 2967 mystica
1823 2911 1901 2955 de—

114 2968 326 3021 promtum
353 2979 449 3008 esse
478 2964 678 3010 doctrina
705 2965 883 3019 statuit,
914 2966 1016 3024 quia
1045 2980 1099 3009 ex
1131 2964 1349 3008 Creuzero
1379 2967 1584 3022 cognovit
1610 2969 1656 3011 in
1684 2972 1903 3028 mysteriis

115 3022 258 3066 omnia
296 3037 391 3066 esse
428 3038 661 3082 purpurea.
732 3025 831 3067 Hoc
868 3023 906 3067 si
944 3025 1084 3081 valet,
1128 3024 1431 3080 mysteriorum
1471 3026 1614 3070 nullus
1652 3018 1757 3073 fi'nis
1789 3029 1901 3084 erit3

117 3095 214 3124 nam
245 3095 465 3139 purpurae
492 3097 596 3126 usus
626 3083 835 3128 latissime
874 3084 1035 3142 patuit,
1078 3098 1158 3127 nec
1196 3083 1388 3127 abfuisse
1426 3083 1547 3129 illum
1588 3086 1646 3131 ab
1700 3087 1788 3131 ullo
1827 3102 1901 3132 sa-

117 3154 284 3183 crorum
322 3154 480 3196 genere
528 3143 699 3188 etiamsi
741 3157 864 3187 nemo
906 3148 1099 3187 veterum
1147 3146 1411 3197 testaretur,
1459 3157 1532 3187 res
1570 3143 1668 3204 ipsa
1708 3146 1899 3193 doceret.

117 3197 311 3241 Taenias
339 3213 578 3257 purpureas
607 3202 828 3260 accepisse
866 3202 941 3260 qui
976 3201 1288 3245 Samothraciis
1325 3200 1625 3259 initiarentur,
1663 3205 1900 3263 pervulga--

116 3264 205 3300 tum
236 3262 331 3309 est3
374 3258 634 3304 Plutarchus
663 3262 715 3305 V.
747 3262 883 3305 Phoc.
912 3260 1121 3305 XXVIII.
1153 3263 1361 3305 memorat
1387 3262 1555 3308 taenias
1590 3266 1798 3322 puniceas
1828 3260 1899 3315 αἷς

117 3318 441 3373 περιελίττουσι
468 3315 546 3368 τὰς
572 3319 792 3377 μυστικὰς
828 3323 993 3371 κοίτας.
1053 3318 1316 3363 Sancrucius
1351 3320 1542 3367 nesciens
1581 3338 1733 3367 nomen
1772 3329 1896 3377 κοίτη

118 3375 362 3432 significare
392 3376 543 3421 cistam
586 3377 651 3433 (v.
689 3380 815 3424 Phot.
858 3394 894 3427 s.
935 3375 1181 3432 Λεκάνεις,
1222 3377 1332 3422 Poll.
1371 3377 1425 3424 X.
1468 3379 1593 3439 136.)
1634 3382 1897 3441 interpreta-
