2150 3814
790 223 1354 268 SAMo'rHRAcm.
1814 213 1976 276 1117

175 356 388 438 Itaque
430 358 573 418 hinc
615 354 769 414 nihil
812 353 1080 434 amplius
1139 352 1432 414 discimus
1486 371 1668 434 quam
1716 353 1970 440 Curetes

175 456 254 516 de
322 457 505 537 plebe
574 455 832 515 deorum
890 455 1084 514 fuisse
1143 451 1357 514 affines
1414 451 1724 534 Nymphis
1780 455 1975 517 Fau-

171 559 457 637 nisque
519 556 998 635 Satyrisque
1055 562 1130 614 e't
1185 555 1659 615 monticolis
1697 554 1971 617 Silva-

170 659 307 716 niS.
353 714 362 716 „
397 652 635 716 Clarior
677 657 1047 735 graviorque
1092 664 1185 714 est
1228 654 1597 715 Phoronidis
1632 655 1825 729 locuS,
1871 658 1970 716 cui

171 773 356 836 quum
433 754 836 837 Geographus
904 773 1011 815 eos
1082 756 1258 835 quasi
1315 765 1529 816 contra
1580 765 1809 837 ponat,
1864 759 1969 837 qui

168 843 422 914 Curetes
480 864 646 917 terra
702 865 873 916 ortos
919 865 981 915 et
1023 857 1210 915 scutis
1256 867 1528 917 armatos
1573 856 1969 931 induxerunt,

166 964 228 1013 et
269 973 481 1016 rursus
526 958 684 1017 alios
729 956 894 1017 dicat
938 953 1266 1015 Curetibus
1309 954 1557 1016 Cretam
1604 960 1969 1035 assignasse,

168 1052 625 1132 Corybantibus
695 1057 1061 1134 Phrygiam,
1131 1064 1241 1114 aut
1311 1055 1651 1114 admodum
1694 1058 1970 1117 confuse

161 1154 458 1234 loquutus
504 1166 598 1215 est
642 1165 752 1216 aut
794 1158 861 1216 in
898 1153 1252 1214 Phoronide
1297 1155 1517 1223 harum
1561 1174 1768 1216 rerum
1812 1157 1970 1216 nihil

160 1254 454 1316 traditum
497 1257 756 1318 invenit.
800 1291 887 1301 —
927 1255 1002 1314 In
1033 1254 1426 1332 Theogoniae
1464 1254 1769 1335 Orphicae
1811 1257 1969 1316 rela-

162 1356 331 1414 tione
373 1375 435 1436 p.
482 1353 624 1415 541.
680 1356 862 1435 plura
920 1355 1242 1416 attulimus
1287 1356 1530 1418 Proculi
1589 1358 1967 1432 testimonia,

148 1468 318 1536 quae
361 1457 418 1515 si
461 1455 542 1516 ad
588 1454 910 1537 Orpheum
954 1459 1286 1538 pertinent,
1330 1457 1431 1516 hic
1472 1465 1664 1537 poeta
1709 1455 1965 1518 Curetes

160 1557 464 1616 incertum
550 1576 763 1617 omnes
832 1576 912 1616 an
979 1576 1132 1637 quos
1202 1558 1497 1617 Proculus
1571 1567 1753 1618 vocat
1819 1558 1967 1629 τοὺς

162 1658 550 1740 πρωτίστους
593 1665 951 1741 Κουρῆτας,
998 1677 1036 1717 a
1078 1658 1251 1717 Rhea
1296 1677 1542 1737 quoquo
1588 1656 1781 1717 modo
1819 1661 1967 1737 'pro-

162 1755 379 1818 ductos
425 1769 486 1817 et
531 1766 664 1817 tum
708 1758 891 1835 hujus
938 1757 1093 1817 deae
1140 1767 1272 1816 tum
1317 1755 1495 1816 Jovis
1541 1765 1603 1814 et
1646 1756 1964 1837 Proserpi-

158 1875 279 1916 nae
320 1859 665 1917 ministerio
703 1848 1056 1938 adscriptos
1112 1857 1222 1917 sed
1266 1857 1600 1937 praecipue
1643 1855 1966 1919 Minervae

160 1958 426 2016 sociatos
473 1956 665 2031 dixit,
708 1959 908 2038 iisque
953 1976 1218 2017 coronae
1265 1958 1619 2035 oleagineae
1663 1958 1968 2019 honorem

160 2068 223 2117 et
277 2058 551 2118 saltandi
594 2067 794 2118 artem
840 2077 878 2117 a
912 2057 1040 2124 ,dea
1083 2058 1377 2118 traditam
1424 2058 1736 2134 attribuit3
1800 2059 1969 2140 quod

161 2159 312 2218 satis
371 2167 605 2218 certum
662 2169 755 2218 est
808 2158 1153 2217 saltationis
1210 2158 1580 2236 bellicrepae
1623 2158 1701 2218 ab
1747 2154 1966 2220 eadem

166 2257 285 2318 dea
325 2258 648 2318 Dioscuris
709 2267 1239 2338 praemonstratae
1283 2257 1602 2317 indicium.
1688 2258 1813 2319 Hic
1854 2261 1967 2338 igi-

163 2369 266 2418 tur
308 2369 500 2439 poeta
543 2360 598 2418 si
641 2358 790 2438 quid
834 2358 912 2417 de
939 2356 1234 2418 Curetum
1266 2357 1582 2418 domicilio
1626 2361 1965 2434 constituit,

165 2456 411 2519 Cretam
456 2460 847 2519 constituisse
890 2458 1156 2519 videtur.
1243 2457 1368 2517 Sed
1418 2460 1743 2539 perspicue
1787 2460 1963 2520 Plato

163 2559 344 2638 Legg.
399 2559 531 2619 VH.
587 2559 732 2619 796.
790 2559 858 2618 Β.
918 2556 1214 2618 Curetum
1273 2557 1526 2622 ἐνόπλια
1579 2559 1840 2645 παίγνια
1896 2562 1965 2620 in

166 2655 350 2720 Creta
424 2670 485 2718 et
539 2659 984 2719 Dioscurorum
1039 2661 1105 2718 in
1161 2659 1466 2719 Laconica
1524 2661 1846 2738 componit
1903 2670 1966 2719 et

163 2759 495 2841 Euripides
565 2760 750 2820 choro
822 2757 1239 2834 Cretensium,
1308 2779 1490 2839 quem
1552 2757 1700 2820 Jovi
1755 2759 1964 2835 Idaeo,

165 2859 352 2920 Matri
394 2870 727 2921 montanae
772 2871 833 2920 et
876 2861 1106 2939 Zagreo
1152 2862 1466 2919 initiatum
1511 2858 1767 2932 inducit,
1811 2859 1965 2919 haec

170 2959 360 3020 verba
400 2962 622 3034 tribuit
665 2962 789 3025 Καὶ
828 2961 1170 3045 Κουρήτων
1213 2959 1449 3043 βάκχος
1478 2958 1750 3040 ἐκλήθην
1777 2960 1962 3023 ὁσιω-

174 3059 336 3133 θείς,
383 3058 674 3124 Curetum
720 3063 1018 3123 thiasotas
1063 3063 1423 3139 significans.
1497 3058 1581 3119 Et
1622 3060 1858 3140 pariter
1897 3062 1964 3119 in

170 3158 419 3220 foedere
474 3162 793 3223 Latiorum
852 3173 915 3222 et
973 3161 1364 3222 Olontiorum
1413 3156 1707 3219 Chishull.
1752 3158 1964 3240 Antiq.

172 3259 277 3319 As,
332 3280 393 3339 p.
442 3261 578 3322 133.
629 3265 811 3341 Juxta
865 3284 1003 3324 cum
1066 3264 1204 3323 aliis
1268 3258 1652 3320 Cretensium
1694 3259 1964 3346 numini·
2067 3301 2076 3311 .

174 3358 288 3418 bus
333 3361 724 3424 invocantur:
780 3363 996 3448 ὀμνύω
1055 3373 1231 3443 Ζῆνα
1285 3366 1581 3426 Δικταῖον
1624 3360 1730 3424 καὶ
1755 3360 1962 3442 ‘'Hoocv

258 3461 317 3511 ΙΙ.
1541 3462 1626 3520 22
