2150 3814
0 891 3 952 ἱ

762 228 1297 274 SAMOTHRACIA.
1762 220 1923 280 1163

150 364 544 446 Τέρπανδρος
565 362 600 431 ὁ
626 362 1030 440 Λαρισσαῖος.
1076 355 1356 420 Tertium
1383 369 1516 419 erat
1543 362 1769 421 artium
1796 381 1926 423 ma-

143 466 413 542 gicarum
451 459 742 530 studium,
787 458 960 535 cujus
1001 458 1162 518 ratio
1189 460 1395 520 minus
1424 470 1675 542 promta
1699 460 1810 520 sed
1836 471 1928 522 te-

144 574 267 623 stes
304 561 626 621 certissimi
663 567 839 632 sunt,
882 557 1242 619 Hellanicus
1283 571 1346 620 et
1379 559 1781 637 Pherecydes,
1824 564 1930 642 qui

141 662 545 738 Dactylorum
583 653 742 719 alios
769 660 1075 721 veneficos
1102 678 1255 733 esse,
1300 661 1456 722 alios
1483 662 1779 724 veneficia
1805 663 1927 723 sol-

142 781 286 823 vere
313 761 701 821 consentiunt
727 755 803 840 [f]
851 778 965 819 nec
999 759 1288 838 ignobilis
1327 771 1544 821 auctor
1565 762 1929 823 Plutarchus

142 861 210 923 V.
259 861 440 922 Num.
483 861 620 922 XV.
664 864 1135 947 μυθολογοῦσιν
1180 867 1265 932 εἰς
1288 863 1402 925 τὸν
1438 863 1792 945 Ἀβεντῖνον
1824 863 1929 928 26-

138 987 265 1046 φον
296 971 526 1047 φοιτᾷν
567 960 686 1026 δύο
729 961 1059 1043 δαίμονας,
1104 966 1319 1025 Πῖκον
1361 963 1467 1024 καὶ
1487 969 1775 1038 Φαῦνον,
1820 966 1930 1036 οὓς

136 1065 218 1126 τοὶ
256 1063 375 1145 μὲν
412 1067 568 1127 ἄλλα
593 1060 912 1144 Σατύρων
950 1063 1034 1123 ἄν
1056 1084 1150 1129 τις
1171 1060 1212 1138 ἢ
1246 1060 1542 1133 Τιτάνων
1556 1063 1720 1147 γένει
1743 1089 1930 1147 προς-

136 1163 425 1237 εικάσειε,
481 1161 750 1244 δυνάμει
803 1160 874 1224 δὲ
919 1158 1274 1243 φαρμάκων
1320 1160 1427 1222 καὶ
1470 1160 1779 1242 δεινότητι
1818 1172 1928 1244 τῆς

136 1265 274 1345 περὶ
315 1264 395 1326 τὰ
437 1267 588 1325 θεῖα
630 1261 912 1348 γοητείας
956 1263 1239 1348 λέγονται
1278 1261 1481 1324 ταύτὰ
1518 1269 1649 1334 τοῖς
1685 1263 1930 1336 Ἰδαίοις

135 1362 478 1433 Δακτύλοις
547 1361 964 1446 σοφιζόμενοι.
1065 1360 1278 1443 Neque
1341 1360 1421 1422 ob
1483 1363 1657 1424 aliud
1721 1365 1929 1426 litera-

132 1484 273 1525 rum
302 1465 717 1544 Ephesiarum
759 1465 1118 1525 inventores
1144 1461 1594 1544 praedicantur.
1641 1462 1929 1527 Clemens

138 1566 363 1626 Strum-
424 1566 470 1624 I.
527 1565 670 1625 360.
725 1565 887 1635 τινὲς
938 1573 1073 1627 τών
1115 1564 1365 1628 Ἰδαίων
1419 1564 1766 1631 Δακτύλων
1823 1589 1930 1631 σο-

137 1666 296 1751 φούς
348 1692 524 1736 τινας
567 1663 852 1748 πρώτους
893 1667 1191 1750 γενέσθαι
1235 1667 1554 1751 λέγουσιν,
1610 1673 1698 1737 εἷς
1741 1669 1850 1738 οὓς
1891 1669 1931 1748 ἥ

134 1794 199 1830 τε
241 1777 372 1831 τῶν
411 1766 707 1850 Ἐφεσίων
749 1768 1099 1852 λεγομένων
1130 1765 1526 1851 γραμμάτων
1558 1767 1667 1828 καὶ
1697 1767 1735 1847 ἢ
1768 1768 1930 1830 κατὰ

130 1867 439 1950 ’μουσικὴν
495 1867 733 1951 εὕρεσις
783 1870 1056 1947 ῥυθμῶν
1114 1868 1493 1949 ἀναφέρεται
1547 1866 1637 1928 δι’
1692 1867 1774 1946 ἢν
1830 1873 1930 1930 αἶ-

132 1969 279 2033 τίαν
332 1971 391 2031 οἱ
443 1968 616 2051 παρὰ
669 1973 799 2037 τοῖς
840 1973 1163 2048 μουσικοῖς
1207 1965 1505 2030 δάκτυλοι
1545 1967 1663 2047 τὴν
1703 1993 1949 2052 προςη-.

137 2071 361 2156 γορίαν
417 2070 731 2152 εἰλήφασι·
781 2066 1046 2153 ,Φρύγες
1090 2067 1158 2130 δὲ
1202 2066 1364 2147 ἦσαν
1409 2070 1468 2128 οἱ
1503 2067 1717 2130 Ἰδαῖοι
1757 2068 1930 2132 Λάκ-
2027 2132 2029 2134 ,

133 2179 325 2234 τυλοι.
411 2170 486 2229 In
537 2187 794 2229 numero
850 2186 1080 2227 vocum
1137 2167 1550 2247 Ephesiarum
1607 2187 1757 2248 quas
1801 2169 1930 2230 He-

135 2271 382 2348 sychius
439 2269 708 2350 profert,
775 2286 967 2327 unum
1026 2276 1120 2326 est
1173 2285 1405 2326 nomen
1459 2268 1931 2351 Δαμναμενεύς,

135 2371 302 2452 quod
344 2372 452 2431 ille
493 2373 660 2451 ἥλιος
701 2372 1162 2449 interpretatur,
1207 2368 1317 2427 sed
1359 2367 1528 2427 idem
1559 2371 1668 2428 uni
1697 2370 1931 2449 Dacty-

135 2473 351 2531 lorum-
392 2471 713 2548 tribuitur,
768 2489 967 2549 nequ-e
1023 2469 1383 2530 incredibile
1427 2468 1707 2553 viffetun
1771 2481 1931 2533 cete-

134 2591 344 2633 rorum
389 2590 635 2652 quoque
677 2570 984 2632 vocabula
1027 2571 1222 2631 literis
1265 2570 1424 2644 illis,
1469 2589 1622 2651 quas
1665 2572 1774 2632 alii
1817 2574 1931 2634 ali-

136 2684 229 2733 ter
269 2674 575 2747 referunt,
620 2671 934 2753 adscripta
976 2672 1169 2732 fuisse
1187 2672 1278 2752 [gJ.
1376 2671 1495 2730 Par
1540 2682 1702 2731 certe
1745 2675 1930 2734 utris-

138 2793 254 2853 que
297 2776 394 2836 vis
439 2773 521 2833 ad
565 2773 732 2835 mala
773 2771 1212 2854 propulsanda.
1299 2770 1580 2851 Namque
1622 2771 1809 2852 Magi,
1861 2784 1931 2835 ut

140 2871 496 2935 Plutarchus
554 2874 732 2949 dicit,
790 2874 1005 2954 Symp.
1062 2872 1192 2931 vll.
1252 2868 1309 2930 5.
1365 2873 1513 2942 τοὺς
1568 2873 1930 2956 δαιμονιζο-

141 2973 365 3053 μένους
415 2974 730 3039 κελεύουσι
784 2976 864 3038 τὰ
909 2977 1155 3058 Ἐφέσια
1209 2971 1554 3059 γράμματα
1613 2976 1768 3057 πρὸς
1813 2978 1930 3041 αὗ-

144 3074 290 3144 τοὺς
347 3075 538 3160 λέγειν
593 3076 701 3139 καὶ
755 3074 1222 3158 κατονομάζειν.
1280 3071 1567 3154 idemque
1620 3074 1721 3135 De
1762 3077 1924 3139 Prof.

145 3172 296 3233 Virt.
320 3185 595 3257 -sent.·p.
641 3177 784 3238 266.
830 3176 900 3236 Τ.
927 3175 1060 3237 vll.
1104 3176 1355 3235 illorum
1399 3175 1752 3238 nominibus
1781 3197 1927 3261 prc-

262 3343 311 3398 [f
319 3346 335 3400 J
391 3345 457 3387 De
488 3347 800 3402 significatione
830 3351 952 3394 verbi
983 3345 1194 3393 ἀναλύειν
1224 3364 1354 3407 supra
1385 3350 1545 3396 dictum
1574 3367 1616 3411 p.
1648 3354 1747 3399 644.

267 3404 339 3458 [ε]
388 3403 484 3447 Vid.
515 3404 724 3463 Epimetr.
756 3409 791 3449 Ι.
