2150 3814
811 194 1264 240 oRPHICA.
1799 188 1926 249 907

148 340 352 392 rotam
370 332 438 411 [⁶]
463 337 527 390 et
547 326 910 403 vertiginem
925 318 1000 407 [ἃ]
1035 322 1591 404 repraesentabant,
1617 343 1808 407 eoque
1830 351 1924 390 re-

151 452 318 510 gem,
375 439 445 489 ut
476 428 879 488 Philostratus
909 426 1026 498 ait,
1076 423 1702 486 commonefaciebant
1734 429 1806 491 τὸ
1840 432 1926 511 μὴ

154 531 307 612 ὑπὲρ
347 525 725 612 ἀνθρώπους
760 529 1078 609 αἴρεσθαι,
1116 523 1184 583 id
1215 523 1386 604 quod
1405 525 1739 586 Sesostridi
1769 546 1924 587 unus

152 638 411 710 quatuor
450 627 799 705 regulorum
816 670 834 700 ‚
878 643 1031 705 quos
1065 642 1182 704 pro
1215 626 1510 703 jumentis
1545 630 1747 688 currui
1785 628 1927 688 sub-

144 731 388 807 junctos
421 727 686 788 habebat
729 725 942 808 (Diod.
982 727 1030 785 I.
1075 722 1201 803 58.)
1247 727 1316 785 in
1358 728 1631 787 animum
1676 737 1926 790 revoca-

150 830 247 890 vit
321 837 598 888 rotarum
682 828 1212 888 circumactionem
1290 829 1581 887 attentius
1662 841 1930 889 contem-

148 927 409 1008 plando:
451 935 656 1010 τροχῷ
696 927 820 1013 γὰρ
863 926 1204 1006 κυλιομένῳ
1245 925 1324 986 τοὶ
1370 926 1739 1010 ἀνθρώπεια
1775 932 1928 992 ἔοικε

151 1027 436 1088 Menand.
477 1027 641 1088 Hist.
682 1045 743 1105 p.
793 1025 931 1084 138.
975 1021 1159 1103 C.[⁶].
1245 1021 1429 1095 Quod
1473 1036 1679 1086 autem
1724 1029 1931 1087 circuli

152 1129 245 1187 illi
300 1128 519 1204 magici
571 1126 729 1202 regis
787 1122 979 1181 oculis
1047 1120 1306 1183 eandem
1358 1125 1687 1202 imaginem
1743 1127 1932 1209 subji-

154 1225 427 1299 ciebant,
471 1242 734 1302 eumque
777 1219 1118 1281 modestiae
1163 1225 1337 1300 quasi
1381 1223 1678 1286 divinitus
1717 1225 1930 1285 admo-

151 1323 408 1399 nebant,
468 1332 799 1404 propterea
853 1328 1129 1406 γλῶσσαι
1183 1325 1358 1386 θεῶν
1412 1314 1821 1402 vocabantur3
1863 1328 1931 1385 in

153 1443 272 1504 quo
334 1441 544 1484 rursus
600 1432 764 1481 errat
820 1408 1134 1492 OleariuS,
1206 1417 1657 1485 Chaldaeorum
1710 1427 1931 1505 Iynges

152 1542 506 1602 suggerenS,
553 1540 708 1603 quae
750 1520 904 1581 nihil
949 1518 1120 1587 aliud
1162 1531 1305 1580 sunt
1348 1542 1531 1602 quam
1573 1524 1751 1585 ideae
1792 1527 1931 1587 Pla-

152 1626 391 1684 tonicae
434 1640 722 1703 perverse
765 1629 1067 1700 acceptae.
1138 1620 1458 1682 Postremo
1501 1643 1580 1682 ne
1622 1624 1788 1704 quod
1829 1645 1933 1685 ne-

152 1725 452 1803 gligamus
521 1722 893 1801 quaestionis
955 1722 1420 1780 obscurissimae
1487 1722 1931 1800 adjumentum,

152 1834 326 1883 rotae
380 1821 581 1882 simile
621 1818 973 1896 symbolum
1018 1820 1318 1881 scalarum
1361 1822 1497 1881 loco
1541 1841 1715 1883 sacro
1763 1823 1935 1884 dedi-

155 1932 354 1983 catum
387 1927 691 1981 memorat
730 1918 1026 1981 Aelianus
1070 1920 1143 1981 V.
1187 1920 1268 1981 H.
1312 1922 1388 1980 II.
1433 1922 1533 1982 29.
1594 1922 1931 2000 Πίττακος,

152 2027 219 2089 ἐν
273 2018 606 2102 Μιτυλήνῃ
660 2020 1063 2085 κατεσκεύασε
1115 2028 1244 2093 τοῖς
1299 2024 1484 2106 ἱεροῖς
1535 2023 1803 2108 κλίμακα
1846 2032 1932 2097 εἷς

155 2121 453 2205 οὐδεμίαν
521 2119 638 2203 μὲν
698 2129 925 2204 χρῆσιν
978 2120 1350 2202 ἐπιτήδειον,
1409 2123 1562 2186 αὐτὸ
1618 2124 1688 2187 δὲ
1746 2134 1931 2190 τοῦτο

154 2221 461 2304 ἀνάθημα
518 2219 677 2283 εἶναι
689 2266 709 2293 ,
769 2219 1187 2304 αἰνιττόμενος
1240 2222 1356 2285 τὴν
1397 2226 1463 2285 ἐκ
1503 2230 1610 2303 τῆς
1654 2226 1787 2288 ἄνω
1829 2228 1936 2290 καὶ

154 2320 323 2386 κάτω
365 2317 773 2403 μετάπτωσιν·
821 2320 1165 2399 cujusmodi
1207 2322 1399 2382 scalas
1443 2323 1756 2384 Passerius
1785 2326 1933 2386 Pict.

154 2423 390 2481 Etrusc.
435 2419 504 2479 T.
547 2419 594 2478 I.
636 2439 699 2499 p.
739 2420 800 2479 7.
842 2422 909 2479 in
951 2419 1228 2501 pluribus
1274 2422 1442 2481 vasis
1481 2441 1798 2503 expressas
1822 2446 1934 2506 pu-

156 2530 278 2594 tat,
333 2520 743 2599 feminamque
783 2521 1138 2599 scaligeram
1180 2520 1522 2582 Fortunam
1573 2524 1937 2606 interpreta-

159 2631 274 2680 tur.
318 2618 597 2680 Eandem
634 2621 886 2699 figuram
917 2617 982 2682 in
1008 2619 1381 2682 Tischbeinii
1424 2624 1752 2704 sculpturis
1793 2627 1935 2706 plus

157 2720 347 2782 semel
403 2719 676 2781 exhiberi
734 2729 795 2780 et
848 2720 926 2782 ab
981 2721 1415 2803 interpretibus
1472 2722 1553 2782 ad
1612 2728 1935 2801 mysterio-

156 2841 292 2882 rum
347 2819 569 2899 gradus
622 2820 867 2895 referri,
921 2824 986 2882 in
1043 2821 1556 2904 Ephemeridibus
1626 2825 1933 2905 Goetting.

275 3006 347 3062 [θ]
392 3005 487 3050 eie.
520 3021 557 3053 c.
588 3006 731 3050 Pison.
762 3023 799 3050 c.
830 3008 884 3051 X.

277 3081 339 3141 [ὖ]
380 3086 539 3131 Auson.
578 3087 796 3134 Parental.
835 3087 977 3132 XXII.
1005 3104 1048 3146 p.
1079 3090 1148 3133 81.
1202 3089 1508 3150 Τροχηλασίην
1547 3092 1765 3145 παντοίην
1805 3096 1933 3134 vocat

167 3141 451 3199 Hippocrates
480 3145 564 3203 Ep.
596 3145 652 3189 ad
680 3146 862 3203 Damag.
891 3162 934 3205 p.
964 3146 1065 3192 922.
1094 3149 1220 3192 Lind.

283 3222 345 3279 [e]
387 3224 505 3267 Idem
535 3225 589 3268 de
616 3225 761 3269 multis
789 3226 888 3269 aliis
917 3232 1158 3280 narratum,
1203 3243 1230 3270 a
1270 3227 1491 3270 Constant.
1531 3228 1800 3286 Porphyrog.
1842 3230 1931 3272 Ad-

171 3292 277 3321 mon.
307 3295 349 3336 p.
378 3283 447 3326 89.
475 3284 529 3327 B.
568 3284 898 3343 Theophylacto
927 3286 1042 3330 Hist.
1061 3287 1138 3329 VI.
1170 3285 1237 3328 11.
1270 3285 1337 3328 16.
1394 3285 1640 3344 Nicephoro
1670 3292 1716 3331 et
1744 3288 1931 3337 Zonara,

172 3351 278 3390 quon
307 3339 413 3383 citat
441 3342 675 3386 Gatacker.
706 3343 888 3387 Miscell.
918 3343 994 3389 IX.
1026 3345 1081 3388 ad
1111 3347 1263 3389 Anton.
1293 3343 1364 3398 27,
1394 3344 1492 3388 257.
