2150 3814
740 214 1297 265 SAMOTHRA'CIA.
1743 203 1908 267 1157

131 354 314 434 plura
357 372 396 413 a
438 352 706 414 diversis>
742 346 1094 408 auctoribus
1138 346 1411 426 subjecta
1453 355 1598 406 sunt
1626 351 1911 410 carmina.

131 454 192 513 Is
247 451 494 534 quidem
551 437 653 531 (jui
710 449 1130 528 Theogoniam
1171 445 1481 520 condidit,
1521 445 1648 506 ubi
1692 445 1914 534 ,Iovem

132 555 199 612 in
256 550 438 612 Creta
491 560 704 610 natum
766 557 830 607 et
873 549 1065 608 altum
1108 548 1322 608 multis
1368 546 1646 608 versibus
1688 557 1917 621 narrat,

134 652 488 712 educatores
532 651 666 728 ejus
692 649 993 726 Dactylos
1037 649 1282 709 silentio
1327 649 1769 729 praetermittit
1810 667 1918 709 ve-

132 753 227 810 lut
277 752 538 828 ignotos.
624 750 709 810 Et
761 751 1086 830 perspicue
1140 767 1248 809 eos
1304 750 1604 828 Phrygiae
1646 747 1921 811 vindicat

132 848 502 910 Phoronidis
547 852 810 931 scriptor
854 849 1055 910 Schol.
1100 850 1218 930 Ap.
1264 851 1309 908 Ι.
1361 850 1541 909 1126.

1138 961 1310 1015 ’‘Er-90⁶
1344 961 1524 1031 γόητες

269 1048 443 1102 Ἰδαῖοι
484 1046 683 1120 Φρύγες
717 1048 903 1118 ἄνδρες
937 1047 1196 1123 ὀρέστεροι
1235 1045 1358 1100 οῗκί’
1396 1045 1579 1098 ἔναιον.

271 1135 468 1201 Κέλμις
502 1130 873 1207 Δαμναμενεύς
906 1153 960 1185 τε
996 1131 1156 1201 μέγας
1189 1131 1275 1183 καὶ
1309 1127 1553 1200 ὕπὲρβιος
1574 1128 1800 1196 Ἄκμων,

271 1217 556 1286 εὗπάλαμοι
591 1215 910 1288 θεράποντες
946 1215 1116 1286 ὀρείης
1140 1214 1491 1285 Ἀδρηστείης,

271 1304 329 1354 οἳ
356 1308 550 1372 πρῶτοι
585 1303 766 1371 τέχνην
799 1297 1117 1370 πολυμήτιος
1145 1298 1461 1373 εἩφαίστοιο

275 1379 424 1458 εὗρον
459 1389 512 1440 ἓν
547 1387 772 1458 οὗρείῃσι
807 1384 995 1449 νάπαις
1011 1428 1028 1454 ,
1067 1383 1238 1440 ἰόεντα
1273 1387 1504 1457 σίδηρον,

272 1474 344 1535 εἰς
379 1478 479 1544 πῦρ
517 1472 558 1524 τ’
596 1471 811 1549 ἤνεγκαν
846 1477 930 1526 καὶ
968 1473 1239 1543 ἀριπρεπές
1272 1471 1418 1543 ἴργον
1453 1471 1752 1543 ἔτευξαν[”].

47 1656 50 1669 .
132 1594 245 1647 nec
287 1588 490 1647 minus
537 1588 698 1647 clare
749 1587 1108 1670 Sophocles,
1151 1598 1222 1647 ut
1265 1586 1490 1647 Strabo
1534 1589 1654 1662 ait,
1698 1589 1928 1660 αὐτοὺς

137 1686 402 1774 Φρύγας
443 1694 619 1752 καλεῖ
656 1692 726 1752 ἐν
768 1695 1023 1772 Κωφοῖς
1067 1686 1385 1772 Σατύροις
1428 1689 1670 1766 Fragm.
1697 1708 1758 1768 p.
1782 1687 1927 1748 629.

133 1786 397 1846 Brunck.
475 1787 602 1847 Sed
658 1786 876 1848 Cretae
931 1790 1307 1868 patrocinari
1361 1787 1613 1849 videtur
1670 1787 1930 1847 Stesim-

134 1886 364 1947 brotus-
395 1889 462 1947 in
507 1887 709 1947 Schol.
753 1887 872 1968 Ap.
918 1888 956 1947 l.
1004 1909 1050 1951 c.
1097 1890 1192 1952 ὅτι
1236 1887 1455 1971 νύμφη
1497 1914 1591 1958 τις
1641 1887 1930 1959 Οἰαξίδος

133 1995 249 2073 γῆς
312 1987 669 2070 δραξαμένη
725 1989 873 2059 τοὺς
926 1988 1190 2059 Ἰδαίους
1251 1986 1612 2059 Δακτύλους
1666 1987 1932 2070 ἐποίησε,

134 2087 305 2172 παρὰ
365 2087 854 2172 Στησιμβρότου
910 2094 1152 2171 εἴληφε,
1210 2091 1316 2152 καὶ
1373 2090 1468 2152 ὅτι
1511 2089 1620 2152 διὰ
1663 2091 1736 2152 τὸ
1781 2095 1933 2171 ῥυῆ-

136 2211 246 2250 ναι
303 2189 533 2259 αὐτοὺς
564 2189 695 2252 διὰ
755 2197 884 2252 τῶν
921 2197 1153 2271 χειρῶν
1198 2188 1513 2252 Δάκτυλοι
1556 2187 1932 2269 ἐκλήθησαν.

139 2286 370 2347 Verum
423 2289 565 2347 hinc
620 2289 794 2348 velut
849 2308 1108 2348 examen
1153 2287 1465 2369 quoddam
1511 2291 1933 2370 suspicionum

140 2397 204 2447 et
258 2387 716 2449 dubitationum
761 2391 1061 2469 erumpit,
1117 2409 1376 2470 quarum
1423 2389 1595 2449 nulla
1637 2392 1790 2450 satis
1835 2409 1935 2450 ex—

135 2488 355 2568 plicari
397 2497 621 2569 potest.
711 2490 984 2549 Primum
1031 2489 1550 2568 Scholiographus
1593 2490 1701 2550 ille
1744 2490 1938 2571 Apol-

138 2587 293 2648 lonii
335 2607 552 2650 versus

283 2700 547 2755 Δάκτυλοι
576 2679 754 2756 Ἰδαῖοι
792 2705 1106 2775 Κρηταιέες,
1147 2705 1235 2766 οὓς
1271 2725 1392 2757 ποτε
1430 2704 1612 2774 νύμφη

274 2786 512 2857 Ἀγχιάλη
549 2790 799 2842 Δικταῖον
833 2789 933 2843 ἀνὰ
970 2790 1125 2851 σπέος
1161 2789 1483 2861 ἀμφοτέρῃσι

282 2874 575 2943 δραξαμένη
610 2876 759 2944 γαίης
800 2877 1040 2938 Οῗαξίδος
1077 2873 1377 2943 ἐβλάστησε.

150 3026 327 3071 Animm.
357 3030 410 3072 ad
442 3030 614 3075 Coluth.
645 3033 682 3077 1.
714 3009 758 3090 p.
791 3032 860 3075 65.
923 3009 1014 3076 Sed*
1042 3048 1164 3076 error
1203 3033 1422 3090 antiquior
1453 3039 1533 3077 est.
1594 3032 1781 3077 Tacitus
1821 3031 1937 3076 Hist.

150 3085 205 3128 V.
235 3085 277 3129 4.
316 3089 536 3145 septimum
566 3091 676 3134 diem
707 3092 886 3135 Judaeis
915 3094 1164 3149 religiosum
1195 3107 1290 3135 esse
1320 3093 1471 3145 docet,
1515 3093 1601 3149 pri
1619 3092 1815 3148 ncipia
1852 3105 1939 3136 re-

154 3144 393 3200 ligionis
447 3149 818 3193 tradentibus
876 3151 1097 3201 Idaeis„
1157 3166 1294 3207 quos
1345 3166 1460 3194 cum
1514 3153 1765 3194 Saturno
1811 3151 1939 3208 pul-

154 3216 246 3244 sos
285 3212 338 3247 et
376 3206 702 3251 conditores
735 3210 928 3266 gentis
967 3211 1304 3266 accepimus.
1827 3214 1832 3220 ’

271 3261 352 3318 [b]
403 3265 621 3310 Hoeckius
661 3268 781 3314 Cret.
815 3269 872 3312 T.
905 3270 939 3312 Ι.
973 3268 1043 3311 55.
1090 3270 1170 3311 hoc
1202 3276 1378 3312 auctore
1402 3270 1590 3312 affirmat
1622 3268 1940 3324 antiquissimos

159 3319 318 3362 Cretae
348 3321 508 3366 incolas
537 3338 564 3367 a
592 3326 788 3386 Phrygia
820 3328 1111 3384 immigrasse:
1156 3329 1276 3383 cujus
1308 3330 1368 3371 rei
1402 3329 1514 3371 nulla
1549 3336 1616 3371 est
1645 3329 1687 3369 in
1729 3327 1812 3370 inis
1844 3339 1941 3368 ver—

158 3377 276 3420 sibus
307 3379 577 3435 significatio.
