2150 3814
251 197 418 260 1234
807 208 1043 253 menn
1085 205 1450 251 TERTIUS.

244 344 580 403 Dioscuros
645 338 982 418 principem
1052 335 1389 400 obtinuisse
1454 334 1688 406 locum,
1758 350 2015 412 quorum

246 460 474 502 numen
532 447 745 497 cuncta
800 436 1086 496 adoravit
1143 435 1426 508 Graecia3
1482 433 1590 493 sed
1633 433 1808 493 fuere
1847 450 2020 513 peae-

249 554 416 602 terea
471 538 651 597 multi
707 534 1108 613 municipales
1166 543 1226 591 et
1277 535 1479 595 vicani
1522 536 1682 612 genii
1724 534 1851 592 suis
1896 534 2024 611 qui-

251 661 366 721 que
408 640 559 697 locis
604 635 1005 705 venerabiles,
1051 634 1273 691 exteris
1316 634 1508 711 ignoti
1542 653 1736 713 eoque
1768 633 2026 690 notitiae

252 748 499 798 nostrae
558 735 866 794 subtracti.
953 731 1089 805 Quo
1146 733 1363 794 referri
1404 743 1663 813 possunt
1704 750 1856 811 quos
1899 729 2027 790 He-

253 840 500 916 sychius
572 834 955 895 subnotavit:
1032 832 1364 903 Γαθιάὸας
1416 833 1614 915 ἥρωος
1671 834 1904 911 ὄνομα,
1961 831 2029 899 ὃς

250 939 397 1008 τοὺς
439 933 946 1019 καταφεύγοντας
989 939 1072 1003 εἷς
1117 934 1312 997 αὐτὸν
1355 931 1561 1013 ῥύεται
1607 935 1672 994 ἐκ
1703 929 2028 1008 θαλάσσης

252 1037 679 1100 -Ἀλκεῖὸαι
720 1033 863 1097 θεοί
901 1057 1063 1103 τινες
1104 1034 1275 1116 παρὰ
1296 1031 1838 1114 Λακεδαιμονίοις,
1882 1046 2030 1108 quo·
2108 1042 2117 1050 “

256 1136 443 1196 modo
500 1135 796 1196 Hercules
853 1152 1097 1213 quoque
1150 1135 1506 1193 nominatus
1575 1141 1669 1192 est
1714 1129 2034 1208 Ἀλκείδης

232 1235 482 1315 (Suid.)
538 1271 622 1281 -—
678 1231 1028 1317 Δριιόὸονες
1098 1233 1239 1294 θεοὶ
1289 1233 1458 1316 παρὰ
1516 1229 2036 1312 Λακεδαιμθτ-ῑίῦις

252 1334 589 1416 τιμώμενοι
645 1370 728 1378 -
783 1331 953 1411 quod
1006 1349 1233 1389 nomen
1286 1333 1343 1389 si-
1397 1351 1437 1396 a
1489 1331 1626 1413 ὃρίς
1678 1332 1718 1390 i.
1763 1350 1814 1389 e.
1859 1326 2034 1409 ἶὸχύς

256 1433 508 1492 ductum
554 1442 675 1505 est,
719 1430 1316 1508 significantunsffsoz
1356 1429 1648 1502 δυνατοί,
1695 1428 1864 1490 divi
1907 1445 2036 1507 p-o-

254 1545 402 1605 tes‚
461 1533 578 1592 hoc
634 1539 728 1590 est
784 1530 876 1589 dii>
929 1540 1407 1589 conservatores.
1494 1529 1577 1587 Et
1617 1528 1759 1587 huic
1802 1527 2041 1588 muneri

256 1634 588 1714 praecipue
617 1633 764 1712 vapti
805 1629 1205 1689 credebantur
1239 1633 1629 1708 superiorum
1664 1627 1919 1688 deorum
1946 1645 2041 1686 as-

261 1751 528 1792 sessores
587 1743 648 1791 et
701 1733 996 1804 ministri,
1053 1749 1208 1810 quos.
1263 1729 1603 1788 famulos
1658 1724 2042 1789 dives-no·-

257 1835 526 1892 min-atos
580 1842 761 1912 putat
813 1831 1117 1890 Marinius
1173 1829 1257 1896 ad
1306 1829 1488 1888 Inscr.
1532 1828 1742 1889 Arval.
1787 1826 2040 1888 XXXn.

260 1952 321 2012 p.
368 1933 510 1990 372.
569 1932 790 1990 Festus
847 1950 908 2010 p.
968 1930 1067 1989 28.
1126 1930 1501 1989 annulare
1561 1930 2044 2000 ministrare,

260 2051 349 2093 ex
392 2049 539 2109 quo
585 2031 698 2090 dii
743 2049 1052 2110 quoqu-e
1093 2042 1179 2088 ac‘
1218 2028 1405 2087 deae
1450 2028 1812 2087 feruntur
1863 2027 2042 2101 coli,

260 2130 539 2209 quibus
607 2132 921 2189 nomina
988 2137 1169 2187 sunt
1236 2128 1502 2186 anculi
1565 2136 1639 2184 et
1697 2128 2042 2210 anculae.

263 2227 508 2309 Quippe
538 2231 735 2289 tenuit
760 2231 970 2309 opinio
999 2245 1492 2309 unumquemque
1517 2227 1884 2286 coelestium*
1901 2238 2048 2286 suos

259 2330 485 2388 habere
528 2331 858 2403 satelliteS‚
922 2331 1098 2408 eique
1141 2346 1399 2398 numero
1442 2327 1804 2407 plerumque
1846 2329 1898 2386 ii
1937 2326 2045 2385 ad-

262 2430 478 2507 scripti
535 2430 640 2507 qui
697 2449 883 2506 quum
944 2432 1231 2490 viverent
1285 2428 1386 2486 dei
1431 2427 1692 2504 alicujus
1732 2444 1904 2484 sacra
1947 2445 2046 2485 cu-

262 2536 498 2586 rassent
553 2539 660 2587 aut
716 2530 947 2607 alioqui
1003 2529 1283 2589 favor-em
1350 2526 1808 2586 demeruissent.
1908 2524 2048 2585 Hoc

256 2629 391 2705 jam
435 2627 757 2688 videamus
801 2626 947 2706 quid
1005 2626 1086 2685 ad
1140 2637 1525 2706 praesentem
1579 2642 1825 2685 causam
1882 2640 2046 2684 com-'—

262 2724 438 2786 modi
491 2727 720 2785 afferat.
780 2727 1002 2786 Strabo
1051 2747 1106 2806 p.
1156 2724 1291 2785 154.
1381 2724 1685 2800 Curetes··‚>
1725 2726 2042 2801 Dactylos,

266 2824 543 2886 Cabirus·
577 2829 979 2886 communiter
1033 2835 1218 2887 vocat
1271 2826 1576 2909 δαίμονας
1618 2828 1656 2906 ἢ
1700 2821 2048 2908 προπόλους

262 2931 467 3000 θεῶν,
540 2946 800 3006 quorum
870 2929 1185 2985 nominum
1253 2930 1427 3007 prius
1492 2936 1771 2985 natur-am
1833 2943 2047 2983 eoru-m

263 3024 513 3086 divinae
554 3029 899 3106 proximam
945 3026 1241 3100 decla-rat,
1297 3028 1569 3086 alterum
1602 3025 1911 3084 familiare
1954 3034 2050 3083 est

265 3127 639 3185 satellitibus
698 3124 988 3200 deorum»,
1043 3129 1149 3206 qui
1203 3127 1387 3205 vulgo
1443 3129 1502 3189 οἱ·
1560 3126 1719 3209 περὶι
1750 3126 1877 3189 τὸν
1916 3125 2045 3188 δεῖ-

265 3249 346 3289 να
362 3221 433 3303 [¹³]
481 3237 779 3287 vocantur
819 3227 922 3287 vel
963 3224 1259 3310 πρόπολοι
1301 3225 1527 3286 Anecd.
1572 3225 1762 3284 Bekk.
1805 3245 1866 3305 p.
1902 3224 2042 3285 312.

388 3365 464 3423 [b]
508 3365 687 3425 Ἁδρεὺς
717 3369 895 3427 δαίμων
924 3385 987 3418 τις
1017 3369 1121 3429 περὶ
1151 3366 1242 3422 τὴν
1260 3365 1476 3427 Δήμητρα
1516 3366 1605 3412 ἀπὸ
1637 3369 1712 3421 τῆς
1739 3369 1828 3411 τῶν
1857 3366 2044 3424 καρπῶν
