2184 3840
169 188 297 251 824
725 199 1434 246 Llwnsssctmnus

173 332 279 395 καὶ
321 332 693 418 ἐπιβρεμέτω
735 330 814 392 τὰ
857 329 1142 411 ὑπερφυῆ
1184 336 1291 408 τῆς
1333 328 1665 414 θεολογίας
1708 326 1948 408 ῥήματα

173 440 326 496 Ζεῦ
370 431 721 503 κύδιστε,
765 430 1084 513 μέγιστε
1131 438 1239 486 etc.
1283 430 1388 491 καὶ
1429 428 1586 510 μηδὲ
1629 437 1735 508 τῆς
1770 430 1952 510 ἄλλης

174 533 490 616 φειδέσθω
533 527 983 616 μεγαληγορίας

372 635 470 697 ’Ὡς
505 638 716 688 εἰποῦσα
752 630 854 684 θεὰ
891 631 1062 692 δοιοὺς
1098 630 1379 702 ἀνεσύρατο
1415 631 1628 704 μηρούς.
1718 672 1723 674 .

175 735 281 795 ἵνα
323 731 531 808 τελέσῃ
573 727 719 796 τοὺς
763 726 1024 806 ἐραστὰς
1068 725 1110 786 ἃ
1155 725 1261 787 καὶ
1302 734 1424 790 νῦν
1451 730 1574 789 Ιἔτι·
1599 728 1757 790 τελεῖ
1796 725 1955 807 (cod.

173 829 456 909 τελεῖται)
510 833 639 897 τοῖς
695 824 1021 907 σχήμασιν.
1119 822 1241 883 Hic
1283 827 1552 904 primum
1584 827 1958 905 Gregorium

175 938 422 988 accusat
465 924 812 988 Clavierius
866 922 1281 1002 athpollod.
1339 944 1400 1004 p.
1445 925 1546 984 61.
1591 926 1757 1005 quod
1791 944 1961 1004 ,quae

176 1028 459 1109 Orpheus
517 1026 623 1111 de¹
649 1025 863 1087 Baubo
890 1063 892 1065 ·
921 1024 1155 1083 dixerit<
1187 1023 1270 1083 ad
1314 1022 1596 1086 Cererem
1641 1025 1966 1085 transtule-

175 1131 288 1203 rit,
345 1138 407 1188 et
462 1138 779 1210 postremo
838 1144 1051 1186 omnes
1107 1124 1251 1185 illos
1304 1144 1551 1199 versuS,
1613 1142 1768 1206 quos
1829 1122 1966 1185 Cle-

172 1247 349 1291 mens
392 1229 586 1303 affert‚
629 1237 947 1305 totamque
987 1225 1263 1285 fabulam
1309 1226 1632 1306 opprobrii
1674 1244 1856 1286 causa
1889 1226 1967 1284 ab

176 1328 541 1411 Apologetis
585 1329 902 1388 confictam
929 1334 1144 1407 putat.
1228 1325 1368 1386 *Sed
1414 1323 1796 1386 Clementem
1840 1335 1966 1384 tam

178 1440 422 1510 aperte,
490 1440 619 1489 tam
688 1426 1081 1508 impudenter
1148 1428 1476 1487 mentitum
1508 1472 1513 1477 .
1545 1445 1715 1500 esse,
1784 1442 1968 1486 nemo

178 1529 298 1588 sibi
353 1527 785 1610 persuadebit,
845 1529 949 1606 qui
1006 1546 1252 1588 causam
1298 1529 1432 1605 ejus
1475 1538 1537 1586 et
1581 1538 1867 1607 tempora
1910 1537 1972 1585 et

179 1627 570 1690 adversarios
605 1626 993 1687 mediocriter
1031 1626 1220 1686 modo
1257 1628 1561 1705 cognorit3
1597 1645 1782 1706 quam
1816 1627 1974 1686 falsa

179 1729 262 1788 sit
305 1727 383 1787 de
427 1728 736 1806 Gregorio.
768 1728 1068 1806 suspicio,
1110 1729 1328 1807 paucis
1369 1726 1780 1798 ostendemus„
1861 1724 1975 1787 Ce-

179 1847 410 1902 rerem,
477 1839 558 1889 ut.
616 1828 805 1889 filiam
874 1826 1238 1900 redimeret,
1305 1824 1491 1887 Celeo
1547 1830 1824 1909 corporis
1877 1830 1974 1887 sui

183 1947 364 1993 usum
434 1928 654 1990 fecisse
695 1925 998 2007 prodidit
1051 1929 1445 2008 incorruptus
1501 1940 1715 1989 auctor
1773 1929 1974 1990 Schol.

183 2027 266 2089 ad
309 2028 565 2088 Aristid.
609 2039 670 2108 p'.
706 2029 808 2088 22.
853 2026 1150 2111 Δημήτηρ
1195 2029 1369 2112 παρὰ
1402 2037 1631 2093 Κελεοῦ
1673 2030 1781 2093 καὶ
1830 2036 1976 2113 Τρι-

184 2131 490 2210 πτολέμου
557 2130 672 2192 τὸν
731 2127 1052 2211 ἡρπακότα
1108 2133 1415 2211 μαθοῦσα
1470 2131 1713 2213 μισθὸν
1766 2132 1978 2201 αὐτοῖς

186 2229 535 2293 ἀποδίδωσι
588 2237 698 2309 τῆς
739 2227 1064 2311 μηνύσεως
1107 2230 1222 2292 τὸν
1266 2235 1477 2303 σῖτον,
1522 2238 1774 2314 πρῶτον
1820 2232 1976 2299 ἀθέ-

187 2351 361 2412 σμως
411 2331 838 2415 συγγενομένη
895 2337 1100 2412 Κελεῷ
1151 2337 1243 2412 τῷ
1305 2333 1724 2414 Τριπτολέμου
1768 2332 1978 2414 πατρί,

187 2431 360 2508 cujus
404 2429 651 2490 fabulae
691 2431 1125 2489 instructorem
1168 2428 1360 2489 fuisse
1404 2428 1719 2510 Orpheum
1739 2473 1756 2503 ‚
1799 2431 1981 2492 facile

188 2530 395 2608 colligi
458 2538 668 2611 potest
735 2549 810 2589 ex
878 2528 1019 2589 aliis
1085 2527 1364 2606 ejusdem
1422 2532 1660 2608 generis
1713 2531 1980 2610 flagitii&

188 2649 349 2711 quae
400 2630 508 2689 ille
561 2630 1021 2711 impurissimus
1075 2639 1265 2709 poeta
1320 2628 1439 2690 diis
1495 2629 1731 2691 affinxit
1784 2633 1872 2714 (v.
1917 2633 1982 2692 P.

188 2731 266 2790 H.
313 2727 379 2790 C.
423 2729 583 2812 VII.)
625 2730 837 2810 Neque
880 2729 1174 2788 aliorsum
1219 2740 1456 2809 spectat
1494 2731 1777 2811 Gregorii
1819 2743 1982 2793 tecta

191 2829 536 2908 indignatio
605 2830 709 2890 Or.
755 2829 1061 2890 XXXIX.
1123 2829 1268 2890 625.
1323 2831 1403 2892 D.
1460 2832 1607 2896 οὐδὲ
1662 2833 1834 2918 Κόρη
1890 2859 1982 2904 τις

193 2932 346 3012 ἡμῖν
402 2930 744 3012 ἁρπάζεται
798 2932 905 2995 καὶ
959 2929 1254 3015 Δημήτηρ
1297 2941 1609 2996 πλανᾶται
1651 2935 1758 2997 καὶ
1802 2943 1986 2998 Kena

197 3027 305 3100 ούς
347 3054 523 3100 τινας
567 3031 863 3118 ἐπειςάγει
904 3033 1010 3096 καὶ
1058 3035 1509 3115 Τριπτολέμους
1561 3036 1666 3098 καὶ
1711 3033 1983 3117 δράκον-

195 3155 327 3204 τας,
373 3131 634 3195 καὶτὰ
677 3132 818 3214 μὲν
860 3127 1097 3206 ποιεῖ,
1141 3135 1237 3196 τὰ
1282 3133 1363 3196 δὲ
1407 3134 1714 3216 πάσχει·
1763 3133 1981 3214 αἲσχύ-

197 3256 388 3312 νομαι
445 3232 567 3316 γὰρ
621 3233 816 3316 ἡμέρᾳ
873 3223 1096 3298 δοῦναι
1150 3235 1265 3313 τὴν
1323 3237 1547 3304 νυκτὸς
1601 3233 1846 3314 τελετήν
1897 3269 1982 3281 --

200 3331 369 3395 οἶδεν
461 3334 723 3419 Ἐλευσὶς
800 3342 999 3399 ταῦτα
1031 3337 1036 3340 ’
1069 3336 1173 3399 καὶ
1244 3338 1302 3398 οἱ
1368 3343 1497 3397 τῶν
1566 3336 1986 3417 σιωπωμένων
