2150 3814
753 185 1304 241 sAMo'rnnAcu.
1756 171 1916 237 1201

145 321 382 389 minum
430 321 571 396 Jura
611 315 900 383 sanxisse.
990 311 1171 388 Quod
1213 331 1401 392 quum
1445 315 1594 374 satis
1638 316 1923 394 probabi-

142 417 283 477 liter
308 415 701 497 disputatum
743 413 1076 487 videretur,
1116 432 1241 472 non
1285 413 1639 481 dubitarunt
1675 412 1770 472 illi
1788 416 1920 492 ‚pri-

143 535 281 577 mos
333 516 573 586 harum,
600 532 833 585 ‚rerum¹
867 523 1146 574 auctores
1197 515 1263 572 in
1307 531 1542 594 quaque
1586 520 1764 589 gente
1808 530 1916 570 no-

142 615 425 676 minatim
466 611 761 692 prodere,
805 632 912 673 eos
954 612 1271 688 videlicet,
1314 601 1726 695 quibns‚.ipsis
1764 611 1916 671 nihil

140 713 449 792 antiquius
498 723 782 774 nossent.
882 714 1099 793 quue
1152 713 1394 779 factum·
1438 723 1507 778 ut
1560 703 1916 792 quocunque

136 822 341 886 eatur,
384 811 599 874 eadem
641 821 915 874 recurrat
954 813 1166 884 fabula
1205 813 1283 873 de
1324 814 1582 886 Inacho,
1627 809 1916 891 Cecrope,

135 912 489 986 Phoroneo,
529 914 830 992 Pelasgo,
889 912 1086 993 deque
1129 913 1500 987 Curetibus,
1526 912 1808 990 Dactylis
1852 919 1915 970 et

134 1010 357 1087 Idaeis,
414 1031 674 1093 quorum
731 1013 984 1090 singulis
1042 1031 1156 1072 sua
1208 1014 1464 1092 propria
1517 1010 1916 1070 reddiderunt

133 1114 417 1185 inventa,
458 1113 584 1171 illis
628 1122 698 1171 ut
737 1113 1076 1191 plurimum
1121 1111 1378 1183 civilia,.
1401 1111 1526 1182 his,
1574 1129 1728 1189 quae
1766 1108 1910 1167 deo-

132 1230 270 1270 rum
330 1210 663 1270 cultoribus
706 1212 1035 1272 convenire
1076 1209 1436 1271 viderentur
1463 1211 1534 1291 [g]
1580 1218 1776 1269 artem
1818 1210 1910 1267 in-

134 1309 419 1370 cantandi
448 1318 511 1368 et
535 1308 841 1385 medendi,
865 1311 1058 1371 futuri
1084 1313 1570 1391 praescientiam,
1598 1327 1909 1369 sacrorum

132 1412 492 1471 cerimonias
571 1410 845 1491 festaque
935 1411 1171 1471 ludicra
1255 1413 1416 1471 inter
1503 1410 1906 1490 symphonias

129 1521 409 1591 peracta;
475 1528 751 1570 seorsum
819 1522 1024 1571 autem
1091 1512 1374 1588 Dactylis
1433 1513 1581 1570 artis
1637 1510 1907 1570 aerariae

130 1610 460 1682 fabricam,
515 1612 660 1690 quia
713 1609 862 1669 Idae
921 1611 1274 1670 incendium
1321 1613 1478 1670 aeris
1526 1629 1715 1672 venas
1763 1628 1904 1689 ape-

130 1713 327 1771 ruisse
389 1710 686 1771 creditum
718 1705 792 1790 [¹¹]
807 1753 826 1782 ,
897 1709 1220 1769 Curetibus
1278 1712 1474 1791 artem
1529 1709 1904 1786 sagittariam

129 1819 194 1870 et
246 1811 669 1882 venationem,
737 1810 882 1888 quia
935 1810 1086 1869 haec
1140 1817 1315 1868 erant
1374 1792 1711 1887 domestica
1762 1804 1904 1865 Cre-

127 1911 393 1971 tensium
453 1915 845 1983 ornamenta3
915 1919 977 1968 et
1041 1911 1129 1968 sic
1193 1917 1395 1967 cetera
1461 1899 1905 1967 constituerunt

128 2019 198 2069 ut
252 2028 425 2070 mens
490 2010 836 2089 conciperet
887 2011 1020 2068 fieri
1067 2010 1431 2089 oportuisse.
1517 2008 1645 2070 Nec
1698 2018 1904 2066 tamen

124 2109 279 2169 haec
327 2108 594 2168 mendax
633 2110 1013 2188 antiquitatis
1070 2108 1458 2167 adumbratio
1513 2109 1757 2168 nativas
1816 2106 1907 2165 di-

124 2227 445 2270 versorum
488 2227 776 2287 generum
808 2218 990 2268 notas
1024 2210 1269 2289 penitus
1305 2208 1678 2268 obliteravit.
1740 2204 1901 2266 Nam

123 2327 321 2388 neque
378 2306 586 2368 Cabiri
652 2327 921 2390 unquam
989 2319 1096 2367 aut
1149 2306 1370 2369 Jovem
1437 2304 1728 2366 educasse
1797 2312 1904 2363 aut

126 2405 374 2468 Cretam
427 2409 754 2469 incoluisse
809 2408 1118 2482 dicuntur3
1183 2425 1382 2486 neque
1439 2404 1756 2466 Telchines
1812 2413 1902 2463 at-

121 2510 331 2586 tigisse
374 2508 876 2570 Samothraciam.
962 2508 1216 2585 Dactyli
1256 2505 1440 2569 Idaei
1486 2525 1623 2565 cum
1665 2507 1761 2564 his
1806 2524 1900 2563 ar-

123 2611 284 2668 tium
339 2611 711 2686 magicarum
766 2610 1114 2684 scientiam,
1157 2626 1296 2667 cum
1342 2604 1665 2665 Curetibus
1709 2606 1899 2664 musi-

125 2728 231 2769 cae
271 2709 631 2769 facultatem
675 2727 1062 2771 communem
1105 2708 1351 2780 habent,
1392 2707 1686 2765 hactenus
1723 2705 1901 2763 utris-

130 2828 246 2888 que
290 2809 600 2890 dispares,
658 2808 824 2890 quod
865 2828 1061 2891 neque
1103 2809 1351 2868 illorum
1395 2805 1715 2865 infamiam
1758 2822 1899 2884 par-

248 2995 324 3050 [κ]
371 2994 627 3042 Lactantius
655 2996 691 3038 I.
728 2997 810 3049 21,
850 2994 922 3039 41.
962 2998 1099 3040 hane
1139 2999 1308 3039 totam
1348 2994 1663 3050 opinionem
1701 2990 1898 3032 Sallu>-

134 3051 279 3095 atius
308 3054 558 3110 respuit,
597 3054 902 3112 voluitque
940 3054 1243 3112 ingeniose
1272 3051 1658 3110 interpretari
1689 3062 1782 3091 cur
1813 3047 1895 3090 al-

132 3116 290 3153 tores
332 3111 492 3155 Jovis
530 3113 799 3171 dicantur
837 3113 1084 3157 Curetes
1125 3113 1331 3163 fuisse,
1383 3115 1435 3153 et
1473 3110 1556 3151 sic
1608 3108 1716 3159 ait,
1767 3106 1897 3162 quia

135 3169 424 3227 principes
459 3170 826 3228 intelligendi
867 3172 1052 3216 divini
1082 3174 1336 3222 fuerunt,
1376 3171 1718 3228 vetustatem
1748 3165 1897 3207 alto-

135 3240 220 3268 res
249 3226 410 3272 lovis
455 3229 852 3274 celebravisse.

250 3284 327 3341 [¹¹]
371 3301 414 3328 v.
444 3286 700 3332 Beckmann.
731 3289 788 3332 ad
816 3290 995 3333 Aristot.
1040 3289 1227 3332 Mirabb.
1270 3285 1554 3330 LXXXVIII.
1598 3288 1644 3326 et
1686 3282 1895 3325 eruditam

135 3343 320 3386 Hoeckii
348 3343 676 3399 disputationem
706 3348 825 3391 Cret.
855 3347 911 3390 T.
946 3349 979 3391 1.
1010 3347 1107 3390 288.
