2150 3814
195 204 319 264 932
750 216 964 259 cluna
1017 215 1418 259 SECUNDUS.

180 350 284 426 jus
330 345 406 406 de
450 364 654 405 rerum
702 347 970 405 numeris
1017 355 1078 404 et
1122 344 1462 404 rationibus
1508 342 1787 404 doctrina
1819 365 1966 428 'cum

187 448 518 506 Duitarum
578 446 836 504 somniis
879 464 956 502 ne
999 443 1617 530 minimamquidem
1663 444 1848 504 habet
1890 448 1970 505 si-

187 546 614 606 militudinem.
729 541 852 601 Sed
920 563 998 601 ne
1053 542 1135 602 ad
1191 541 1392 616 aliud,
1430 554 1647 624 ‚quam
1709 543 1785 604 de
1844 565 1965 624 quo

185 649 412 724 agitur,
458 643 754 715 abducar,
798 651 1036 701 tantum
1082 641 1776 719 adjiciam‚·Platonem
1821 656 1970 724 quo-

185 766 300 825 que
370 747 432 802 in
504 743 731 802 festivo
803 740 1250 822 Aristophanis
1295 761 1578 803 sermone
1636 746 1850 825 Symp.
1909 765 1967 824 p.

187 845 325 903 190.
394 843 467 901 A.
514 840 897 920 vcorporibus
971 841 1334 900 coelestibus
1403 844 1709 922 quandam
1781 864 1962 904 sexus

181 945 496 1021 utriusque
540 940 1007 1001 similitudinem
1055 941 1347 1000 tribuere:
1391 942 1461 1004 τὸ
1507 942 1624 1023 μὲν
1667 946 1849 1026 ἄῤῥεν
1890 941 1969 1022 ἦν

178 1052 291 1107 τοῦ
348 1041 539 1121 -ἡλίου
599 1041 714 1121 τὴν
770 1042 967 1126 ἀρχὴν
1026 1044 1315 1127 ἔκγονον,
1380 1042 1451 1105 τὸ
1510 1041 1579 1104 δὲ
1634 1046 1802 1122 θῆλυ
1859 1049 1968 1120 τῆς

175 1152 310 1229 γῆς,
353 1142 422 1204 τὸ
457 1139 526 1204 δὲ
565 1138 924 1223 ἀμφότερον
967 1143 1223 1222 μετέχον
1266 1149 1373 1221 τῆς
1415 1139 1686 1221 σελήνης,
1731 1143 1827 1204 ὅτι
1860 1136 1966 1204 καὶ

175 1244 214 1322 ἡ
260 1241 475 1321 σελήνη
522 1241 895 1322 ἀμφοτέρων
936 1243 1167 1322 μετέχει
1184 1240 1294 1322 [¹¹¹],
1342 1241 1505 1300 unde
1549 1261 1623 1301 ea
1664 1243 1729 1300 in
1775 1240 1964 1320 Orph.

175 1342 257 1401 H.
301 1340 409 1399 IX.
471 1338 670 1419 θ’ῆλύς
712 1366 776 1401 τε
821 1341 926 1401 καὶ
970 1342 1171 1422 ἄρσην
1215 1340 1453 1400 dicitur.
1539 1340 1719 1401 Hanc
1761 1340 1965 1399 Plato-

173 1443 371 1499 nicam
433 1440 725 1499 fabellam
780 1441 845 1498 in
890 1441 1116 1498 serium
1165 1451 1470 1501 vertentes
1514 1440 1792 1500 nonnulli
1837 1441 1965 1499 ani-

173 1560 338 1600 mam
388 1550 662 1599 nostram
723 1557 758 1597 a
802 1539 948 1596 luna
994 1549 1250 1597 tractam
1299 1560 1433 1600 esse
1480 1542 1698 1602 volunt
1741 1558 1962 1618 corpus

173 1659 211 1698 a
256 1651 435 1712 terra,
481 1659 517 1698 a
562 1639 693 1697 sole
740 1639 1116 1698 intellectum
1164 1640 1466 1699 Plutarch.
1512 1640 1589 1699 de
1635 1639 1774 1701 Fac.
1808 1639 1961 1699 Lun.

171 1739 460 1799 XXVIII.
521 1739 621 1799 91.
683 1738 751 1796 Τ.
812 1738 977 1798 XIII.
1025 1742 1121 1799 cui
1166 1741 1300 1799 loco
1347 1739 1844 1800 commodissime
1889 1756 1963 1797 ca

170 1840 596 1912 subtexem11S‚
660 1827 816 1918 quae
872 1849 1113 1900 veteres
1172 1839 1248 1898 de
1304 1840 1723 1919 psychogonia
1766 1837 1962 1918 deque

169 1942 516 1999 animorum
562 1941 627 1998 in
673 1958 934 2019 corpora
981 1943 1238 1999 transitu
1285 1949 1345 1998 et
1390 1939 1470 1998 ad
1515 1948 1770 1998 naturae
1813 1957 1960 1997 suae

168 2041 491 2118 principia,
537 2041 652 2099 hoc
698 2051 808 2111 est,
854 2040 936 2099 ad
981 2041 1282 2099 aetherias
1329 2039 1505 2099 sedes
1551 2057 1826 2117 regressu
1853 2040 1959 2097 tri-

168 2139 284 2196 cati
331 2147 489 2196 sunt.

951 2369 1005 2448 §—
1106 2371 1162 2428 6.

330 2538 679 2598 Macrobius
727 2537 934 2597 Somn.
974 2539 1017 2596 Ι.
1063 2538 1155 2597 12.
1185 2538 1284 2597 68.
1330 2536 1445 2610 „de
1490 2536 1790 2610 Zodiaco‚
1856 2539 1941 2597 in-

161 2639 322 2716 quit,
385 2649 446 2697 et
489 2639 684 2697 lacteo
731 2636 811 2695 ad
868 2634 1171 2712 subjectas
1226 2636 1518 2715 sphaeras
1580 2639 1789 2697 anima
1844 2637 1948 2697 de-

160 2780 344 2822 rables
388 2779 698 2836 plagiaircs
747 2795 788 2836 p.
827 2775 926 2820 448.
1005 2778 1115 2829 Quis
1158 2779 1269 2821 hunc
1308 2779 1637 2822 declamatorem
1678 2781 1768 2823 ulla
1807 2781 1862 2823 de
1897 2796 1945 2824 re

159 2838 249 2879 sine
278 2839 345 2881 ira
375 2846 420 2881 et
448 2840 590 2881 studio
615 2838 835 2894 judicasse
867 2836 1045 2879 credet?
1089 2839 1186 2892 qui,
1216 2843 1265 2879 ut
1296 2838 1540 2894 Capucinos
1570 2846 1760 2895 pungat,
1793 2839 1942 2895 singu-

157 2894 211 2937 lis
239 2898 331 2938 fere
360 2898 528 2954 paginis
557 2897 922 2940 innocentissimos
953 2896 1185 2964 scriptores
1214 2897 1549 2941 bacchabundus
1580 2897 1795 2940 insultat?

276 2954 349 3010 [k]
397 2956 578 3005 Quintil.
609 2957 663 2998 de
693 2955 808 2998 Mus.
839 2954 920 2996 ΙΙΙ.
956 2953 1050 2995 158.
1102 2951 1124 2996 ὁ
1167 2956 1242 3008 τῆς
1281 2953 1467 3010 σελήνης
1496 2952 1656 3005 κύκλος
1698 2953 1854 3055 ὑγρὸς
1874 2954 1939 3000 ὢ)

146 3009 234 3054 ’τὸν
263 3013 299 3054 d
311 3011 339 3054 ὰ
369 3016 448 3059 τοῦ
477 3019 519 3057 Ε
547 3013 708 3072 ἀφίησι
726 3009 979 3086 φθόγγον·
1015 3013 1089 3055 καὶ
1119 3010 1208 3073 γὰο
1239 3011 1349 3067 αὕτη
1381 3015 1594 3057 πλεῖστον
1620 3015 1749 3072 μὲν
1738 3015 1822 3068 9η).
1829 3011 1936 3067 ύτη-

154 3085 229 3118 τος
256 3071 362 3126 ἔχει,
393 3078 571 3129 μετεχει
599 3088 651 3130 γε
681 3071 776 3131 μὴν
806 3074 882 3115 καὶ
912 3053 1212 3131 ἆῤῥενότητος.
1273 3073 1437 3114 Contra
1467 3078 1655 3128 nugator
1686 3072 1936 3115 Chaldaeus

152 3141 222 3184 ap.
263 3129 483 3172 Plutarch.
524 3132 579 3173 de
616 3135 674 3174 Εἰ
711 3131 852 3188 delph.
893 3131 971 3172 IV.
1010 3129 1110 3171 219.
1150 3131 1378 3173 secundam
1417 3131 1586 3175 literam
1626 3131 1718 3173 Soli
1762 3131 1933 3183 tribuit,

151 3186 240 3238 alii,
270 3193 398 3243 prout
428 3189 608 3245 quisque
642 3191 909 3246 planetarum
949 3190 1133 3246 positum
1173 3190 1423 3246 descripsit,
1465 3190 1686 3233 Mercurio
1729 3195 1802 3232 aut
1847 3190 1931 3231 Ve-

146 3244 254 3286 neri.
285 3260 325 3287 v.
356 3246 494 3290 Bekk.
526 3250 685 3290 Auecd.
716 3264 758 3306 p.
789 3248 888 3291 796.
918 3247 1068 3304 Lydus
1100 3248 1153 3289 (le
1185 3249 1322 3290 Mens.
1353 3263 1394 3304 p.
1429 3246 1498 3290 14.
1537 3274 1593 3282 —-
1653 3248 1927 3290 Ptolemaeus

148 3302 445 3374 Quadrip.11.
476 3321 517 3362 p.
553 3307 618 3351 15.
650 3309 691 3350 b.
735 3309 779 3352 οι
809 3303 931 3379 πρὸς
959 3307 1156 3364 ἑσπέραν
1190 3309 1542 3365 τεύηλυιιμένοι,
1594 3305 1751 3361 ἐπειδη
1793 3309 1923 3350 τοῦτο

144 3359 192 3404 τὸ
221 3366 360 3421 μέρος
387 3363 652 3419 σεληιιακὸν
679 3363 902 3424 τυγχάιει.

2145 1885 2150 2186 1

2138 2289 2148 2620 j
