2184 3840
741 207 1190 282 onrnbch.
1640 197 1654 215 ³
1727 196 1851 257 895

84 339 424 418 augendam
487 339 608 398 loci
681 337 1097 410 sanctitatem,
1165 352 1358 416 neque
1424 339 1657 414 majore
1712 357 1854 399 eura

85 439 334 517 dignum
379 457 559 518 quam
571 435 1073 515 ,-‚jpnumerabilia
1115 435 1237 496 alia
1273 454 1531 515 graecae¹
1560 437 1855 496 vanitatis

86 539 400 599 mendacia
412 539 506 618 [Ἴ.
559 525 767 622 Redeo
822 536 903 597 ad
958 535 1387 614 Pythagoreos.
1445 536 1738 596 Aelianus
1782 535 1854 595 V.

88 638 164 699 H.
220 639 323 698 IV.
388 638 483 697 17.
551 637 663 709 τὸν
725 637 978 720 σεισμὸν
1036 636 1430 723 Πυθαγόρας
1484 635 1857 723 ἐγενεαλόγει

82 739 269 802 οὐδὲν
324 742 471 802 ἄλλο
525 738 680 801 εἶναι
735 737 774 818 ἢ
835 736 1105 801 σύνοδον
1162 746 1290 802 τῶν
1346 737 1729 802 τεθνεώτων.
1781 737 1862 800 Ἡ

81 837 150 900 δὲ
193 842 311 920 ἴοις
355 841 622 921 ἔφασκεν
666 838 750 909 ὥς
793 839 953 924 αὐγὴ
991 845 1105 900 τοῦ
1152 838 1373 901 Νείλου
1412 843 1536 901 ἐστι
1555 841 1602 917 [⁰
1673 837 1779 900 καὶ
1821 838 1855 899 ὅ

82 936 368 1008 πολλάκις
409 945 539 1009 τοῖς
581 939 733 1002 ὠσὶν
779 938 1095 1018 ἐμπίπτων
1126 934 1272 1016 ἦχος
1297 939 1478 1018 φωνὴ
1505 946 1635 1000 τῶν
1659 962 1858 1020 κρειτ-

84 1038 304 1103 τόνων.
350 1037 555 1119 Atque
597 1036 760 1097 haud
804 1038 931 1096 scio
975 1054 1053 1095 an
1099 1035 1348 1095 eosdem
1393 1037 1688 1114 significet
1719 1038 1857 1097 Ari-

81 1139 332 1198 stoteles
374 1138 631 1200 Meteor.
673 1137 749 1196 II.
794 1136 852 1196 9.
882 1137 984 1195 70.
1025 1134 1305 1220 γίγνεται
1346 1137 1544 1222 πληγὴ
1584 1137 1698 1200 τὸν
1743 1140 1858 1201 αὖ-

82 1240 193 1301 τὸν
235 1236 502 1319 τρόπον,
547 1237 631 1307 ὥς
673 1233 1042 1319 παρεικάσαι
1060 1235 1137 1317 [¹³]
1187 1235 1427 1317 ,μείζονι
1468 1237 1697 1320 μικρὸν
1739 1236 1858 1300 πά-

83 1343 229 1410 θος,
282 1345 372 1420 τῷ
414 1341 481 1401 ἐν
522 1345 598 1417 τῇ
628 1336 830 1423 φλογὶ
870 1337 1186 1422 γενομένῳ
1228 1334 1455 1420 ψόφῳ,
1512 1338 1590 1402 ὃν
1632 1345 1857 1402 καλοῦ-

82 1460 181 1502 σιν
225 1441 284 1500 οἱ
325 1438 442 1519 μὲν
482 1438 596 1502 τὸν
622 1437 974 1520 (Ἠφαιστον
1015 1445 1224 1523 γελᾷν,
1268 1439 1328 1499 οἱ
1370 1435 1440 1499 δὲ
1464 1437 1856 1518 τὴνἙστίαν,

81 1542 139 1601 οἱ
179 1538 250 1602 δὲ
295 1539 548 1618 ἀπειλὴν
588 1536 849 1602 τούτων.
911 1536 1102 1596 Aliud
1145 1538 1328 1615 hujus
1371 1539 1609 1615 generis
1653 1558 1858 1598 exem-

79 1639 251 1717 plum
295 1637 652 1719 suppeditat
690 1637 1073 1718 Porphyrius
1119 1636 1190 1695 V.
1234 1637 1299 1696 P.
1343 1657 1390 1697 c.
1415 1637 1577 1698 XLI.
1622 1644 1859 1703 Πυθα-

81 1737 272 1822 γόρας
330 1741 488 1824 ἔλεγε
543 1739 655 1801 τὸν
709 1742 774 1800 ἐκ
816 1744 1054 1816 χαλκοῦ
1093 1738 1477 1818 κρουομὲνου
1521 1737 1860 1823 γενόμενον

202 1908 277 1966 [¹¹]
311 1907 545 1950 Celebrant
572 1906 636 1949 illi
667 1921 765 1949 aras
787 1906 1048 1959 subdivales,
1078 1906 1123 1948 in
1145 1920 1252 1963 quas
1281 1920 1496 1964 nunquam
1524 1908 1718 1965 impluit3
1748 1907 1858 1950 alias

83 1969 195 2011 unde
225 1967 415 2010 favillam
443 1981 470 2008 e
497 1965 723 2008 sacrificiis
750 1965 945 2008 relictam
974 1965 1117 2008 nullus
1145 1970 1300 2008 ventus
1329 1966 1515 2023 disjicit,
1547 1973 1647 2009 sunt
1675 1967 1752 2022 ubi
1781 1967 1857 2009 de-

80 2027 215 2072 dicati
243 2026 373 2069 flores
400 2025 591 2068 nativum
620 2039 793 2068 succum
822 2028 868 2068 et
897 2024 1082 2067 colorem
1122 2038 1200 2081 per
1235 2025 1452 2081 integrum
1489 2040 1643 2069 annum
1682 2039 1858 2071 servare

83 2085 303 2136 dicuutur3
345 2083 528 2140 denique
555 2084 631 2126 vix
660 2083 744 2126 fuit
771 2083 903 2126 ullum
931 2085 1100 2134 fanum,
1144 2084 1214 2125 cui
1244 2098 1328 2126 non
1358 2084 1522 2140 aliquid
1559 2085 1755 2127 miraculi
1792 2085 1858 2126 in-

85 2146 293 2188 haereret.
335 2144 614 2200 Quapropter
642 2156 728 2184 non
757 2143 844 2185 cito
873 2142 1124 2184 crediderim
1157 2142 1273 2187 Otfr.
1298 2142 1526 2195 Muessem,
1556 2143 1746 2186 fabulam
1767 2142 1859 2198 Ly-

85 2218 230 2246 caeam
260 2202 358 2244 hinc
387 2208 531 2244 natam
561 2200 742 2253 dicenti,
783 2199 898 2256 quod
927 2201 1100 2243 Abaton
1139 2200 1246 2242 illud
1285 2200 1393 2242 lucis
1433 2201 1727 2243 habitaculum
1763 2215 1859 2242 esse

85 2263 360 2311 crederetur,
404 2260 586 2312 „dass
616 2273 730 2301 man
758 2258 875 2301 dem
905 2259 1124 2300 Abaton
1156 2258 1252 2300 das
1281 2259 1452 2302 Licht
1481 2259 1857 2301 innwohnend
1927 2299 1929 2304 .

87 2321 362 2377 glaubte“
398 2319 451 2359 de
480 2318 632 2363 Dorib.
665 2317 723 2360 T.
753 2317 811 2360 ΙΙ.
843 2332 887 2374 p.
921 2316 1018 2360 306.
1051 2317 1164 2373 quod
1196 2319 1319 2373 quasi
1347 2332 1425 2374 pro
1455 2332 1503 2359 re
1533 2318 1761 2375 explorata
1788 2332 1857 2359 re—

86 2381 196 2436 petit
223 2377 410 2419 Krusius
439 2377 638 2418 Hellas
669 2375 726 2420 T.
752 2375 787 2417 Ι.
814 2391 854 2432 p.
870 2375 904 2417 I.
926 2374 1026 2417 457.
1058 2375 1250 2418 Fuerunt
1273 2377 1316 2417 in
1342 2377 1534 2418 Graecia
1557 2378 1700 2418 Abata
1730 2377 1858 2432 longe

85 2438 283 2494 plurima,
321 2435 394 2476 sed
426 2435 585 2476 nullum
614 2435 659 2476 in
689 2448 773 2490 quo
802 2434 877 2475 lux
907 2434 1104 2490 perennis
1123 2434 1392 2475 Schechinae
1423 2434 1563 2477 instar
1592 2435 1859 2477 inhabitasse

86 2497 266 2538 dicatur.
297 2493 395 2536 Non
419 2492 556 2548 magis
576 2506 736 2543 verum,
755 2491 930 2548 adytum
946 2492 1177 2547 ingressos,
1195 2492 1275 2534 nisi
1299 2493 1581 2547 aufugissent,
1603 2494 1857 2545 immolatos,

87 2555 295 2611 fugitivos
336 2548 536 2610 ἐλάφους
575 2550 815 2608 appellatos
856 2565 972 2604 esse,
1012 2551 1127 2606 quod
1161 2551 1266 2594 deus
1298 2551 1384 2593 loci
1411 2552 1645 2608 inquilinus
1675 2567 1750 2595 eos
1780 2566 1858 2595 ceu

87 2627 257 2657 cenum
287 2611 412 2668 lupus
441 2610 644 2652 insectari
679 2609 926 2665 fingeretur.
986 2609 1245 2651 Plutarchus
1286 2610 1402 2651 clare
1442 2610 1548 2652 dicit
1580 2611 1662 2653 hoc
1691 2626 1855 2664 nomen,

87 2687 170 2730 quo
201 2670 331 2726 vulgo
358 2668 498 2711 timidi
526 2673 572 2711 et
609 2669 786 2724 fugaces
825 2667 1122 2725 appellantur,
1167 2669 1302 2724 primo
1344 2682 1370 2709 a
1410 2669 1570 2725 Pythia
1606 2676 1857 2727 usurpatum

85 2746 180 2775 esse
209 2733 254 2774 in
282 2729 452 2771 Arcade
482 2726 666 2786 quodam
694 2729 945 2784 transfuga,
985 2741 1110 2783 quem
1140 2741 1223 2768 non
1263 2727 1380 2779 deus¹
1409 2727 1607 2783 Lycaeus
1648 2730 1724 2770 sed
1764 2729 1857 2771 vin-

86 2790 202 2834 dicta
231 2788 385 2830 civium
415 2786 756 2843 persequebatur
784 2786 867 2828 huc
894 2785 997 2828 illuc
1026 2787 1295 2841 fugitantem.
1353 2785 1511 2828 Festus
1551 2801 1583 2827 s.
1626 2782 1858 2829 Servorum

88 2849 201 2892 dies:
246 2846 555 2902 Fugitivos
594 2851 806 2888 vocant
844 2859 1058 2888 cervos.
1119 2844 1362 2887 Pausaniae
1401 2844 1454 2887 de
1495 2844 1642 2889 eodem
1681 2845 1856 2902 Lycaeo

90 2908 221 2949 verba
248 2905 373 2950 VIII.
404 2903 477 2946 38.
518 2902 756 2953 {celadum
786 2900 960 2962 ἀνάγκη
990 2902 1128 2947 αὐτὸν
1156 2904 1362 2947 ἐνιαυτοῦ
1400 2898 1555 2963 πρόσω
1595 2902 1660 2962 μὴ
1695 2907 1858 2959 βιῶναι

92 2965 363 3020 Boettigerus
401 2963 446 3005 in
486 2963 648 3008 Conna.
689 2963 742 3005 de
781 2963 1019 3019 Lycanthr.
1058 2963 1103 3005 in
1141 2961 1388 3019 Sprengelii
1426 2962 1604 3018 symbol.
1644 2962 1699 3005 ad
1741 2962 1856 3006 Hist.

88 3024 206 3068 Med.
237 3024 287 3065 P.
316 3023 375 3065 II.
405 3036 448 3080 p.
478 3020 550 3067 33.
590 3022 654 3064 sic
683 3022 847 3065 reddit:
898 3022 975 3064 der
1005 3037 1118 3065 muss
1148 3022 1214 3064 ein
1244 3021 1352 3063 Jahr
1391 3021 1492 3078 lang
1514 3035 1609 3064 *aus
1649 3023 1726 3065 der
1766 3022 1857 3065 Ge-

89 3082 308 3125 sellschast
336 3080 414 3122 der
441 3079 720 3136 Lebendigen
749 3078 1001 3124 entfliehen!
1511 3097 1513 3101 ⁴

207 3163 278 3219 [⁰]
323 3161 457 3203 Iidem
486 3162 671 3203 fortasse
699 3165 798 3203 sunt
827 3160 881 3202 de
910 3161 1067 3216 quibus
1096 3159 1355 3203 Plutarchus
1384 3158 1537 3203 Placit.
1567 3159 1679 3204 Phil.
1706 3159 1789 3202 III.
1815 3159 1854 3202 5.
1926 3215 1928 3217 η

93 3216 398 3278 ἐμυθεύσαντό
428 3233 543 3268 τινες
571 3217 711 3275 αὐτὴν
750 3219 948 3276 (iridem)
987 3214 1155 3278 ταύρου
1197 3214 1402 3275 κεφαλὴν
1429 3219 1626 3275 ἔχουσαν
1656 3217 1850 3277 ἆναῤῥο-

94 3283 202 3335 ᾳιεΐν
227 3276 328 3327 τοὺς
355 3273 597 3337 ποταμούς.

210 3356 282 3412 [Ρ]
326 3357 400 3398 Sic
428 3357 623 3400 emendat
653 3357 701 3399 P.
734 3357 904 3399 Petitus
934 3357 1116 3400 Miscell.
1150 3355 1311 3398 XVIII.
1352 3370 1392 3412 p.
1427 3354 1521 3400 136.
1602 3404 1617 3414 ⁷
