2150 3814
202 226 363 288 1042
626 252 630 258 ,
723 239 963 282 LIBER
1007 235 1437 283 SECUNDUS.

198 374 264 432 in
317 372 504 432 sacris
560 368 838 444 Phrygiis
893 370 1092 445 (ἔπιον,
1149 371 1213 429 ἐκ
1253 366 1612 451 τυμπάνου)
1658 365 1846 426 ollam
1886 371 1985 428 in-

198 479 599 553 terpretatur,
657 469 723 526 in
778 486 916 546 qua·
954 469 1122 544 magi
1178 468 1596 530 scelestissimi
1639 486 1850 527 carnes
1891 469 1990 527 in-

197 572 437 632 fantum
506 576 774 647 coquunt
811 563 908 648 [b].
1019 564 1242 626 Nescio
1311 566 1458 647 quid
1527 568 1634 628 alii
1689 568 1985 640 sentinam

198 671 350 731 mihi
394 667 641 748 quidem
687 667 753 725 hi
797 685 1013 725 omnes
1059 665 1241 727 cedro
1278 667 1461 745 digna
1496 669 1738 747 loquuti
1771 666 1991 729 viden-->

199 782 315 830 tur.
379 766 502 827 Sed
562 776 889 826 transeant.
950 765 1051 825 Ad
1113 766 1327 846 Eurip.
1373 767 1640 827 Phoenn.
1686 765 1830 827 685.
1872 793 1989 853 γυ-

199 869 403 941 ναιξὶν
459 867 672 941 εὐίοις,
734 866 1026 927 Scholion
1082 876 1174 926 est
1228 866 1619 945 hujusmodi:
1664 874 1798 937 ταῖς
1842 872 1989 929 Διο-

199 969 373 1052 νύσῳ
425 964 832 1052 χορευούσαις
890 966 994 1028 καὶ
1047 968 1118 1029 τὸ
1164 968 1299 1030 εὐοῖ
1338 965 1491 1030 εὐάν
1535 968 1989 1052 ἐπιφθεγγομέ-

198 1094 336 1140 ναις
393 1106 476 1115 -—
532 1067 600 1131 εὗ
658 1069 753 1142 οἷ,
810 1068 1012 1153 ἤγουν
1070 1065 1138 1130 εὗ
1193 1067 1299 1130 καὶ
1339 1075 1542 1137 καλῶς
1587 1069 1742 1130 ἔστω
1787 1066 1852 1144 οἷ
1888 1066 1993 1128 καὶ

202 1172 373 1252 αὐτῷ
426 1177 516 1251 τῷ
575 1167 882 1249 Διονύσῳ.
941 1167 1306 1226 Eustathius
1364 1166 1444 1225 ad
1499 1167 1687 1226 Dion.
1743 1187 1802 1229 v.
1847 1166 1991 1225 704.

202 1272 366 1333 Εὗοῖ
416 1266 656 1348 Βάκχε,
720 1267 1062 1349 ὑμνητικὸν
1116 1268 1187 1329 τὸ
1248 1264 1492 1351 λόγιον,
1552 1268 1707 1331 ὅθεν
1762 1267 1868 1330 καὶ
1918 1267 1989 1328 τὸ

203 1367 443 1443 εὖάζειν
484 1369 590 1428 καὶ
632 1370 847 1437 Εὔιος·
903 1374 1105 1429 ταῦτα
1150 1369 1208 1428 οἱ
1249 1366 1367 1448 μὲν
1411 1365 1721 1432 ἐδάσυνον
1765 1367 1848 1436 ὥς
1891 1370 1994 1430 ἐν-

200 1468 620 1537 θουσιαστικὰ
691 1464 1066 1550 πρωτόθετα
1131 1464 1540 1547 ἐπιῤῥήματα,
1613 1470 1671 1528 οἱ
1731 1466 1798 1528 δὲ
1855 1465 1995 1548 ἐψί-

136 1599 140 1602 ’
204 1577 356 1632 λουν
401 1567 557 1631 ἀντὶ,
587 1575 700 1630 τοῦ
747 1564 815 1629 εὗ
861 1566 954 1639 οἶ,
997 1566 1318 1628 τουτέστιν
1361 1566 1536 1648 αὐτῷ
1569 1601 1654 1612 ·—
1693 1569 1756 1636 ἐξ
1798 1566 1994 1628 αὐτοῦ

196 1666 587 1754 παράγοντες
640 1668 711 1731 τὸ
769 1664 921 1730 εὐάν
974 1663 1138 1746 τάχα
1179 1663 1298 1748 μὲν
1339 1668 1406 1729 ἐν
1449 1672 1565 1747 μιᾷ
1609 1665 1789 1740 λέξει,
1833 1662 1995 1745 τάχα

201 1767 272 1831 δὲ
315 1772 382 1830 ἐκ
424 1766 541 1830 δύο
589 1766 940 1839 σύνθετον,
1005 1784 1270 1845 quorum
1325 1765 1706 1826 intellectum
1758 1765 1996 1826 facilio-

201 1886 335 1927 rem
377 1865 585 1926 reddit
630 1866 830 1925 Schol.
876 1867 953 1924 in.
984 1865 1249 1943 Dionys.
1296 1866 1571 1926 Gramm.
1615 1886 1676 1947 p.
1723 1865 1866 1926 9501.
1922 1866 1992 1928 τὸ

203 1970 336 2032 εὐοῖ
402 1964 555 2030 εὐάν
625 1963 865 2050 οἷλόγως
932 1966 1193 2030 δασεῖαν
1268 1969 1515 2046 ἔχουσιν
1577 1970 1643 2030 ἐν
1695 1974 1786 2048 τῷ
1842 1967 1994 2028 τέλει

204 2068 371 2130 διπλᾶ
415 2067 591 2138 ὄντα,
638 2071 690 2126 εἰ
732 2063 817 2145 μή
860 2090 953 2136 τις
996 2071 1134 2146 εἴπῃ
1168 2067 1238 2128 τὸ
1277 2067 1558 2149 σφοδρὸν
1591 2073 1836 2147 πνεῦμα
1865 2072 1994 2135 τοῖς

203 2163 657 2248 βακχιάζουσιν
701 2163 995 2247 ἁρμόζειν
1009 2164 1106 2245 [†].
1174 2164 1277 2225 Ad
1321 2167 1630 2246 simplicia
1675 2167 1864 2224 etiam
1902 2184 1996 2223 re-

204 2266 327 2325 fert
369 2264 745 2346 Apollonius
791 2263 868 2323 de
914 2265 1089 2342 Synt.
1133 2265 1204 2325 L.
1247 2265 1351 2325 lV.
1398 2265 1455 2326 5.
1503 2265 1646 2326 314⁷.
1692 2267 1768 2328 οὗ
1811 2262 1997 2328 τοῦτό

207 2391 368 2449 φημι
425 2368 728 2449 αὔταρκες
783 2363 1009 2429 Διότι
1066 2368 1131 2450 (i.
1188 2387 1238 2426 e.
1295 2367 1384 2430 δι’
1444 2367 1566 2447 ὅτι)
1622 2362 2012 2429 συνεστάναι

208 2468 272 2528 ἐκ
315 2463 644 2548 διαφόρων
675 2473 898 2547 μερῶν
939 2473 1052 2528 τοῦ
1098 2465 1325 2551 λόγου,
1372 2467 1498 2528 ἐπεὶ
1542 2464 1739 2529 οὐδὲν
1773 2463 1996 2527 ἐκώλυε

205 2570 334 2635 τοῖς
393 2565 898 2646 σεσημειωμένας
954 2565 1137 2647 ὅμοια
1195 2565 1356 2628 αὓτά
1413 2564 1850 2629 καθίστασθαι
1904 2572 1996 2647 τῷ

208 2739 302 2786 iat,
336 2733 540 2777 Emon—
558 2733 775 2786 Hetan,
815 2733 1026 2776 Ειιιοιι-
1041 2733 1254 2787 Hetan,
1289 2734 1402 2777 unde
1431 2749 1584 2777 nomen
1614 2735 1741 2778 Attea
1769 2734 1887 2778 haud
1917 2734 1996 2777 ob-

210 2805 335 2835 scure
364 2798 564 2844 resonat,
603 2793 715 2834 sicut
745 2790 845 2836 εὐοῖ
871 2805 924 2835 ex
952 2792 1179 2836 Evovoe
1195 2826 1207 2846 ‚
1254 2793 1366 2849 quod
1398 2794 1498 2836 olim
1527 2794 1574 2836 in
1602 2793 1737 2837 Festo
1766 2794 1994 2837 Asinorum

208 2865 287 2908 pro
316 2850 507 2906 Halleluj
512 2851 568 2893 ah
598 2850 885 2895 acclamatum
907 2857 974 2894 est
1002 2865 1043 2894 v.
1077 2851 1234 2896 Millin.
1267 2852 1455 2895 Monum.
1484 2852 1601 2896 Ined.
1629 2848 1695 2896 IL
1712 2851 1820 2898 350.

328 2907 399 2964 [b]
440 2909 560 2951 Idem
590 2914 636 2952 et
663 2907 860 2964 Loyeru's
890 2908 945 2952 de
974 2909 1143 2966 Spectr.
1174 2911 1227 2953 L.
1258 2910 1333 2954 lV.
1364 2926 1401 2953 c.
1431 2910 1472 2954 3.
1512 2908 1782 2954 consentiunt
1810 2909 1994 2967 Hymnis

211 2966 416 3023 Orphicis
445 2967 505 3010 nil
524 2967 618 3012 nisi
647 2967 796 3011 laudes
825 2967 1105 3013 Diabolorum
1135 2970 1358 3023 contineri,
1388 2969 1618 3024 Alastoria,
1648 2968 1843 3013 Luciferi
1872 2970 1991 3013 Pha-

211 3026 322 3067 netis
351 3031 433 3068 etc.

328 3083 406 3139 [†]
447 3080 732 3156 Ἠρωὸιανός
754 3097 906 3156 φησιν
923 3082 984 3134 ὥς
1011 3083 1065 3129 οὐ
1096 3084 1170 3128 δεῖ
1194 3083 1249 3128 τὰ
1278 3083 1590 3159 σχετλιαστικὰ
1618 3088 1710 3130 τῶν
1738 3083 1993 3157 ἓπιῤῥημά-

216 3156 333 3197 των,
374 3143 535 3187 οἱονεὶ
534 3141 752 3216 βακχικὰ
774 3139 906 3216 όντα,
946 3141 1035 3188 ὑπὸ
1077 3142 1158 3199 τὴν
1197 3145 1408 3216 ἔντεχνον
1447 3143 1728 3189 ἀκολουθίαν
1767 3140 1910 3215 α’γειν
1936 3166 1995 3176 -

215 3198 287 3243 διὸ
320 3198 387 3243 ἐπ’
421 3199 569 3245 αὐτῶν
598 3200 692 3246 ἔσθ’
729 3199 801 3246 ὅτε
830 3218 880 3245 το
910 3200 1027 3246 δασὺ
1057 3205 1239 3276 πνεῦμα
1250 3200 1443 3276 ἀλόγως
1472 3205 1522 3248 ἐν
1539 3206 1610 3275 τῇ
1651 3199 1848 3275 ληγούσῃ
1880 3200 2011 3262 ὁρᾶ--

213 3274 306 3314 ται,
349 3255 409 3307 ὥς
437 3259 530 3316 ἔχει
558 3258 606 3304 τὸ
638 3259 756 3316 εὐοῖ,
800 3258 935 3316 εὐᾶν,
968 3259 1095 3305 εὗὲν·
1128 3261 1299 3321 τὸγὰρ
1331 3264 1480 3320 λέγειν
1511 3254 1635 3305 εὗσοι
1664 3259 1755 3304 κατ’
1790 3262 1992 3316 έλλειψιν

213 3319 570 3431 ἔοῦΙὲδέέγονεν
600 3318 712 3374 εὐοῖ,
745 3317 1004 3377 ἀμφίβολον
1033 3324 1116 3363 etc.
1164 3322 1431 3378 Theognost.
1462 3322 1506 3364 in
1535 3320 1696 3365 Anecd.
1726 3317 1987 3363 Bekk.1nd.
