2150 3814
796 200 1245 247 ORPHICA.
1514 181 1517 184 *
1790 186 1916 247 969

135 340 354 418 ταμοῖς
396 336 485 395 ait
528 340 740 394 auctor
782 331 1125 409 argumenti
1167 330 1233 387 in
1278 326 1530 387 Theocr.
1572 346 1637 407 p.
1674 326 1734 386 4.
1780 328 1917 388 Sui-

142 434 286 495 das:
324 436 463 499 Ἀπὸ
509 434 607 506 δὶς
650 431 804 494 ἑπτὰ
846 428 1176 513 κυμάτων,
1224 428 1344 491 ἀπὸ
1386 416 1748 511 μέταφορᾶς
1787 435 1918 491 τῶν

140 537 239 598 ἐπὶ
282 533 500 617 φόνοις
551 531 1052 612 καθαιρομένων.
1126 527 1461 588 Pausanias
1503 527 1581 586 II.
1626 526 1726 588 31.
1771 525 1920 586 Ore-

138 644 295 693 stem
374 650 488 714 per
553 649 782 692 novem
856 629 1229 689 Troezenios
1305 626 1630 708 purgatum
1711 625 1919 686 tradit.

141 730 302 804 Quin
362 732 554 791 etiam
613 730 795 803 deOS,
851 730 1252 801 Mercurium,
1295 728 1642 789 Minervam
1700 736 1763 786 et
1816 725 1922 787 Jo-

135 849 281 891 vem
324 832 530 910 ipsum
584 831 745 891 hanc
798 848 1054 912 operam
1113 827 1299 889 caede
1353 827 1608 908 pollutis
1660 845 1924 889 navasse

139 929 466 1011 perhibent
519 929 813 1013 Apollod.
867 931 943 989 II.
1005 928 1085 988 l..
1118 926 1176 987 5.
1264 925 1483 986 Aesch.¹
1522 927 1718 1021 *Eum
1774 927 1921 990 438.

138 1029 249 1089 sed
284 1032 521 1092 nullum
565 1039 776 1093 vatem
817 1038 924 1088 aut
965 1025 1347 1086 sacerdotem
1389 1026 1772 1102 immiscent,
1815 1046 1920 1086 ex-

140 1140 318 1210 cepto
363 1130 529 1211 quod
574 1127 1069 1207 Chrysothemis,
1126 1144 1304 1204 quem
1350 1126 1633 1184 nonnulli
1675 1125 1925 1186 vatibus

137 1232 443 1304 inserunt,
505 1228 861 1309 Apollinem
906 1227 1106 1286 occiso
1151 1225 1434 1302 Pythone
1474 1225 1736 1286 solvisse
1778 1225 1922 1286 dici-

137 1340 239 1388 tur
283 1329 483 1389 Schol.
527 1328 703 1389 Pind.
745 1330 812 1387 in
853 1325 1105 1405 Argum.
1149 1325 1327 1403 Pyth.
1383 1346 1445 1407 p.
1489 1323 1634 1386 485.
1722 1325 1925 1405 Heyn.

139 1431 312 1508 cujus
355 1431 422 1489 in
462 1430 670 1490 locum
707 1429 817 1488 alii
858 1424 1295 1487 Carmanorem
1334 1428 1467 1505 eJus
1504 1435 1746 1506 patrem
1784 1426 1927 1487 sub-

140 1539 377 1609 rogant.
429 1545 491 1591 v.
533 1531 712 1590 PauS.
752 1527 834 1589 -X,
878 1528 938 1587 7.
983 1518 1322 1608 Crotopum
1360 1526 1564 1586 Lutat.
1610 1526 1690 1586 ad
1736 1527 1926 1588 Theb.

140 1631 187 1689 I.
242 1629 384 1691 570.

309 1730 450 1791 Hae
494 1741 700 1790 autem
743 1729 988 1789 fabulae
1032 1726 1112 1787 ad
1155 1726 1321 1785 idem
1361 1727 1713 1807 exemplum
1751 1726 1928 1788 fictae

142 1833 500 1891 confirmant
563 1829 633 1890 id
688 1830 855 1911 quod
910 1829 1158 1908 saepius
1214 1828 1614 1901 iteravimus,
1683 1835 1926 1889 veteres

141 1931 628 2012 mythographos
693 1933 760 1990 in
815 1928 1133 1990 tradendis
1187 1929 1444 1987 heroum
1501 1926 1688 1988 rebus
1742 1930 1927 2006 gestis
1974 2005 1976 2008 Ι

145 2030 530 2091 tantumdem
569 2033 729 2111 juris
768 2032 1142 2103 exseruisse,
1186 2037 1478 2109 quantum
1522 2029 1728 2108 poetis
1769 2037 1930 2088 esset

147 2131 383 2206 datum,
427 2141 499 2191 ut
540 2133 755 2212 paucis
798 2132 955 2204 illis,
1010 2148 1165 2210 quae
1211 2128 1290 2187 de
1346 2130 1636 2207 cujusque
1678 2131 1931 2187 nomine

146 2241 210 2291 et
250 2234 453 2313 patria
496 2234 835 2311 antiquitus
885 2229 1116 2289 tradita
1170 2238 1403 2301 essent,
1463 2228 1799 2306 adjicerent
1852 2229 1930 2288 de'

146 2350 259 2392 suo
303 2331 601 2412 quidquid
645 2331 725 2391 ad
767 2331 1216 2391 absolutionem
1252 2331 1462 2408 justae
1498 2329 1796 2388 historiae
1837 2350 1932 2388 re-

148 2434 508 2512 quireretur,
551 2431 738 2512 idque
772 2433 1101 2512 plerosque
1145 2440 1270 2489 tam
1318 2432 1536 2507 exigua
1580 2429 1931 2490 elaborasse

148 2533 440 2605 sollertia,
483 2540 556 2591 ut
600 2550 812 2592 omnes
854 2531 983 2590 fere
1009 2531 1224 2589 heroes
1267 2529 1486 2589 eodem
1523 2528 1711 2590 modo
1742 2533 1931 2604 nasci,

152 2633 398 2693 educari
433 2642 495 2692 et
539 2632 764 2693 iisdem
803 2631 884 2691 ad
921 2630 1290 2691 exulandum
1331 2633 1528 2690 causis
1563 2631 1803 2710 impelli
1830 2633 1931 2691 vi-

150 2733 424 2795 deamus».
513 2731 680 2807 Quas
733 2752 831 2794 res
894 2731 974 2791 ad
1028 2751 1200 2792 suam
1260 2751 1563 2812 quemque
1610 2729 1931 2790 libidinem

150 2836 397 2895 finxisse
438 2835 547 2894 illo
581 2836 721 2914 ipso
757 2832 1040 2893 Herculis
1076 2833 1358 2912 exemplo
1390 2830 1700 2903 docemur,
1745 2850 1927 2910 quem

153 2935 263 2994 alii
303 2937 369 2994 in
411 2935 767 3013 majusculis
810 2935 1120 3011 mysteriis
1165 2934 1476 3012 expiatum
1520 2931 1787 3007 tradunt,
1824 2934 1931 2992 alii

150 3036 219 3095 in
248 3036 623 3109 minuscuIiS,
659 3035 940 3094 nonnulli
978 3055 1016 3095 a
1052 3035 1338 3106 Musaeo,
1381 3051 1528 3112 pars
1564 3033 1641 3093 ab
1675 3034 1931 3093 Eumol-

154 3153 271 3213 po,
314 3151 574 3215 quorum
605 3137 702 3195 cui
729 3137 1121 3216 potissimum
1160 3132 1533 3195 credendum
1576 3135 1689 3208 sit,
1732 3135 1928 3194 incas-

158 3252 297 3293 sum
339 3239 575 3317 quaerit
615 3237 972 3299 Larcherus.
