2150 3814
807 228 1258 275 onruch.
1754 212 1918 278 1085

153 380 304 442 quos
362 382 402 422 a
455 361 598 422 libis
638 356 933 436 fingendis
976 358 1066 418 ita
1105 356 1302 417 dictos
1344 364 1599 437 putant3
1642 356 1921 416 sacerdo-

70 507 74 510 ·
152 462 315 522 tibus
357 464 510 542 ipsis
550 462 667 520 hoc
706 459 976 518 muneris
1011 457 1249 535 delegat
1281 440 1682 516 Philostratus
1715 457 1921 518 Iconn.

150 561 218 620 L.
261 562 334 619 ΙΙ.
379 560 478 619 34.
522 557 664 619 858.
707 557 815 616 ubi
857 558 1246 618 sacerdotum
1287 556 1771 617 Dodonaeorum
1814 574 1922 617 va—

150 663 243 719 ria
296 678 549 718 munera
603 659 857 737 exponit
909 659 942 720 5
998 658 1116 740 μὲν
1169 665 1281 720 τοῦ
1339 654 1833 740 ἐρὲψαι“κύριος,
1888 656 1921 718 ὃ

150 758 219 821 δὲ
272 766 385 820 τοῦ
439 757 896 831 κατεύξασθαι,
957 766 1047 839 τῷ
1091 756 1160 820 δὲ
1204 756 1455 821 πόπανα
1491 757 1613 839 χρὴ
1656 755 1923 829 τάττειν,

147 858 260 921 τὸν
301 857 370 920 δὲ
415 861 474 928 ἐς
517 860 706 929 οὐλὰς
752 859 859 921 καὶ
899 866 1079 921 κανᾶ.
1126 856 1233 916 ubi
1276 856 1491 915 dubito
1538 875 1617 915 an
1661 855 1926 915 scriben-

149 950 300 1016 dum
342 959 425 1017 sit
463 958 577 1021 τὸν
619 957 690 1020 δὲ
733 963 792 1028 ἐς
832 956 1084 1020 πόπανα
1119 956 1242 1038 χρὴ
1283 954 1559 1027 τάττειν,
1604 956 1798 1014 hunc
1841 955 1927 1014 li-

147 1054 267 1115 bis
325 1056 849 1116 conficiendis
896 1056 1445 1135 >praepositum
1491 1070 1661 1111 esse
1707 1071 1927 1131 opor·
1972 1089 1976 1095 ·

148 1163 284 1227 tet3
345 1173 419 1213 ea
470 1165 631 1214 certe
684 1155 1017 1216 verborum
1060 1154 1367 1214 sententia
1409 1160 1532 1226 est,
1575 1169 1700 1211 non
1744 1170 1928 1231 quam

145 1255 446 1333 interpres
488 1256 804 1335 expressit.

358 1713 1333 1794 EPIMETRUM
1485 1716 1709 1795 XV.

489 1883 567 1934 ad
603 1882 663 1939 c,
700 1882 881 1937 vm.
921 1887 968 1948 ς.
1005 1884 1054 1978 6.
1101 1890 1233 1935 not.
1271 1882 1572 1949 primam.

1074 2050 1268 2094 Oracula
1299 2049 1353 2094 de
1381 2050 1570 2093 Baccho.

315 2212 591 2271 Primum
636 2221 730 2272 est
772 2209 939 2291 apud
981 2209 1303 2269 Demosth.
1350 2228 1396 2267 c.
1438 2207 1590 2267 Mid.
1635 2228 1696 2288 p.
1742 2207 1883 2269 531.

285 2338 611 2405 Μεμνῆσθαι
646 2333 868 2404 Βάκχοιο
904 2337 987 2388 καὶ
1025 2331 1330 2405 εὐρυχόρους
1364 2332 1472 2386 κατ’
1513 2331 1691 2403 ἀγυιὰς

287 2418 490 2473 ἱστάναι
527 2418 716 2492 ὡραῖον
749 2422 964 2493 Βρομίῳ
994 2418 1155 2489 χορὸν
1192 2417 1389 2487 ἄμμιγα
1424 2415 1637 2479 πάντας.

149 2536 307 2595 sicut
376 2535 666 2596 emendat
744 2538 802 2596 h.
871 2537 912 2594 l.
968 2534 1475 2594 Hemsterhusius
1544 2532 1630 2603 ad*
1678 2533 1926 2595 Lucian.

144 2634 373 2714 Nigrin.
444 2635 497 2717 ξ.
569 2636 667 2697 16.
736 2633 1087 2698 Secundum
1143 2637 1419 2698 servavit
1470 2634 1823 2695 Athenaeus
1879 2636 1925 2694 I.

143 2737 246 2799 22.
291 2736 364 2795 E.

281 2848 459 2902 Εἴκοσι
493 2847 589 2910 τὰς
623 2846 722 2920 πρὸ
758 2847 910 2911 κυνὸς
943 2851 1027 2901 καὶ
1065 2848 1220 2902 εἶᾶιοσι
1255 2847 1349 2909 τὰς
1382 2847 1648 2915 μετέπειτα

284 2933 406 3007 οἴκῳ
442 2933 514 2986 ἐνὶ
548 2938 731 3009 σκιερῷ
765 2929 1005 3008 Διονύσῳ
1035 2938 1270 3004 χρῆσθαι
1304 2935 1478 3006 ἰητρῷ.

149 3046 315 3128 quod
359 3047 620 3109 oraculis
663 3049 918 3110 medicis
963 3046 1492 3110 adnumerandum
1537 3056 1630 3108 est
1642 3044 1733 3130 [“].
1780 3047 1926 3109 Ter-

149 3148 307 3208 tium
362 3148 508 3223 hoc,
563 3149 730 3231 quod
786 3149 863 3209 ab
918 3149 1190 3210 Eusebio
1244 3149 1504 3209 refertur
1546 3149 1641 3208 Pr.
1685 3149 1802 3212 Ev.
1847 3149 1921 3207 V.

272 3316 344 3373 [ὃ]
387 3318 551 3363 Plinius
580 3319 705 3364 VIII.
735 3319 806 3364 63.
858 3335 885 3364 a
928 3334 1113 3364 morsu
1156 3319 1317 3363 canis
1358 3319 1579 3363 unicum
1618 3319 1920 3362 remedium

154 3374 391 3420 oraculo
433 3377 665 3432 quodam
708 3393 879 3435 nuper
931 3385 1213 3436 repertum
1266 3377 1431 3421 radix
1472 3378 1784 3434 sylvestris
1824 3392 1921 3420 ro-
