2184 3840
245 209 371 269 832
785 222 1021 266 Lmen
1068 223 1499 267 SECUNDUS.

243 354 566 433 patefacti,
631 354 691 410 in
737 350 901 431 quod
948 362 1009 409 et
1051 352 1258 411 Divae
1303 352 1757 419 descendissent
1800 363 1861 411 et
1903 355 2025 414 Eu-

243 454 406 513 bulei
464 452 716 532 porcelli
779 452 1146 531 praecipites
1192 453 1314 510 acti
1358 464 1561 513 essent
1606 453 1901 512 duraturo
1945 453 2028 512 ad

241 565 523 633 posteros
593 550 894 628 exemplo.
1007 551 1260 612 Servius
1328 551 1407 611 ad
1463 553 1603 611 Buc.
1661 554 1707 611 Ι.
1765 553 1824 612 3.
1888 551 2026 611 105.

240 672 552 734 specuS‚
610 671 743 731 per
796 667 1018 728 quam
1078 649 1594 711 descenderat
1653 650 1884 712 Ceres
1950 654 2028 711 in

240 753 626 812 infernum
665 747 923 809 filiam
961 767 1354 828 quaerenS‚
1389 750 1718 812 mundus
1755 763 1873 812 est
1908 771 2027 832 ap-

239 853 599 932 pellatus.
644 847 849 927 Atque
892 849 946 907 is
992 867 1235 928 quoque
1279 850 1385 928 qui
1418 849 1650 909 Romae
1685 863 1816 912 erat
1850 872 2028 912 mun-

238 951 354 1011 dus
422 950 560 1010 Diti
624 949 790 1008 Patri
849 959 910 1007 et
967 949 1371 1028 Proserpinae
1424 961 1843 1024 consecratuS‚
1901 971 2027 1011 non

234 1052 356 1112 nisi
399 1050 594 1111 tribus
639 1068 750 1130 per
792 1068 1022 1109 annum
1063 1049 1317 1129 patebat
1341 1049 1585 1124 diebus3
1630 1050 1795 1130 quod
1817 1051 2027 1131 ipsum

234 1151 462 1212 indicio
509 1160 638 1224 est,
681 1149 888 1209 locum
932 1159 1175 1230 septum
1222 1150 1411 1209 fuisse
1454 1150 1651 1209 instar
1694 1152 2025 1229 magalium

234 1253 685 1313 Boeoticorum.
730 1249 1000 1310 Verbum
1046 1250 1418 1336 μεγαρίζειν,
1464 1261 1534 1310 ut
1575 1250 1693 1310 hoc
1725 1253 1788 1310 in
1828 1262 2027 1312 trans-

236 1372 416 1413 cursu
470 1350 729 1425 addam,
791 1361 962 1410 actus
1021 1350 1337 1428 cujusdam
1396 1351 1687 1411 solemnis
1731 1353 2027 1430 significa-

235 1455 468 1514 tionem
526 1451 712 1512 habet
752 1452 815 1510 in
861 1452 1197 1531 Epiphanii
1240 1451 1407 1525 loco,
1465 1470 1646 1531 quem
1690 1471 1873 1512 nemo
1918 1452 2024 1512 ad-

234 1554 354 1614 huc
408 1551 672 1613 attendit
732 1551 873 1612 adv.
923 1550 1105 1609 Haer.
1150 1550 1218 1608 L.
1264 1552 1368 1610 111.
1420 1551 1600 1611 1092.
1647 1551 1715 1612 Τ.
1759 1554 1835 1612 ΙΙ.
1880 1557 2022 1636 παρ’

233 1656 477 1734 Ἕλλησι
534 1651 602 1716 δὲ
657 1650 822 1714 πόσα
865 1648 1178 1733 μυστήρια
1221 1651 1327 1713 καὶ
1368 1651 1634 1723 τελεταὶ,
1680 1653 1763 1721 ὥς
1808 1655 1874 1714 αἱ
1914 1679 2026 1735 με-

232 1754 603 1841 γαρίζουσαι
668 1757 956 1838 γυναῖκες
1023 1751 1129 1813 καὶ
1194 1749 1815 1833 θεσμοφοριάζουσαι
1869 1753 2025 1835 πρὸς

236 1853 497 1935 ἀλλήλας
540 1853 968 1935 διαφέρονται,
1006 1850 1124 1913 ὅσα
1159 1850 1228 1913 δὲ
1265 1854 1332 1915 ἐν
1369 1852 1662 1914 Ἐλευσῖνι
1690 1850 2022 1935 μυστήρια.

234 1954 468 2016 Pendet
511 1954 705 2013 animi
731 1951 1052 2026 Petavius3
1099 1948 1433 2011 Checozius
1481 1950 1732 2030 Sopra
1774 1951 1822 2010 l’
1866 1951 2025 2012 ido-

232 2057 405 2118 latr.
475 2054 566 2114 de
623 2053 899 2113 boschi
955 2054 1021 2112 in
1077 2053 1337 2112 Dissert.
1394 2049 1584 2111 Acad.
1644 2048 1894 2111 Corton.
1953 2053 2023 2112 T.

231 2157 336 2218 lv.
404 2175 463 2236 p.
527 2153 665 2214 165.
734 2152 1024 2212 emendat
1090 2152 1543 2236 μητριάζουσαι
1597 2170 1723 2211 non
1777 2162 2025 2233 praeter

235 2258 370 2320 veri
433 2256 719 2336 speciem.
787 2252 1008 2313 Pollux
1066 2254 1172 2313 III.
1235 2252 1329 2313 ll.
1405 2249 1766 2336 μητριάζειν
1818 2253 1890 2316 τὸ
1945 2261 2023 2335 τῇ

234 2357 455 2439 Μητρὶ
495 2364 626 2419 τῶν
671 2359 844 2428 θεῶν
886 2359 1080 2418 τελεῖν
1121 2354 1161 2435 ἢ
1207 2355 1293 2416 ἐπ’
1341 2355 1498 2435 αὐτῇ
1545 2353 1828 2440 ἀγείρειν.
1874 2353 2023 2412 Por-

231 2459 494 2540 phyrius
550 2458 616 2514 in
659 2455 775 2535 Ep.
833 2453 915 2513 ad
959 2453 1152 2513 Aneb.
1215 2454 1260 2511 I.
1306 2453 1405 2512 29.
1463 2456 1880 2516 ἑνθουσιῶσιν
1936 2452 2022 2523 ὥς

233 2563 297 2622 οἵ
362 2583 427 2621 τε
491 2552 1126 2639 κορυβαντιαζόμενοι
1193 2553 1299 2615 καὶ
1365 2552 1792 2635 μητρίζοντες,
1864 2571 2020 2633 quae

230 2658 425 2722 verba
479 2657 707 2738 repetit
759 2653 1137 2714 Jamblichus
1190 2653 1376 2730 Myst.
1432 2654 1538 2712 ΙΙΙ.
1593 2654 1651 2713 9.
1706 2652 1807 2712 69.
1894 2653 2020 2713 Sed

231 2757 570 2840 Epiphanii
612 2756 950 2816 sententiae
991 2753 1196 2813 nescio
1242 2771 1321 2812 an
1373 2754 1893 2814 accommodatius
1936 2756 2019 2814 sit

232 2859 660 2943 ὃημητρίζειν,
719 2855 883 2937 quod
938 2854 1108 2936 apud
1150 2852 1532 2930 Hesychium
1577 2854 1814 2932 legitur.
1905 2851 2018 2914 Ce-

234 2971 434 3018 terum
503 2967 635 3017 tota
702 2960 851 3031 ista,
929 2975 1112 3036 quam
1171 2952 1453 3014 Clemens
1515 2956 1730 3028 relert‚
1806 2954 2017 3016 fabula

177 3099 179 3102 -
235 3058 312 3118 de
370 3057 647 3118 bubulcis
704 3070 766 3117 et
817 3055 1085 3118 subulcis
1140 3064 1201 3113 et
1254 3055 1459 3136 porcis
1515 3054 1772 3114 dearum
1826 3056 2015 3116 vesti-

233 3160 333 3237 gia
383 3159 659 3238 sequutis
711 3177 859 3218 num
915 3157 992 3218 ab
1051 3154 1299 3234 Orpheo
1360 3156 1683 3234 proposita
1735 3157 1816 3215 sit
1869 3173 2014 3234 pro-

232 3269 370 3338 pter
422 3259 540 3326 hoc
595 3259 797 3318 solum
853 3257 1080 3336 ambigi
1136 3264 1370 3335 potest,
1414 3255 1558 3333 quia
1600 3256 1828 3333 apertis
1873 3274 2014 3316 ver-

232 3359 327 3420 bis
370 3378 495 3420 non
537 3358 829 3433 traditur,
886 3379 953 3418 re
1006 3366 1212 3417 autem
1269 3356 1406 3433 ipsa
1460 3362 1586 3412 tam
1644 3354 1862 3413 similis
1917 3360 2011 3412 est
