2150 3814
718 211 1277 259 sAMoTnRAcIA.
1736 200 1892 261 1271

134 345 236 405 Gr.
291 365 351 426 Ρ.
402 343 538 405 160.
590 341 889 422 πείσθητέ
924 367 1063 423 μοι,
1117 340 1352 418 inquit,
1408 337 1459 403 ὥ
1504 340 1726 423 ἄνδρες
1763 344 1899 417 Ἕλ-

133 456 304 525 ληνες
357 444 514 526 μηδὲ
565 443 711 512 τοὺς
752 441 1035 524 μύθους,
1101 431 1278 530 μηδὲ
1301 440 1446 511 τοὺς
1485 441 1675 511 θεοὺς
1718 442 1899 522 ὑμῶν

134 543 581 630 ἀλληγορήσητε
649 551 760 602 etc.
817 534 1155 622 eodemque
1211 537 1524 615 Clemens,
1590 540 1901 601 Arnobius

133 656 192 704 et
246 645 429 702 ceteri
493 644 702 702 omnia
755 661 868 701 sua
919 641 1058 701 tela
1098 651 1428 718 congerunt
1485 651 1546 700 et
1599 641 1905 702 Eusebius

129 745 264 823 ipse
318 741 715 803 discutiendis
771 743 1233 819 allegoricorum
1290 751 1707 819 argutatorum
1767 761 1907 823 cap-

130 843 415 903 tiunculis
458 843 796 922 plurimum
839 861 1064 923 operae
1106 844 1389 901 insumit:
1446 842 1740 923 οὐδαμῶς
1783 867 1905 925 φυ-

132 943 440 1027 σιολογίας
482 948 550 1006 ἐν
591 948 720 1013 τοῖς
761 943 903 1025 περὶ
941 947 1115 1006 θεῶν
1157 940 1390 1023 μύθοις
1422 940 1907 1025 παραδεχόμεθα

131 1042 283 1104 οὐδέ
319 1068 387 1127 γε
429 1043 543 1113 τὰς
587 1049 994 1125 σεμνοφανεῒς
1036 1043 1140 1104 καὶ
1183 1042 1545 1123 σοφιστικὰς
1583 1041 1908 1123 τερθρείας

129 1140 233 1200 111.
277 1142 378 1201 82.
425 1139 490 1201 C.
541 1142 678 1201 123.
720 1141 794 1201 A.
840 1159 1034 1218 eoque
1067 1149 1209 1220 tota
1249 1140 1360 1198 illa
1392 1139 1762 1217 Theologiae
1791 1141 1908 1199 Pu-

130 1241 302 1298 nicae
346 1241 652 1322 expositio
697 1239 977 1316 dirigitur
1021 1239 1104 1309 ὥς
1145 1240 1358 1321 μηκέτι
1392 1247 1622 1322 χρῆναι
1663 1239 1911 1323 βιαίους

131 1338 476 1418 ἀνιχνεύειν
541 1339 943 1426 φυσιολογίας
1008 1340 1054 1400 Ι.
1110 1339 1212 1400 42.
1281 1338 1360 1398 D.
1421 1339 1700 1400 Eandem
1757 1358 1909 1402 vero

129 1456 377 1499 causam
433 1441 607 1520 quasi
651 1439 729 1500 de
773 1442 1118 1519 composito
1164 1440 1290 1517 agi-t
1331 1439 1535 1521 Philo:
1580 1442 1912 1524 ἐπιμέμφε-

131 1564 234 1601 ται
298 1546 427 1610 τοῖς
495 1542 812 1624 νεωτέροις
870 1540 953 1610 ὥς
1019 1540 1102 1604 ἂν
1154 1542 1582 1623 βεβιασμένως
1635 1541 1741 1603 καὶ
1796 1542 1911 1603 οὐκ

133 1641 387 1718 ἀληθῶς
454 1641 601 1711 τοὺς
659 1640 800 1723 περὶ
853 1644 1027 1705 θεῶν
1080 1639 1331 1721 μύθους
1385 1645 1483 1704 ἐπ’
1543 1639 1910 1726 ἀλληγορίας

131 1739 237 1801 καὶ
303 1741 571 1821 φυσικὰς
636 1738 941 1826 διηγήσεις
999 1740 1104 1802 καὶ
1157 1741 1430 1824 θεωρίας
1487 1739 1792 1825 ἀνάγουσι
1847 1759 1910 1818 Ρ.

133 1839 232 1898 32.
286 1838 361 1898 A.
417 1842 527 1901 vix
581 1844 665 1899 ut'
709 1841 1254 1920 praevaricationis
1310 1842 1720 1920 suspicionem
1768 1839 1913 1899 effu-

131 1957 270 2016 gere
312 1941 526 2019 possit.
590 1938 715 1999 Sed
756 1939 926 2000 illam
969 1941 1168 2020 ipsam
1214 1937 1686 2018 Cosmologiam‚
1732 1959 1914 2019 quam

130 2038 434 2099 Eusebius
491 2041 811 2121 proponit,
885 2041 1073 2120 paulo
1131 2043 1472 2100 accuratius
1530 2039 1914 2099 considerare

130 2139 298 2199 libet.
396 2140 642 2199 Etenim
701 2139 1197 2200 Sanchuniathon
1265 2141 1382 2198 iste
1436 2140 1915 2219 perfectissimus

133 2237 368 2299 Atheus
425 2247 521 2298 est
573 2258 827 2321 prorsus
872 2238 951 2299 ad
995 2239 1282 2298 Euemeri
1325 2258 1638 2300 normam:
1683 2241 1758 2302 οὔ
1801 2240 1915 2303 τὸν

136 2341 234 2402 ἐπὶ
301 2338 559 2404 πάντων
626 2340 784 2404 θεὸν
852 2339 998 2403 οὐδὲ
1051 2340 1178 2421 μὴν
1229 2340 1375 2410 τοὺς
1428 2343 1559 2403 κατ’
1619 2341 1915 2424 οὐρανὸν,

135 2441 414 2519 θνητοὺς
481 2439 551 2504 δὲ
621 2440 859 2523 ἄνδρας
925 2441 1030 2502 καὶ
1096 2445 1398 2524 γυναῖκας
1467 2445 1750 2527 θεολογεῖ
1811 2440 1946 2502 καὶ.

134 2547 443 2625 μαρτυρεῖ
506 2565 575 2626 γε
644 2538 908 2611 τούτους
948 2538 1240 2610 ’ἐκείνους
1303 2541 1460 2605 εἶναι
1527 2541 1673 2611 τοὺς
1744 2542 1916 2610 εἶςέτι

136 2639 325 2710 θεοὺς
366 2640 537 2723 παρὰ
580 2646 709 2710 τοῖς
750 2647 903 2702 πᾶσι
943 2641 1423 2723 νενομισμένους
1465 2661 1527 2722 Ρ.
1572 2634 1671 2700 31.
1719 2638 1784 2700 C.
1855 2649 1916 2698 et

137 2738 360 2799 deinde
434 2741 619 2800 latius
687 2739 933 2800 disserit
996 2742 1230 2821 priscos
1297 2741 1651 2801 mortalium
1711 2740 1914 2814 coelo,

139 2843 349 2914 astris,
406 2841 752 2915 elementiS,
796 2839 1056 2922 denique
1099 2852 1298 2901 terrae
1341 2841 1640 2901 fructibus
1682 2859 1916 2900 rerum-

141 2958 258 3019 que
320 2942 566 3002 utilium
625 2941 1049 3003 inventoribus
1107 2952 1168 3001 et
1222 2941 1764 3023 amplificatoribus
1824 2941 1915 3001 di-

142 3040 463 3101 vinitatem
524 3041 803 3118 dedisse3
882 3061 1142 3123 quorum
1197 3042 1498 3123 plurimos
1552 3043 1914 3103 nominatim

143 3141 558 3220 persequitur,
641 3143 995 3221 Phlogium‚
1073 3144 1357 3204 Photium
1418 3153 1480 3204 et
1532 3145 1784 3222 Pyrium
1811 3143 1915 3224 [a]

270 3309 338 3366 [tt]
383 3311 548 3354 Horum
574 3311 654 3355 filii
685 3313 866 3366 Casius,
907 3314 1128 3366 Libanus,
1170 3313 1438 3357 Antilibanus
1467 3320 1511 3358 et
1538 3316 1733 3372 Brathy‚
1765 3330 1791 3358 a
1822 3316 1914 3372 qui-

154 3370 232 3411 bus
263 3373 426 3411 montes
456 3369 727 3415 denominati.
788 3372 950 3416 Montis
979 3374 1147 3429 Brathy
1179 3387 1307 3415 causa
1337 3373 1550 3427 OrelliuS‚
1580 3381 1627 3419 ut
1658 3375 1805 3418 saltem
1836 3375 1915 3417 ali-
