2150 3814
836 237 1296 291 ἸοιιΡΗῙΟΛ.
1795 226 1956 288 1093

186 340 529 452 compitn
572 385 890 432 currens
935 376 1009 428 et
1050 367 1429 430 silvarum
1463 376 1772 428 secreta
1800 388 1958 449 per—

184 472 531 540 lustrans
571 471 957 555 hominum
1000 489 1062 530 m
1079 469 1384 530 entibus
1427 470 1782 529 zizaniae
1826 472 1958 529 tri-

183 570 224 631 b
237 572 359 630 ulo
374 590 404 631 s
459 570 738 631 dissem
752 571 829 630 in
843 580 935 651 31.
1025 568 1260 644 Quibus
1282 608 1284 610 -
1318 560 1398 630 si
1427 570 1764 650 adjunxero
1809 570 1960 651 Epi-

180 671 395 751 phanii
448 670 868 732 testimonium
922 670 1206 732 Ancorat.
1263 667 1385 731 CV.
1445 669 1583 732 105.
1625 670 1704 730 D.
1758 674 1962 750 θηλυ-

181 767 443 851 νόμενός
491 795 586 842 τις
627 773 950 856 Κυβέλλην
991 770 1275 858 (ἔγραφε)
1320 773 1500 841 ἄλλος
1542 771 1612 835 δὲ
1655 772 1879 854 ῥέμβος
1919 770 1959 850 ἢ

178 870 379 953 ρεμβὰ
385 897 415 941 ς
441 872 748 954 ’Ἄρτεμιν
788 871 1218 956 κυνηγέτριαν,
1262 872 1416 931 nihil
1443 871 1594 946 erit,
1638 871 1804 953 quod
1845 889 1960 931 nos

182 967 416 1030 diutius
455 972 538 1030 inv
562 971 680 1030 hoc
721 971 859 1031 loco
904 970 1190 1030 detineat.
1982 964 1991 971 ’

169 1355 1418 1482 ἘΡΙΜΕΤΒΠΜ
1554 1402 1887 1486 vaI.

618 1576 696 1628 aa
752 1575 815 1634 C.
865 1575 1045 1631 VIII.
1096 1581 1142 1644 ς.
1192 1581 1241 1632 8.
1307 1564 1437 1633 not.
1475 1594 1521 1632 c.

347 1746 726 1828 Porphyrius
771 1748 850 1809 de
890 1748 1067 1810 Abst.
1105 1749 1180 1807 Π.
1217 1747 1270 1829 ξ.
1301 1747 1402 1808 29.
1448 1751 1696 1813 ἀνεῖπεν
1737 1750 1775 1829 ἡ
1819 1756 1966 1814 Πυ-

180 1843 301 1907 θία
357 1847 472 1911 τὸν
533 1851 600 1912 ἐν
655 1847 866 1932 Κρήτῃ
911 1847 1172 1935 φυγάδα
1214 1857 1415 1912 ταῦτα
1458 1846 1698 1923 λύσειν,
1743 1846 1857 1913 τόν
1898 1875 1965 1914 τε

181 1946 377 2028 φονέα
430 1951 964 2033 τιμωρησαμένων
1015 1950 1122 2013 καὶ
1173 1949 1287 2014 τὸν
1328 1953 1649 2014 τεθνεῶτα
1691 1951 1966 2030 ἀναστη-

180 2042 431 2111 σοίντων
472 2051 541 2112 ἐν
580 2045 733 2133 ᾗπερ
779 2052 1097 2115 ἀπέθανεν
1141 2049 1334 2133 σιάλῳ
1378 2052 1455 2114 ὃν
1490 2053 1765 2125 ἔσεσθαι,
1809 2070 1966 2131 quae

179 2144 379 2206 adhuc
433 2147 665 2210 frustra
729 2160 967 2211 tentata
1021 2160 1180 2211 sunt.
1278 2149 1515 2210 Addita
1573 2150 1814 2227 syllaba
1869 2156 1964 2214 θυ

180 2248 637 2330 conjunctisque
715 2270 871 2331 quae
934 2253 1100 2312 male
1166 2250 1495 2311 disso‘ciata
1562 2259 1734 2326 sunt,
1815 2251 1966 2311 haec

180 2358 451 2428 emerget
505 2352 829 2413 verissima
882 2353 1098 2426 lentie,
1153 2353 1269 2416 τὸν
1319 2356 1638 2415 τεθνεῶτα
1685 2350 1963 2431 (bovem)

180 2449 675 2530 ἄναστησοίντων
736 2456 804 2517 ἐν
844 2449 998 2536 ᾗπερ
1045 2455 1323 2517 ἀπέθανε
1365 2451 1568 2533 θυσίᾳ
1612 2450 1964 2533 (Diipoliis)

179 2556 345 2631 λῷον
387 2551 660 2615 ἔσεσθαι.
719 2552 836 2612 Est
890 2554 1009 2613 hoc
1062 2554 1336 2613 solemne
1382 2552 1773 2612 oraculorum
1820 2572 1964 2612 exo-

178 2647 368 2711 dium.
409 2648 651 2713 Aelian.
692 2652 775 2714 H.
817 2653 935 2714 An.
979 2653 1112 2716 XII.
1159 2655 1257 2714 31.
1316 2654 1348 2716 ὃ
1394 2654 1546 2724 θεὸς
1590 2652 1962 2735 ἀπεκρίνατο

112 2797 115 2803 -
177 2749 375 2822 οὕτως
433 2754 644 2824 αὐτοῖς
702 2755 957 2819 ἔσεσθαι
1013 2764 1193 2839 λῷον.
1250 2752 1526 2814 Herodo·
1582 2753 1627 2812 I·
1673 2751 1774 2811 85·
1817 2750 1964 2816 τόδε

178 2870 278 2914 σοι
330 2853 490 2917 πολὺ
544 2850 732 2918 λώιον
788 2857 984 2940 ἀμφὶς
1040 2859 1314 2940 ἔμμεναι.
1373 2853 1587 2931 Polyb.
1643 2852 1803 2912 VIII.
1861 2853 1961 2913 30.

178 2948 339 3014 κατά
390 2977 452 3016 τι
504 2951 717 3042 λόγιον
772 2957 1071 3041 ἀρχαῖον,
1128 2960 1384 3042 ἄμεινον
1440 2954 1546 3017 καὶ
1601 2951 1788 3019 λώιον
1833 2956 1984 3017 ἓ’σε-’

181 3055 339 3115 σθαι
382 3053 559 3136 σφίσι
601 3064 712 3116 etc.
749 3067 812 3117 et
842 3057 925 3118 ib.
961 3078 1008 3119 c.
1049 3058 1145 3118 19.
1181 3064 1412 3140 χρῆσαι
1444 3055 1560 3120 τὸν
1592 3055 1750 3119 θεὸν
1785 3057 1963 3137 ἄμει-

178 3173 295 3215 νον
335 3153 441 3216 καὶ
481 3152 670 3221 λώιον
714 3159 985 3222 ἔσεσθαι.
1031 3158 1351 3242 (λωίτερον
1394 3157 1499 3219 καὶ
1541 3158 1799 3240 ἄμεινον
1844 3154 1959 3215 Od.

180 3250 225 3310 Ι.
269 3250 439 3334 376.)
482 3252 764 3319 Clemens
807 3258 979 3321 Alex.
1025 3259 1251 3320 Strom.
1297 3257 1397 3318 vl.
1440 3254 1584 3318 753.
1630 3253 1681 3321 ὦ
1709 3255 1961 3340 Δελφοί,

183 3349 455 3416 λίσσεσθ’
494 3355 759 3439 ἀνέμους
792 3362 899 3424 καὶ
937 3357 1121 3426 λώιον
1150 3364 1335 3425 ἔσται.
1381 3358 1683 3421 Plutarch.
1709 3354 1959 3432 Quaest.
