2184 3840
241 259 366 320 836
786 270 1024 314 LIBER
1069 268 1515 314 SECUNDUS.

242 404 362 464 bat.
463 402 834 462 Athanasius
891 412 1097 462 autem
1156 403 1483 463 Kircherus
1543 403 1607 460 in
1665 398 1817 458 Oed.
1876 397 2022 476 Aeg.

244 504 313 564 Τ.
335 504 440 564 ΠΙ.
465 503 606 562 228.
654 501 842 562 verba
885 498 1015 560 sine
1059 520 1241 561 sensu
1285 512 1347 561 et
1389 502 1646 561 scientia
1693 499 2027 558 declamat:

242 605 647 681 Ramorum
693 609 810 658 ast
853 603 1072 678 queis
1118 611 1296 659 sunt
1348 602 1752 660 hominum
1797 609 2029 657 terre-

243 704 440 779 stria
498 719 761 770 curae,
818 716 968 758 non
1019 713 1169 757 ⁴uno
1226 710 1402 759 sunt
1453 701 1665 759 facta
1723 700 1894 757 loco
1951 699 2029 755 in

243 811 493 863 mente
539 807 650 857 etc.
741 796 899 855 Sunt
941 783 1095 858 vero*
1136 799 1225 881 ita
1269 798 1591 858 scribenda
1656 838 1658 841 v
1692 863 1695 865 ,

384 912 605 981 Θαλλῶν
640 909 686 960 δ’
719 906 806 961 ἶσα
839 915 1102 980 βροτοῖσιν
1139 911 1215 962 ἐνὶ
1247 909 1585 981 φρεσὶνῖργα
1621 910 1860 977 μέμηλεν.

383 995 530 1049 οὐδὲν
566 994 660 1061 ἔχει
695 995 821 1061 μίαν
858 991 1010 1047 αἶσαν
1048 996 1126 1047 ε’πὶ
1157 993 1357 1063 χθονός
1400 1027 1458 1034 -
1723 1057 1725 1059 ,

245 1098 404 1161 Cum
461 1089 718 1157 surculis
762 1097 868 1155 ille
910 1100 1157 1176 negotia
1187 1098 1468 1157 humana
1512 1105 1831 1175 comparat
1874 1095 2032 1154 sicut

243 1199 554 1260 Homerus
600 1215 736 1255 cum
780 1196 974 1256 foliis:
1039 1201 1263 1280 Οἵηπερ
1310 1205 1566 1280 φυλλῶν
1607 1194 1782 1282 γενεή
1823 1232 1906 1240 ——
1951 1193 2032 1253 ad

243 1296 673 1360 declarandam
741 1297 935 1355 nostri
987 1300 1222 1374 generis
1279 1296 1764 1357 imbecillitatem
1819 1304 1882 1353 et
1934 1296 2032 1353 in-

245 1399 683 1470 constantiam,
743 1398 927 1475 vulgo
985 1398 1156 1458 illam
1188 1465 1189 1468 Ἴ
1219 1407 1282 1456 et
1337 1397 1414 1455 ab
1462 1395 1745 1475 Orphicis
1791 1413 2032 1474 quoque

244 1498 625 1579 deploratam
682 1498 766 1577 (v.
814 1494 880 1555 C.
923 1498 1072 1574 111.).
1134 1497 1390 1576 Reliqua
1437 1493 1770 1564 Clementis
1831 1494 2029 1554 oratio

244 1597 362 1657 huc
406 1595 704 1655 decurrit:
749 1594 1248 1677 Χρησιμιότατον
1295 1599 1417 1674 ἄρα
1461 1597 1532 1658 τὸ
1577 1605 1684 1675 τῆς
1729 1598 2030 1677 συμβολι-

244 1705 351 1776 κῆς
417 1695 739 1778 ἑρμηνείας
808 1701 891 1765 εἰς
959 1696 1037 1757 τὰ
1105 1695 1298 1757 πολλὰ
1370 1733 1452 1740 —-—
1509 1733 1592 1741 —-
1650 1694 1755 1757 ναὶ
1810 1695 1936 1774 μὴν
1992 1694 2029 1774 ἡ

246 1796 656 1875 στοιχειωτικὴ
699 1802 828 1857 τῶν
872 1795 1119 1856 παίδων
1163 1795 1537 1857 διδασκαλία
1581 1795 1697 1874 τὴν
1732 1802 1864 1857 τῶν
1895 1816 2029 1856 τετ-

242 1893 453 1979 τάρων
500 1894 815 1973 στοιχείων
859 1894 1242 1976 περιείληφεν
1286 1894 1644 1975 ἑρμηνείαν’
1702 1895 1860 1976 βέδυ
1904 1894 2026 1978 γὰρ

242 1995 388 2065 τοὺς
456 1992 717 2079 Φρύγας
785 1996 856 2056 τὸ
928 1994 1102 2076 ὕδωρ
1172 1996 1324 2076 φησὶ
1396 1993 1727 2076 (Δίδυμος)
1797 2000 2026 2065 καλεῖν,

244 2094 409 2181 καθὸ
456 2094 559 2155 καὶ
595 2092 857 2177 Ὀρφεύς
978 2096 984 2101 ’

383 2199 490 2249 Καὶ
522 2196 936 2267 βέδυνυμφάων
973 2197 1324 2263 καταλείβεται
1362 2197 1552 2266 ἀγλαὸν
1581 2196 1738 2267 ὕδωρ.

409 2290 730 2351 Postremo
775 2292 1081 2372 Epigenis
1111 2293 1486 2351 mentionem
1535 2291 1681 2350 facit
1724 2292 1792 2362 ὃς
1836 2295 1903 2356 ἐν
1938 2300 2027 2374 τῷ

244 2391 381 2472 περὶ
421 2399 529 2469 τῆς
566 2392 839 2472 Ὀρφέως
881 2390 1176 2469 ποιήσεως
1219 2393 1297 2454 τὰ
1345 2390 1666 2466 ἰδιάζοντα
1699 2398 1842 2475 παρ’
1879 2395 2024 2474 Ὀρ-

245 2495 352 2571 φεῖ
403 2488 790 2572 ἐκτιθέμενός
847 2512 998 2570 φησι
1042 2491 1364 2571 Κερκίσι
1409 2490 2023 2575 καμπυλόχρωσι

242 2594 370 2659 τοῖς
438 2587 755 2671 ἀρότροις,
827 2577 1182 2670 Στήμοσι
1241 2590 1310 2652 δὲ
1365 2597 1501 2661 ταῖς
1559 2594 1810 2665 αὔλαξι,
1874 2591 2022 2654 Μί-

242 2710 379 2752 τον
418 2687 520 2752 δὲ
584 2689 654 2750 τὸ
725 2689 962 2770 σπέρμα
1015 2692 1489 2774 ἆλληγορεῖσθαι
1538 2692 1643 2753 καὶ
1702 2691 2020 2773 Δάκρυα

244 2788 428 2858 Διὸς
480 2789 592 2850 τὸν
651 2790 895 2871 ὄμβρον
954 2790 1219 2868 δηλοῦν,
1308 2791 1624 2874 Μοίρας
1679 2816 1743 2853 τε
1802 2789 1884 2854 αὗ
1937 2791 2016 2853 τοὶ

243 2888 394 2969 μέρη
449 2895 556 2966 τῆς
613 2886 890 2968 σελήνης,
947 2889 1256 2972 τριακάδα
1314 2893 1418 2952 καὶ
1470 2889 2016 2969 πεντεκαιδεκάτην

244 2987 348 3048 καὶ
402 2988 764 3068 νουμηνίαν.
835 2988 932 3051 διὸ
990 2991 1094 3051 καὶ
1149 2994 1215 3051 Λ
1228 2991 1564 3055 ευκοστό
1581 3000 1661 3054 λο
1682 3017 1766 3061 υς
1823 2992 2018 3060 αὐτὰς

243 3092 450 3149 καλεῖν
504 3086 617 3149 τὸν
665 3090 892 3170 Ὀρφέα
949 3090 1156 3171 φωτὸς
1200 3094 1389 3162 οὔσας
1431 3093 1602 3174 μέρη.
1648 3090 1835 3154 πάλιν
1862 3092 2015 3152 ’Ἀν-

241 3187 421 3248 θιον
476 3185 592 3266 μὲν
647 3189 716 3249 τὸ
773 3191 880 3270 ’ἔαρ
938 3189 1046 3252 διὰ
1102 3191 1215 3269 τὴν
1275 3189 1499 3273 φύσιν,
1553 3190 1890 3275 Ἀργίδα
1944 3190 2014 3252 δὲ

240 3285 351 3363 τὴν
406 3282 601 3348 νύκτα
658 3287 763 3350 διὰ
819 3289 933 3367 τὴν
979 3287 1369 3362 ἀνάπαυσιν,
1425 3291 1529 3352 καὶ
1571 3288 2011 3375 Γοργόνιον

238 3383 352 3462 τὴν
406 3382 662 3464 σελήνην
716 3387 821 3449 διὰ
878 3390 947 3451 τὸ
994 3394 1060 3454 ἒν
1105 3391 1259 3469 αὐτῇ
1317 3388 1682 3472 πρόσωπον,
1734 3393 2009 3472 Ἀφρο-
