2150 3814
209 206 371 267 1170
763 215 1000 259 mona
1055 214 1415 259 Tnu'rms.

210 363 341 411 tum
384 346 781 431 proverbium
839 346 1019 413 ἄλλος
1080 340 1259 413 οὗτος
1304 345 1617 426 Ἡρακλῆς,
1659 342 1778 401 huc
1829 343 1985 402 refe-

205 459 362 524 rant,
408 459 470 508 et
512 448 638 507 Dio
685 442 854 524 apud
886 443 1188 502 Photium*
1219 443 1500 532 similiter
1543 443 1806 503 alterum
1852 443 1987 504 υῦὃ)

197 552 498 630 Ἡρακλῆς
542 545 695 628 πρὸς
739 541 856 605 δύο·
900 543 1042 600 hinc
1083 544 1297 601 natum
1341 551 1552 622 putat,
1609 540 1776 623 quod
1828 539 1988 600 Her-

206 650 369 709 cules
425 645 644 705 Idaeus
699 642 1060 712 καταδείξας
1113 640 1418 722 Ὀλύμπια
1471 644 1625 724 πρὸς
1681 640 1798 705 δύο
1855 642 1991 704 δια-

211 745 558 815 πυκτεύσας
626 741 900 824 ἡττήθη,
968 740 1078 800 sed
1147 740 1299 800 fides
1358 754 1615 821 sequuta
1681 760 1808 800 non
1872 749 1993 814 est3

207 866 351 906 nam
410 847 584 926 prius
657 843 936 924 plerique
997 839 1074 899 de
1133 840 1372 900 Theseo
1408 851 1545 901 *aut
1598 841 1831 901 Milone
1887 848 1996 901 aut

211 947 531 1007 Tithormo
604 951 856 1026 pastore
930 943 1411 1021 interpretantur
1482 948 1543 1002 v.
1615 940 1844 1000 Schott.
1916 939 1999 998 ad

209 1049 390 1109 Prov.
438 1044 608 1106 Suid.
651 1045 726 1103 Π.
777 1044 874 1103 13.
918 1051 980 1101 et
1024 1042 1283 1102 alterum
1339 1041 1418 1100 de
1461 1038 1738 1099 Thebani
1791 1039 1996 1099 herois

207 1147 458 1227 repulsa
515 1145 715 1205 Schol.
761 1143 913 1202 Plat.
968 1161 1029 1221 p.
1075 1143 1218 1202 380.
1264 1142 1457 1202 Bekk.
1504 1160 1574 1199 ac
1616 1159 1696 1199 ne
1741 1139 1998 1201 Nonnus

211 1246 459 1327 quidem
515 1245 589 1304 X.
646 1243 789 1303 376.
868 1241 1195 1301 Herculem
1255 1241 1588 1320 Olympiae
1645 1245 1801 1299 cum.
1839 1237 1999 1300 Jove

209 1349 350 1425 ipso
395 1346 692 1402 luctatum
757 1342 1025 1399 referens
1056 1337 1120 1420 [¹]
1207 1340 1462 1399 Idaeum
1514 1341 1852 1416 significare
1906 1341 2001 1400 vi-

211 1443 390 1507 detur
434 1442 544 1502 sed
590 1442 982 1512 Thebanum,
1047 1459 1224 1518 quem
1272 1440 1519 1519 publica
1563 1440 1732 1497 fama
1789 1440 2001 1516 agonis

213 1542 532 1623 Olympici
598 1551 909 1602 auctorem
971 1539 1226 1598 ferebat.
1328 1539 1428 1597 De
1488 1537 1596 1595 illo
1652 1540 1706 1596 si
1769 1539 2004 1617 antiqui

211 1643 351 1702 Elei
394 1641 650 1702 Pindari
694 1641 979 1721 aequales
1027 1659 1101 1698 ea
1143 1637 1620 1719 praedicassent,
1666 1657 1821 1717 quae
1850 1638 2005 1698 Pau-

213 1745 416 1803 sanias
462 1743 540 1802 ab
585 1743 950 1822 antiquariis
997 1741 1250 1820 accepit,
1302 1738 1472 1798 nullo
1517 1754 1773 1818 prorsus
1815 1738 2005 1798 modo

211 1843 317 1902 ille
362 1842 807 1902 disertissimus
853 1841 1428 1920 Olympionicarum
1472 1857 1694 1918 praeco
1739 1840 2008 1899 instituti

211 1941 460 2002 laudem
537 1941 831 2002 audiente
901 1949 1116 2000 cuncta
1189 1939 1451 1997 Graecia
1516 1939 1584 1997 in
1645 1938 2005 1999 Thebanum

214 2042 545 2102 transferre
588 2042 896 2121 potuisset
939 2040 1287 2099 Herculem.
1375 2038 1621 2116 Itaque,
1676 2039 1832 2098 sicut
1876 2058 2006 2098 om-

213 2143 309 2200 nis
332 2138 520 2200 'fama
565 2151 626 2199 et
669 2140 879 2200 fabula
924 2139 1128 2198 eundo
1178 2139 1410 2211 crescit,
1452 2139 1722 2216 primum
1762 2144 2006 2197 antrum

213 2240 466 2300 Idaeum
541 2240 837 2299 Eleorum
906 2237 1316 2318 percrebruit,
1395 2236 1750 2316 postmodo
1804 2236 2007 2299 additi

213 2341 499 2420 inquilini
544 2338 798 2400 Curetes
855 2340 990 2399 sive
1033 2338 1323 2414 Dactyli,
1380 2347 1442 2397 et
1499 2335 1819 2397 Cretenses
1877 2339 2008 2418 qui·-

218 2440 358 2499 dem
412 2459 539 2499 non
595 2441 878 2517 Phrygii,
939 2441 1083 2516 quia
1130 2439 1263 2515 jam
1315 2436 1548 2497 dudum
1605 2448 2007 2517 superaverat
2084 2488 2087 2495 .

216 2542 462 2619 opinio,
521 2538 746 2600 Jovem
788 2540 855 2596 in
901 2534 1084 2595 Creta
1125 2545 1339 2595 natum
1386 2555 1536 2596 esse.
1625 2534 1750 2596 Cur
1796 2547 2005 2596 autem

211 2640 506 2699 Hercules
549 2640 692 2698 huic
733 2655 990 2696 numero
1038 2634 1287 2696 additus
1342 2638 1453 2710 sit,
1513 2637 1821 2716 explicatu
1877 2657 2003 2697 non

215 2738 457 2798 difficile
501 2738 766 2799 videtur.
851 2737 1212 2798 Meminisse
1252 2737 1442 2797 modo
1488 2738 1676 2798 libeat
1717 2737 2003 2814 Dactylis

214 2838 337 2898 illis
403 2857 689 2915 magnam
758 2839 906 2896 artis
962 2838 1232 2915 magicae
1299 2840 1618 2898 scientiam
1676 2837 1864 2896 tribui
1918 2873 2004 2884 -

216 2939 602 3017 ἐπιτηδεῦσαι
646 2939 889 3020 ἐπῳδὰς
936 2937 1252 2996 Diodorus
1295 2939 1449 2998 dicit
1489 2975 1574 2985 --
1619 2946 1683 2995 et
1724 2938 1884 2997 hunc
1928 2957 2002 2996 eo

217 3038 356 3116 ipso
401 3040 494 3097 uti
539 3039 620 3097 ad
662 3037 1045 3118 probandam
1082 3037 1366 3097 Herculis
1412 3038 1686 3097 Thebani
1733 3046 1796 3096 et
1832 3037 2004 3096 Idaei

336 3191 407 3248 [¹]
463 3195 716 3252 Παλαίμων
770 3193 793 3238 ὁ
842 3193 1065 3255 Ἡρακλῆς
1113 3193 1189 3237 διὰ
1243 3194 1293 3238 τὸ
1351 3197 1571 3238 παλαῖσαι,
1619 3195 1699 3236 Διὶ
1747 3194 1798 3237 ἐν
1832 3192 2001 3252 Ὀλυμ-

217 3254 299 3306 πίᾳ
329 3252 476 3294 Schol.
521 3252 630 3309 Lyc.
667 3252 769 3296 262.
823 3255 878 3296 cf.
921 3254 1065 3296 Sturz.
1107 3253 1163 3296 ad
1202 3254 1384 3298 Pherec.
1424 3269 1468 3310 p.
1500 3252 1597 3294 146.
1648 3252 1852 3295 Forsitan
1889 3252 1999 3295 idem

217 3315 284 3410 gslt
323 3309 546 3412 IIIIIerclules
588 3310 882 3367 καταβολεὺς,
943 3324 1068 3368 quem
1110 3313 1370 3356 invocabant
1421 3311 1630 3356 certaturi
1680 3311 1825 3356 Schol.
1874 3309 1998 3354 Pind.
