2150 3814
270 187 395 245 922
794 203 1028 247 menn
1071 204 1498 249 SECUNDUS.

267 330 399 405 gius
457 329 533 389 de
587 329 797 390 Herm.
853 331 1014 391 Med.
1068 334 1113 391 Ι.
1177 333 1282 390 10..
1327 352 1386 411 p.
1432 333 1530 393 93.
1600 333 2037 419 Aegyp·titiS‚

264 430 478 508 inquit,
522 428 835 491 videtur
879 429 1147 489 deberi
1192 430 1546 492 doctrina
1590 432 1678 492 de
1709 435 2036 506 homine,

263 530 464 608 quod
511 532 615 589 sit
656 547 944 608 parvus
990 529 1352 603 munduS‚
1398 551 1611 610 quam
1655 537 2039 614 proponit

261 629 662 688 Firmicus
715 629 784 687 L.
828 630 932 687 111.
987 630 1260 707 Praef.
1316 642 1401 689 ut
1451 633 1826 713 pler-aque
1869 635 2036 711 ejus

262 739 440 787 sunt
482 728 890 807 Aegyptia.
951 728 1072 787 Hic
1117 747 1264 788 vero
1309 730 1485 788 claris
1529 733 1734 792 verbis
1779 734 1912 805 hoc,
1958 733 2036 791 de

170 894 173 897 ,
258 845 379 905 quo
421 828 646 904 agitur,
710 847 747 886 a
804 827 1080 908 Necepso
1126 839 1187 887 et
1232 827 1488 887 Petosiri
1530 831 1822 891 traditum
1867 833 2034 905 dicit,

256 926 568 985 hominem
614 926 693 986 ad
736 927 950 987 mundi
996 927 1460 988 similitudinem
1522 930 1856 990 formatum
1901 951 2035 990 esse

256 1035 317 1084 et
357 1026 576 1086 iisdem
622 1030 967 1108 principiiS‚
1026 1029 1251 1109 quibus.
1288 1028 1555 1088 mundus
1597 1032 1857 1107 regitur,
1902 1049 2034 1090 sus-

254 1132 489 1189 tentari.
575 1127 790 1208 Neque
856 1128 934 1188 ab
1001 1130 1114 1188 hac
1181 1131 1483 1188 sententia
1545 1131 1809 1191 multum
1865 1131 2035 1190 afue-

251 1238 394 1287 runt
439 1226 749 1302 Chaldaei,
795 1227 872 1288 de
916 1229 1133 1309 quibus
1178 1229 1352 1288 Philo
1399 1229 1476 1288 de
1519 1230 1758 1307 Migrat.
1802 1230 2033 1290 Abrah.

253 1348 314 1409 p.
357 1326 502 1388 415.
545 1329 624 1388 D.
680 1329 990 1392 Χαλδαῖοι
1031 1338 1159 1392 τῶν
1205 1332 1410 1392 ἄλλων
1454 1329 1817 1413 ἀνθρώπων
1860 1336 2031 1393 ἐκπε-

250 1427 579 1507 πονηκότες
634 1428 1055 1512 διαφερόντως
1113 1429 1407 1492 δοκοῦσιν
1464 1430 1886 1512 ἀστρονομίαν
1926 1431 2032 1492 καὶ

247 1529 681 1612 γενεθλιακὴν,
736 1530 814 1591 τὰ
860 1529 1090 1614 ἐπίγεια
1132 1535 1260 1597 τοῖς
1302 1528 1627 1612 μετεώροις
1669 1531 1775 1592 καὶ
1805 1531 1884 1592 τὰ
1920 1531 2028 1592 οὖ-

251 1626 436 1707 ράνια
504 1636 632 1699 τοῖς
705 1630 801 1691 ἐπὶ
855 1637 966 1714 γῆς
1010 1627 1450 1711 ἁρμοζόμενοι,
1512 1630 1617 1691 καὶ
1672 1630 1868 1711 ὥςπερ
1921 1629 2030 1694 διὰ

247 1737 546 1810 μουσικῆς
590 1728 791 1815 λόγων
845 1730 959 1808 τὴν
1002 1726 1450 1811 ἐμμελεστάτην
1495 1728 1872 1812 συμφωνίαν
1913 1736 2027 1790 τοῦ

248 1830 480 1899 παντὸς
536 1828 1020 1910 ἐπεδεικνύμενοι
1059 1837 1133 1909 τῇ
1178 1837 1307 1891 τῶν
1349 1838 1558 1911 μερῶν
1600 1829 1754 1910 πρὸς
1798 1831 2027 1907 ἄλληλα

207 1954 211 1959 ‘
246 1930 606 2010 συμπαθείᾳ
649 1966 734 1975 --
777 1965 862 1974 -—
905 1928 1123 2008 quibus
1171 1927 1378 2001 addit,
1424 1947 1530 1987 eos
1574 1927 1870 1988 mundum
1918 1939 2026 1988 aut

243 2027 431 2088 deum
487 2028 688 2087 dicere
744 2029 942 2088 solere
999 2038 1106 2087 aut
1150 2027 1397 2088 divinae
1438 2031 1660 2088 mentis
1704 2040 2026 2108 concepta-

241 2128 473 2188 bulum.
560 2128 733 2188 Haec
786 2136 993 2187 autem
1038 2146 1219 2206 quam
1261 2130 1466 2189 vicina
1509 2131 1632 2187 sint
1674 2128 2022 2188 Macrones-

238 2231 327 2288 mi
371 2239 432 2288 et
473 2228 862 2288 Microcosmi
917 2236 1264 2286 commenta
1318 2237 1395 2286 et-
1423 2237 1714 2306 quantam
1759 2228 2024 2288 habeant

242 2348 382 2389 eum
423 2332 692 2410 propriis
736 2329 1121 2406 Pythagorae
1165 2339 1226 2386 et
1262 2327 1536 2387 Platonis
1582 2328 1840 2387 decretis
1884 2334 2019 2404 eog-

188 2485 218 2513 ,.
238 2432 585 2503 nationem,
655 2449 732 2487 ex
798 2428 1036 2487 duobus
1105 2429 1240 2486 aliis
1307 2428 1460 2485 locis
1526 2428 1884 2504 intelligitur
1939 2425 2018 2485 de

192 2529 467 2596 ,Abrah
518 2548 582 2609 p.
628 2529 770 2589 360.
813 2527 889 2587 A.
930 2527 1242 2589 Χαλδαῖοι
1286 2531 1352 2589 εἶν
1393 2533 1521 2596 τοῖς
1562 2525 1830 2609 μάλιστα
1873 2527 2010 2589 δια-

238 2629 615 2709 πονήσαντες
672 2626 1094 2710 ἀστρονομίαν
1142 2627 1247 2688 καὶ
1301 2625 1507 2689 πάντα
1559 2633 1694 2698 ταῖς
1744 2625 2014 2707 κινήσεσι

238 2739 369 2794 τῶν
422 2732 700 2813 ἀστέρων
761 2729 1099 2797 ἀναθέντες
1153 2726 1248 2796 αἷς
1304 2727 1617 2809 ὑπέλαβον
1673 2733 2012 2808 οἰκονομεῖ-

241 2837 397 2893 σθαι
438 2832 518 2894 τὰ
553 2835 619 2894 ἒν
652 2827 865 2910 κόσμῳ
898 2826 1261 2908 δυνάμεσιν,
1306 2828 1380 2898 ἃς
1411 2829 1794 2914 περιέχουσιν
1820 2829 2015 2909 ἀριθς

237 2931 348 3011 μοὶ
411 2931 517 2993 καὶ
571 2932 867 3013 ἀριθμῶν
923 2927 1277 3011 ἀναλογίαι,
1333 2929 1448 3006 τὴν
1502 2927 1732 3008 ὅρατὴν
1785 2927 2008 2991 οὐσίαν

238 3033 576 3112 ἐσέμνυνον
618 3031 723 3093 καὶ
764 3030 877 3109 τὴν
918 3033 986 3090 ἓν
1025 3027 1273 3098 ἐκείνοις
1313 3027 1489 3099 τάξιν
1518 3025 2007 3108 ’διερευνώμενοι

239 3128 399 3192 κατά
465 3154 531 3193 τε
596 3131 709 3201 τὰς
773 3128 948 3209 ἡλίου
1003 3128 1108 3190 καὶ
1163 3126 1409 3207 σελήνης
1461 3127 1566 3190 καὶ
1616 3134 1746 3189 τῶν
1799 3127 2005 3188 ἄλλων

240 3228 567 3309 πλανήτων
608 3231 713 3293 καὶ
757 3232 1051 3293 ἀπλανῶν
1092 3227 1415 3311 περιόδους
1456 3228 1494 3308 ἢ
1538 3225 1697 3289 κατὰ
1728 3225 1841 3294 τὰς
1872 3233 2002 3288 τῶν

239 3330 498 3411 ἐτησίων
553 3331 735 3414 ὡρῶν
785 3329 1130 3413 μεταβολὰς
1184 3329 1288 3391 καὶ
1339 3328 1452 3407 τὴν
1505 3335 1635 3390 τῶν
1689 3325 2001 3410 οὐρανίων
