2150 3814
227 213 389 275 1036
785 226 1005 270 LIBER
1045 225 1453 270 SECUNDUS.

221 360 407 430 δαλος
451 359 788 440 ἄνθρωπος
830 361 960 418 τῶν
1004 354 1454 435 αὐτοληκύθων
1497 357 1602 419 καὶ
1644 365 1773 422 τῶν
1817 361 2001 424 αὖτο-

218 457 592 543 καβδοίλων,
652 455 748 518 ἀεὶ
791 461 1101 536 κουριιῖν,
1164 455 1535 539 ἐνδρομίδας
1578 455 2002 539 ὑποδούμενος

215 561 254 639 ἢ
298 558 640 642 βαυκίδας,
689 550 1175 635 ἀμφιμάσχαλον
1221 556 1409 634 ἔχων,
1455 556 1560 616 ubi
1606 558 1659 616 si
1704 558 1838 636 quis
1882 559 2004 617 mi-

215 668 384 717 retur
440 657 557 715 tria
612 652 887 731 ejusdem
945 653 1404 730 significationis
1447 659 1701 717 nomina
1745 656 2004 738 αὐτολή-

215 762 448 829 κυθος,
505 752 977 835 αὕτοκάβδαλος
1036 762 1098 811 et
1157 755 1633 839 ἐγκαψικίδαλος
1672 756 1754 816 ‘ab
1804 759 2003 817 homi-

210 856 390 915 nibus
447 854 769 916 vilissimis
825 852 905 912 ad
962 853 1294 914 trossulum
1338 855 1656 914 transferri
1699 857 2004 934 eleganter

211 959 508 1017 vestitum
552 954 830 1033 beneque
873 963 1291 1029 nummatum,
1351 957 1625 1035 primum
1669 945 2003 1016 admonen-
2082 956 2084 958 ’

212 1056 362 1115 dum
407 1064 518 1128 est,
563 1055 663 1114 hic
707 1054 1115 1132 Pantolabum
1161 1054 1468 1135 quendam
1513 1065 1622 1116 aut
1663 1055 2002 1116 Nomenta-

207 1175 356 1216 num
399 1154 609 1214 induci
651 1174 686 1213 e
729 1154 876 1214 ludo
923 1155 1144 1214 talario
1189 1163 1610 1235 protractum,v
1638 1175 1759 1237 quo
1798 1158 1865 1216 in
1903 1148 2003 1235 ge-

207 1275 354 1318 nere
409 1255 730 1315 hominum
787 1255 1088 1332 elegantia
1131 1256 1330 1316 aulica
1375 1275 1512 1316 cum
1556 1255 1825 1316 sordidis
1857 1275 2003 1316 mo-

205 1356 376 1427 ribus
433 1356 755 1432 conjuncta
810 1373 946 1414 esse
995 1341 1199 1429 solet,
1244 1356 1467 1416 deinde
1523 1358 1897 1435 gentiliciam
1934 1366 2003 1415 -et

206 1455 385 1537 quasi
454 1455 849 1516 vernaculam
919 1453 1392 1515 Atheniensium
1461 1458 1757 1516 virtutem
1799 1455 2003 1515 fuisse

205 1557 321 1637 τὴν
355 1555 679 1627 εὐτέλειαν,
722 1554 843 1612 hoc
884 1563 997 1627 est,
1042 1573 1406 1632 generosum
1458 1554 1761 1635 quendam
1807 1564 1870 1614 et
1910 1556 2004 1614 in-

204 1675 471 1735 genuum
561 1655 807 1735 operosi
890 1654 1087 1713 cultus
1165 1654 1558 1736 urbanaeque
1657 1654 2002 1715 munditiae

206 1764 583 1817 contemtum
628 1750 718 1833 [4⁶]
736 1797 754 1826 ‚
812 1772 997 1832 quem
1054 1755 1160 1832 qui
1217 1755 1578 1816 affectarunt
1618 1757 1811 1816 nimio
1857 1757 2002 1815 sim-

205 1853 498 1938 plicitatis
556 1852 763 1912 studio
821 1871 1008 1933 saepe
1064 1872 1137 1911 eo
1182 1855 1461 1936 prolapsi
1503 1865 1675 1930 sunt,
1720 1865 1791 1916 ut
1833 1857 1998 1916 inso-

201 1957 455 2015 lentiam
501 1964 562 2013 et
604 1952 952 2012 inconditos
995 1953 1167 2030 vulgi
1210 1973 1412 2014 mores
1455 1957 1874 2028 imitarentur,
1931 1954 2000 2014 id

203 2056 454 2117 demum
489 2054 744 2115 liberale
780 2054 1201 2134 populareque
1238 2074 1372 2131 esse
1398 2057 1534 2130 rati,
1578 2058 1632 2115 si
1674 2055 1997 2136 nequefa-

205 2175 340 2216 cere
383 2172 584 2233 neque
627 2152 828 2211 dicere
874 2151 1206 2232 quidquam
1249 2157 1427 2234 pensi
1472 2152 1783 2214 haberent.
1834 2153 1998 2214 Hinc

201 2257 386 2335 igitur
428 2254 688 2331 intelligi
730 2271 914 2332 posse
959 2252 1254 2328 arbitror,
1300 2253 1446 2335 quid
1492 2257 1590 2330 sit,
1635 2273 1743 2314 cur
1788 2252 1996 2314 cerdo-

202 2375 355 2416 num
417 2356 784 2434 cognomina
840 2355 1349 2439 ἕγκαψικίδαλος,
1403 2356 1734 2439 τρίβαλλος
1777 2365 1838 2415 et
1882 2357 1997 2418 αὖ-

201 2454 548 2535 τολήκυθος
608 2453 688 2513 ad
743 2455 1035 2533 patricios
1080 2454 1397 2515 helluones
1441 2457 1810 2516 transierint.
1897 2456 1997 2514 De

201 2564 517 2636 postremo
580 2551 829 2633 quidem
882 2552 1187 2613 vocabulo
1231 2556 1297 2612 in
1342 2555 1542 2615 Schol.
1586 2554 1666 2614 ad
1710 2556 1889 2615 Dem.
1932 2575 1994 2636 p.

209 2655 348 2715 114.
394 2664 456 2715 et
497 2652 728 2714 Anecd.
772 2651 964 2710 Bekk.
1006 2671 1068 2731 p.
1115 2653 1257 2712 224.
1317 2665 1378 2714 et
1420 2653 1565 2714 465.
1607 2655 1806 2715 multa
1849 2655 1994 2715 affe-

201 2765 421 2816 runtur
476 2754 557 2815 ad
601 2751 1063 2834 explicandum,
1110 2772 1214 2812 cur
1255 2752 1422 2812 idem
1465 2773 1692 2814 nomen
1734 2764 1797 2814 et
1838 2752 1992 2836 pau—

201 2858 461 2936 pertinis
506 2865 569 2915 et
613 2846 803 2926 asotis
846 2854 1209 2933 impositum
1253 2853 1472 2927 fuerit,
1544 2868 1803 2934 quorum
1860 2856 1991 2934 ple-

201 2975 391 3036 raque
433 2958 674 3036 inepta,
719 2972 910 3013 unum
935 2972 1079 3012 non
1121 2973 1373 3033 prorsus
1418 2954 1829 3035 improbabile
1877 2966 1990 3032 est,

202 3055 346 3115 illos
387 3057 476 3115 sic
521 3054 717 3135 dictos
761 3072 947 3128 esse,
983 3057 1155 3133 quasi
1217 3055 1651 3128 bursarioS,
1706 3056 1812 3134 qui
1855 3054 1988 3114 bul-

327 3210 417 3267 [4⁶]
463 3211 561 3254 Hoc
590 3215 656 3253 est
688 3197 814 3254 illud‘
837 3212 1101 3269 φιλοκαλεῖν
1141 3212 1231 3268 μετ’
1278 3210 1519 3263 εὐτελείας,
1564 3211 1675 3265 quod
1714 3210 1985 3253 Atheniensi-

208 3272 288 3314 bus
318 3270 491 3327 proprie
520 3270 675 3313 tribuit
705 3270 987 3325 Thucydides
1023 3270 1080 3312 ΙΙ.
1119 3269 1188 3311 40.
1230 3271 1272 3311 in
1311 3270 1386 3311 illa
1422 3269 1663 3311 admirabili
1703 3270 1813 3312 demi
1851 3270 1983 3312 Attici

206 3330 397 3386 pictura,
440 3329 761 3371 Parrhasianae
802 3329 978 3372 tabulae
1013 3327 1152 3383 (Plin.
1184 3327 1264 3380 35,
1301 3327 1404 3382 36.)
1443 3341 1524 3368 non
1561 3328 1734 3373 multum
1776 3327 1982 3370 dissimili.

210 3387 274 3430 Ad
307 3387 415 3431 hanc
447 3385 670 3433 εὐτέλειαν
701 3389 918 3445 pertinent
955 3393 1000 3430 et
1038 3387 1159 3430 scissi
1199 3387 1331 3430 calcei
1374 3386 1590 3443 Arist-oph.
1628 3386 1764 3429 Rann.
1805 3385 1902 3430 401.
1940 3390 1983 3426 et.
