2150 3814
239 244 398 305 996·
764 253 1002 298 LIBER
1046 252 1473 297 SECUNDUS.

242 389 328 447 tia
345 386 447 466 [1’1’]
491 384 995 444 terminationem>
1010 381 1277 440 nominis
1302 378 1417 461 pro
1445 380 1699 439 arbitrio
1733 381 2010 441 variave-

242 489 380 547 rint.
468 483 649 544 Hunc
690 480 1150 560 Cephalionem,
1196 482 1292 539 cui
1314 481 1701 560 Hegesianax
1725 477 2014 538 Antiochi

241 587 324 646 M.
353 584 622 663 aequalis
653 582 876 640 librum
900 580 1001 642 vel
1031 582 1446 659 composuisse
1472 581 1574 642 vel
1618 581 2016 661 supposuisse

244 685 494 754 dicitur,
557 682 630 739 G.
667 680 934 752 ,Vossius
994 678 1071 738 de
1123 677 1286 738 Hist.
1327 679 1402 738 X.
1460 682 1602 740 220.
1654 681 1879 743 merito
1925 677 2015 737 di-

245 783 497 860 stinguit
553 799 592 840 a
647 777 1023 861 Cephalione
1090 797 1200 838 seu
1259 776 1685 859 Cephalaeone
1737 782 2016 851 rhetore,

246 901 428 962 quem
474 880 700 941 Suidas
744 880 858 940 sub
891 878 1166 939 Adriano
1209 879 1470 952 vixisse,
1513 878 1767 939 Photius
1811 889 2018 938 autem

247 981 515 1045 LXVIII.
535 979 633 1042 50.
651 981 1031 1043 breviarium
1052 997 1261 1039 rerum
1275 977 1499 1059 ubique
1516 989 1830 1058 ‘gestarum
1854 996 1892 1036 a
1913 976 2020 1037 Ni-

248 1101 328 1142 no
365 1101 556 1162 usque
583 1080 663 1140 ad
687 1079 1109 1141 Alexandrum
1135 1080 1219 1139 M.
1242 1098 1468 1140 novem
1502 1079 1676 1139 libris
1700 1079 2020 1139 Musarum

246 1185 495 1242 nomine
522 1180 822 1242 distinctis
857 1181 1289 1261 conscripsisse
1322 1181 1509 1239 refert
1545 1187 1608 1240 et
1638 1175 1858 1240 ultimo
1886 1179 2022 1239 sive

247 1280 479 1342 Urania
506 1299 603 1341 res
627 1279 962 1342 Alexandri
988 1282 1346 1458 exposuisse
1377 1300 1412 1340 e
1438 1282 1689 1358 triginta
1714 1278 2024 1359 scriptori-

253 1479 444 1536 Cephalo
477 1478 716 1536 capitonem
746 1492 821 1520 seu
863 1478 1058 1521 cillonem
1103 1477 1353 1534 significans
1391 1477 1551 1533 legitur
1590 1477 1748 1531 Polyb.
1787 1471 1910 1518 VIII.
1954 1472 2024 1517 14.

210 1534 231 1546 “
251 1537 376 1580 Diod.
414 1536 534 1579 XIX.
576 1536 649 1579 27.
671 1534 673 1537 ’
692 1536 988 1579 Artemidorus
1019 1537 1176 1591 Capito
1205 1537 1487 1592 Hippocratis
1529 1534 1744 1578 recensuit
1781 1533 1868 1576 scri
1897 1535 1968 1586 ta,
1999 1546 2026 1575 a

252 1611 335 1652 quo
366 1595 560 1638 diversus
592 1594 748 1650 Capito
778 1593 1092 1636 Alexandrinus
1121 1599 1252 1649 poeta
1279 1594 1427 1650 epicus
1458 1593 1612 1636 Athen.
1634 1592 1691 1636 X.
1722 1590 1823 1635 425.
1896 1590 2026 1634 rca-

251 1655 341 1711 pito
371 1651 530 1708 Lycius
558 1656 734 1709 praeter
760 1653 953 1695 Isaurica
992 1653 1283 1708 metaphrasin
1321 1652 1550 1709 Epitomae
1589 1651 1798 1695 Livianae
1837 1651 1895 1693 ab
1932 1649 2027 1695 Eu-

252 1712 396 1768 tropio
421 1712 643 1754 confectae
665 1711 946 1767 antiquiorem
972 1710 1223 1753 Paeaniana
1245 1709 1490 1754 elaboravit
1522 1725 1566 1754 v.
1587 1710 1778 1753 Kuester
1812 1709 1868 1752 ad
1899 1706 2023 1750 Suid.

253 1786 287 1813 S.
319 1765 556 1827 Λμύσσειν
585 1774 629 1811 et
656 1769 838 1812 Histoir.
870 1770 985 1819 liter.
1017 1768 1071 1810 de
1102 1769 1145 1812 la
1167 1769 1336 1811 France
1366 1770 1421 1812 T.
1444 1769 1481 1814 I.
1514 1769 1566 1813 P.
1587 1770 1649 1813 ΙΙ.
1675 1784 1720 1826 p.
1734 1767 1836 1811 226.
1857 1770 1904 1810 et
1921 1766 2025 1810 230.

253 1829 381 1871 Hunc
409 1827 636 1870 Reinesius
663 1827 719 1872 Ε.
750 1828 803 1870 ad
832 1828 1063 1870 Hofmann.
1094 1827 1154 1870 H.
1187 1827 1230 1870 8.
1278 1842 1362 1870 non
1390 1827 1536 1884 inepte
1567 1824 1855 1885 Cephalonem
1884 1831 2028 1877 vocat,

257 1888 522 1929 Graecorum
564 1899 723 1928 morem
764 1891 993 1942 sequutus,
1037 1887 1111 1941 qui
1151 1886 1320 1928 nomina
1359 1886 1552 1929 Romana
1591 1886 1638 1929 in
1677 1900 1798 1929 snam
1836 1881 2026 1941 lingnam

256 1947 506 1989 convertere
536 1944 755 1997 solebant,
796 1944 1042 1987 Saturnium
1072 1941 1270 2002 Κρόνιον
1309 1945 1525 2002 dicentes,
1567 1945 1828 1987 Frontonem
1868 1939 2026 2004 Φρόν-

253 2019 323 2046 τιν
360 2003 541 2045 Lucian.
588 2002 742 2053 Quom.
785 2003 902 2046 Hist.
933 2003 1061 2046 scrib.
1103 2006 1144 2056 §-
1175 2002 1247 2046 21.
1283 2002 1378 2046 183.
1421 2002 1479 2047 Τ.
1519 2002 1599 2046 IV.
1643 2002 1880 2046 Maximum
1919 2005 2026 2045 Με-

252 2058 395 2119 yon-ov
423 2061 636 2116 Porphyr.
668 2062 720 2104 V.
753 2061 867 2104 Plot.
910 2076 952 2118 p.
990 2063 1057 2103 10.
1101 2062 1451 2117 quemadmodum
1490 2065 1640 2105 nostra
1677 2061 1880 2105 memoria
1920 2072 2024 2103 non—

252 2120 358 2221 nzzlli
388 2118 558 2219 norpina
584 2119 898 2219 tfrancogallica
939 2120 1161 2162 Rousseau
1199 2121 1245 2162 in
1274 2120 1489 2174 Rufinum,
1528 2119 1692 2176 Fleury
1733 2121 1778 2163 in
1805 2118 2026 2162 Floridum

252 2193 276 2220 e
298 2193 334 2221 c.
379 2191 456 2220 ver
477 2190 583 2219 erun
607 2208 618 2219 .

370 2279 468 2335 [PP]
517 2279 635 2322 Idem
676 2279 799 2322 homo
830 2293 857 2321 a
886 2279 1101 2323 Pausania
1129 2278 1213 2324 III.
1244 2279 1316 2323 38.
1348 2280 1391 2324 6.
1435 2281 1650 2338 Pytheas,
1692 2293 1720 2324 a
1760 2278 1896 2323 suida
1937 2279 2027 2335 Py·
2101 2299 2115 2338 „f

255 2337 416 2380 thocles
444 2343 649 2389 vocatur,
694 2337 805 2381 idem
845 2335 1048 2382 Nicocles
1089 2344 1134 2382 et
1172 2338 1418 2382 Nicocreon
1456 2355 1499 2383 v.
1543 2340 1732 2383 Casaub.
1773 2338 1828 2382 ad
1871 2337 2025 2382 Athen.

254 2397 376 2438 VIII.
408 2410 445 2438 c.
476 2396 516 2438 9.
549 2395 649 2438 349.
681 2395 736 2438 E.
796 2396 1057 2454 Hermippus
1085 2401 1132 2440 et
1160 2398 1414 2440 Hermocles
1440 2395 1727 2442 Athen.·xv.
1759 2394 1858 2440 697.
1908 2396 2022 2438 Her-

253 2468 349 2495 mon
379 2458 424 2496 et
452 2453 700 2496 Hennonax
731 2469 771 2497 v.
805 2455 859 2496 ad
889 2456 1045 2499 Athen.
1072 2455 1154 2498 111.
1179 2456 1250 2500 81.
1281 2457 1334 2500 F.
1353 2457 1432 2500 VI.
1462 2457 1564 2500 267.
1588 2457 1638 2501 C.
1654 2457 1962 2512 Theopompus
1982 2460 2029 2499 et

255 2512 579 2568 Theopemptus
618 2511 747 2567 Diog.
780 2512 861 2554 La.
902 2513 986 2556 III.
1031 2513 1070 2555 1.
1111 2511 1184 2555 26.
1254 2514 1532 2570 Pythodorus
1572 2518 1616 2557 et
1654 2513 1947 2570 Pythodemus
1982 2512 2024 2555 v.

255 2570 459 2626 Sylburg.
502 2570 555 2611 ad
593 2569 773 2624 Dionys,
822 2570 1029 2613 Dinarch.
1060 2571 1139 2613 IX.
1171 2570 1271 2615 649.
1315 2572 1541 2623 Pitholaus
1577 2577 1622 2616 et
1658 2572 1887 2616 Pitholeon
1927 2570 2027 2628 (Pi-
2107 2566 2111 2570 ’
2149 2538 2150 2543 1

253 2628 508 2684 tholeontis)
537 2643 580 2671 v.
611 2627 752 2670 Bentl.
786 2629 841 2671 ad
870 2629 978 2672 Hor.
1011 2629 1106 2672 Sat.
1138 2629 1175 2672 I.
1210 2630 1278 2673 10.
1310 2631 1382 2675 22.
1428 2632 1572 2688 Hujus
1602 2631 1862 2674 confusionis
1883 2644 2026 2673 exem-

255 2687 327 2744 pla
358 2686 560 2734 nonnulla
598 2700 744 2729 errore
788 2687 1117 2731 describentium
1157 2689 1330 2732 invecta
1371 2704 1464 2732 esse
1503 2703 1588 2732 non
1625 2690 1870 2743 infitiabor,
1913 2689 2027 2732 sieut

254 2745 412 2802 passim
453 2745 646 2788 Philetas
687 2750 732 2788 et
760 2745 1004 2800 Philemon,
1046 2746 1298 2816 Apollonius
1338 2753 1384 2792 et
1422 2749 1710 2806 Apollodorus
1760 2747 2024 2793 confundun—

255 2811 350 2858 tur,
394 2804 469 2847 sed
499 2810 544 2846 et
574 2804 803 2861 scriptores
831 2805 949 2862 ipsos
978 2819 1186 2848 nominum
1214 2807 1487 2863 propriorum
1515 2801 1835 2851 terminationes
1871 2807 2033 2848 immu‘-‘
2106 2811 2111 2815 ’

254 2873 368 2904 tasse
409 2862 636 2905 ostendunt
665 2863 1052 2918 Grammaticorum
1091 2865 1412 2921 adnotationes,
1452 2867 1808 2923 Agamemnonem
1847 2865 2026 2908 eundem

252 2921 511 2975 Agamedem
552 2920 638 2964 dici
677 2921 881 2966 Eustath.
922 2938 966 2980 p.
1007 2922 1106 2966 289.
1147 2921 1484 2968 Alcimedontem
1522 2921 1669 2968 Schol.
1713 2925 1820 2967 Ven.
1860 2915 2022 2966 XXIV.

252 2976 352 3022 474.
393 2979 670 3035 Theogenem
700 2981 1014 3039 Theogitonem
1043 2982 1257 3038 Harpocr.
1298 2998 1342 3040 p.
1375 2983 1475 3027 142.
1516 2984 1638 3039 cujus
1675 2983 1878 3026 licentiae
1915 2982 2025 3024 fines

252 3050 376 3080 nosse
405 3038 659 3093 perdifficile
689 3038 765 3083 sed
794 3041 850 3083 ad
888 3041 1179 3096 agnoscendos
1219 3041 1488 3086 librariorum
1528 3055 1696 3084 errores
1737 3041 2022 3085 necessarium

252 3100 331 3137 est.
391 3095 532 3138 Multo
561 3098 752 3140 crebrior
781 3098 974 3154 syllabae
1003 3103 1218 3143 extremae
1247 3100 1534 3156 commutatio,
1567 3100 1765 3145 Glaucus.
1787 3106 1832 3142 et
1853 3099 2022 3142 Glauco

255 3167 296 3194 v.
328 3152 527 3197 Oudend.
571 3156 627 3198 ad
666 3156 793 3214 Apul.
834 3157 948 3201 Plat.
990 3172 1026 3200 c.
1066 3158 1104 3201 Ι.
1149 3174 1192 3215 p.
1222 3159 1324 3201 280.
1366 3159 1504 3203 Batus
1543 3162 1589 3201 et
1626 3158 1739 3201 Bato
1763 3166 1822 3201 Ὗ.
1864 3156 2019 3200 Ebert.

251 3209 368 3253 Diss.
399 3211 533 3254 Sicul.
565 3228 608 3269 p.
640 3213 712 3257 92.
744 3230 808 3272 sq.
842 3220 888 3259 et
915 3214 1109 3259 similium
1139 3231 1180 3260 v.
1213 3218 1401 3260 Werfer.
1440 3217 1486 3259 in
1521 3217 1619 3260 Act.
1654 3216 1826 3260 Monac.
1869 3215 1928 3259 Τ.
1959 3214 2020 3258 II.

251 3266 350 3311 526.
391 3269 585 3313 Visconti
622 3273 703 3314 Pio
741 3274 947 3318 Clement.
1002 3274 1060 3318 T.
1101 3276 1183 3319 III.
1225 3291 1268 3333 p.
1311 3275 1382 3319 66.
1442 3277 1536 3319 Ast.
1581 3275 1636 3317 ad
1675 3275 1791 3319 Plat.
1831 3273 2019 3319 Phaedr.

249 3325 348 3395 319.
379 3331 426 3396 et
453 3329 509 3372 ad
539 3330 662 3374 Vers.
697 3332 900 3377 German.
929 3349 972 3391 p.
1005 3331 1104 3377 243.
1135 3334 1407 3379 Ptolemaeus
1428 3335 1746 3378 Grammaticus
1775 3333 2020 3390 cognomine

252 3385 477 3439 Pffldarw,
518 3387 732 3432 Pindarus
764 3395 943 3436 vocatur
970 3392 1014 3435 in
1045 3393 1192 3438 Schol.
1224 3394 1403 3450 Dionys.
1435 3394 1535 3436 790.
1575 3394 1688 3450 quod
1718 3392 1947 3436 Fabricius
1975 3394 2019 3431 et
