2150 3814
250 202 411 264 1266
802 211 1033 256 Lmen
1092 210 1453 256 TERTIUS.

244 345 363 406 His
416 343 755 415 intercessit
809 342 991 400 tertia
1047 341 1379 414 sententia,
1439 342 1709 420 partium
1751 339 2022 404 diversa-

243 467 379 507 rum
426 441 834 513 conciliatrix,
897 442 1068 519 cujus
1114 449 1391 500 auctores
1433 442 1604 501 illam
1649 440 1885 502 fraudis
1926 459 2022 502 su-

244 547 584 626 spicionem
647 559 844 620 neque
889 541 1140 600 omnino
1186 539 1514 602 excludunt
1554 560 1752 622 neque
1793 542 2026 619 integre

243 645 544 724 recipiunt
615 640 725 701 sed
793 659 925 701 rem
993 641 1080 698 ita
1151 638 1442 704 decidunt
1507 652 1577 707 ut
1630 644 2026 722 interpretem

243 761 525 822 graecum
569 740 906 800 *nonnullas
965 740 1203 818 antiqui
1259 743 1462 819 operis
1524 750 1730 820 partes
1788 741 2030 801 fortiter

243 842 678 923 interpolasse,
731 840 883 899 alias
929 848 1135 899 autem
1178 840 1450 900 illibatas
1503 836 1830 900 tradidisse
1872 839 2030 900 affir-

244 951 429 1003 ment.
485 941 572 1001 Hi
617 942 1037 1021 pacificatores
1083 941 1136 998 si
1180 940 1335 999 nihil
1380 938 1549 1000 aliud
1594 939 1806 1001 dicunt
1844 958 2030 1019 quam

243 1061 368 1100 non
426 1042 701 1099 omnium
757 1059 912 1120 quae
966 1042 1031 1099 in
1087 1041 1204 1100 hoc
1257 1039 1415 1099 libro
1474 1042 1861 1100 continentur
1926 1047 2034 1099 aut

244 1142 586 1201 novitatem
669 1151 776 1200 aut
855 1142 1283 1219 antiquitatem
1356 1140 1766 1199 demonstrari
1830 1156 2034 1219 posse,

246 1241 570 1300 verissime
627 1239 874 1320 quidem
918 1242 1191 1299 sentiunt
1232 1238 1343 1299 sed
1388 1239 1468 1299 ad
1515 1259 1763 1300 causam
1807 1238 2034 1317 dijudi-

248 1337 503 1397 candam
560 1357 891 1418 perparum
949 1339 1239 1414 afferunt3
1294 1358 1440 1399 nam
1498 1341 1617 1399 hoc
1669 1341 1874 1419 ipsum
1917 1357 2034 1419 pro
2124 1380 2126 1382 -

246 1437 451 1498 Annio
508 1436 910 1511 viterbiensi,
966 1438 1201 1515 Pyrrho
1247 1439 1528 1516 Ligorio,
1574 1436 1788 1498 Curtio
1830 1440 2027 1517 Inghi-

244 1540 441 1598 ramio
500 1540 834 1619 ceterisque
888 1539 1160 1598 falsariis
1204 1539 1404 1613 valet,
1467 1556 1621 1618 quos
1667 1540 1877 1598 omnia
1919 1539 2034 1598 mi-

244 1640 417 1698 nima
459 1641 733 1699 maxima
776 1641 1067 1699 mentitos
1112 1658 1246 1698 esse
1290 1649 1527 1699 tantum
1575 1638 1750 1698 abest
1772 1646 1844 1699 ut
1869 1639 2035 1699 vinci

245 1741 474 1824 possit,
529 1749 599 1798 ut
655 1741 709 1798 si
778 1741 914 1820 quis
981 1740 1282 1816 majorem
1353 1739 1704 1798 fabularum
1774 1739 2037 1797 istarum

244 1848 488 1920 partem
543 1858 620 1897 ex
673 1841 924 1898 occultis
978 1840 1360 1918 antiquitatis
1416 1839 1691 1899 fontibus
1747 1837 2034 1900 haustam

248 1938 441 2011 dicat,
495 1939 839 2012 neminem,
896 1939 1001 2018 qui
1058 1940 1433 2009 contrarium
1479 1937 1886 2010 demonstret,
1942 1937 2035 1995 in-

250 2049 543 2101 venturus
599 2040 695 2096 sit.
783 2039 923 2098 Hoc
979 2039 1140 2096 enim
1202 2057 1350 2096 vero
1397 2037 1723 2114 ambigitur
1765 2056 1933 2096 num,
1961 2056 2035 2096 ex

251 2138 803 2200 Sanchuniathonis
861 2137 1229 2214 Theologia,
1285 2137 1527 2216 qualem
1584 2136 1889 2197 Eusebius
1931 2155 2034 2196 ex-

250 2239 453 2313 hibet,
506 2238 1068 2298 vetustissimorum
1127 2237 1498 2296 Phoenicum
1555 2237 1894 2296 sententiae
1938 2254 2037 2295 co-

252 2339 459 2416 gnosci
514 2346 766 2417 queant3
821 2336 1006 2416 idque
1063 2336 1304 2396 duobus
1364 2336 1568 2397 modis
1612 2337 1921 2418 explorari
1963 2336 2038 2395 li-

254 2448 378 2510 cet,
435 2439 490 2496 si
545 2447 651 2495 aut
704 2438 995 2498 universa
1037 2447 1316 2496 veterum
1362 2439 1734 2516 scriptorum
1773 2437 2036 2496 auctori-

254 2545 380 2596 tate
423 2545 485 2595 et
527 2537 897 2595 testimoniis
959 2538 1334 2595 communita
1389 2547 1483 2595 est
1525 2547 1632 2596 aut
1673 2539 1738 2596 in
1783 2536 2035 2613 singulis

255 2638 386 2714 ejus
429 2636 709 2715 partibus
756 2654 1080 2716 expressae
1122 2638 1402 2696 veritatis
1445 2647 1630 2696 notae
1680 2644 2035 2717 appareant.

252 2738 472 2814 Igitur,
528 2737 632 2816 qui
675 2738 874 2796 t‘otum
919 2735 1517 2797 Sanchuniathonem
1560 2737 1872 2816 rejiciunt,
1927 2755 2034 2795 va-

255 2835 623 2896 lidissimum
669 2837 785 2896 hoc
827 2836 1102 2910 afferunt,
1147 2835 1311 2915 quod
1356 2847 1498 2913 ante
1539 2837 1857 2896 Philonem
1900 2836 2035 2896 nul-

257 2937 352 2995 lus
407 2922 516 2995 aut
571 2937 942 2995 Graecorum
1000 2946 1106 2995 aut
1160 2937 1573 2996 Romanorum
1631 2937 1761 3013 ejus
1817 2937 2035 2996 memi-

258 3038 434 3108 nerit,
479 3037 773 3115 perpauci
805 3048 949 3115 post
975 3056 1136 3108 eum,
1181 3040 1445 3116 primum
1475 3036 1846 3108 Athenaeus,
1890 3034 2033 3095 dein

260 3134 635 3213 Porphyrius
692 3136 1008 3196 Athenaeo
1066 3155 1190 3195 non
1245 3138 1505 3196 multum
1549 3138 1834 3210 inferior,
1888 3155 2034 3196 mox

260 3233 560 3293 Eusebius
606 3219 739 3294 cum
786 3237 1028 3295 asseclis
1075 3238 1202 3295 suis
1249 3227 1479 3313 Cyrillo
1526 3247 1587 3296 et
1622 3235 2030 3307 Theodoreto,

263 3334 366 3411 qui
423 3344 545 3392 tres
601 3353 715 3413 pro
772 3354 894 3394 uno
953 3335 1188 3410 valent3
1243 3343 1555 3415 postremo
1614 3334 1866 3407 Suidas,
1923 3353 2030 3393 nec
