2150 3814
832 254 1280 298 ORPHIOA.
1790 247 1954 308 1027

169 390 452 462 crimina3
497 384 825 464 dequibus
869 383 1195 444 Sallustius
1241 405 1288 443 c.
1331 383 1496 446 XIV.
1541 389 1710 447 scio
1755 389 1790 447 f
1797 394 1953 450 uis-

170 508 249 548 se
306 485 754 559 nonnullos,
820 488 950 564 qui
1007 487 1119 546 ita
1178 487 1760 561 existimarent,
1826 490 1951 567 ju-

172 590 626 658 ventutem,
679 601 873 664 quae
942 586 1244 647 domum
1326 576 1723 648 Catilinae
1793 589 1952 648 fre-

167 685 626 766 quentabat,
707 703 982 765 parum·
1041 671 1394 748 modeste
1470 687 1952 768 pudicitia-m

164 785 550 845 habuisse.
639 784 766 845 Sed
808 804 998 866 quum
1041 785 1136 843 illi
1181 773 1621 849 declamatores
1658 790 1794 868 jam
1841 789 1952 850 du-

162 885 313 945 dum
378 885 824 960 obmutuerint,
899 885 1258 965 exemplum·
1325 895 1611 964 petamus
1681 891 1758 950 ab
1828 890 1954 950 alia

164 985 429 1066 quadam
501 987 808 1059 hetaeria,
892 987 1097 1044 minus
1158 983 1408 1063 quidem
1465 985 1721 1062 illustri,
1806 998 1955 1070 apta

158 1097 366 1146 tamen
423 1086 503 1145 ad
558 1084 1061 1166 comparandum.
1179 1083 1431 1142 Etenim
1492 1084 1560 1143 in
1620 1079 1949 1150 'Demosth.

166 1186 269 1245 Or.
333 1207 380 1244 c.
440 1183 672 1245 Conon.
729 1206 792 1266 p.
841 1183 1023 1243 1269.
1080 1182 1287 1242 nescio
1347 1183 1514 1266 quiS,
1573 1186 1678 1264 qui
1742 1204 1779 1244 a
1835 1184 1951 1246 Co-

159 1304 323 1344 none
359 1286 613 1366 ejusque
655 1283 1130 1370 congerronibus
1166 1283 1544 1363 jocularium
1586 1286 1654 1360 in
1695 1284 1956 1348 modum

157 1386 598 1467 vapulaverat,
656 1387 776 1447 hoc
818 1387 994 1467 quasi
1050 1384 1143 1445 ad'
1187 1384 1598 1446 excusandam
1656 1386 1806 1446 facti
1861 1394 1953 1447 in-

158 1487 394 1548 vidiam
453 1488 661 1562 affert,
714 1486 883 1547 haud
934 1504 1166 1568 paucos
1213 1491 1347 1546 cSSe
1389 1487 1648 1547 Athenis
1686 1489 1951 1566 juvenes

158 1587 358 1650 nobili
398 1588 537 1649 loco
580 1596 795 1662 natos,
853 1590 959 1669 qui
1003 1589 1058 1647 si
1106 1586 1352 1668 publice
1411 1598 1789 1663 scurrentur,
1846 1608 1954 1649 ne-

160 1697 483 1768 potentur,
541 1687 911 1762 lustrentur,
969 1706 1254 1747 concessa
1296 1688 1439 1747 huic
1482 1689 1791 1748 aetatulae
1846 1699 1954 1751 ve-

155 1789 263 1846 nia
329 1787 450 1846 sibi
506 1790 599 1846 uti
651 1787 1012 1861 videantur,
1090 1786 1279 1866 idque
1335 1805 1409 1845 eo
1466 1788 1668 1848 levius
1722 1790 1951 1851 haben-

163 1886 341 1959 dum,
387 1886 554 1967 quod
602 1887 940 1946 nebulones
983 1887 1398 1967 isti‘ineptias
1444 1905 1586 1947 suas
1629 1890 1697 1948 in
1729 1909 1953 1969 ⁴prom-

156 1995 227 2046 tu
273 1997 334 2046 et
375 1989 443 2047 in
484 1987 818 2068 propatulo
862 1986 1149 2061 habeant,
1178 1988 1310 2047 ‘hoc
1338 1989 1547 2069 ipsum
1582 1988 1775 2049 libere
1808 2011 1951 2072 pro-

157 2087 307 2147 fessi
350 2087 696 2171 ἰθύφαλλοί
739 2091 921 2171 ἐσμεν
980 2091 1038 2150 οἱ
1095 2089 1479 2170 συνημμένα
1533 2091 1638 2151 καὶ
1694 2094 1953 2174 ἐρῶντες

161 2186 441 2268 ἀλλήλων
482 2208 543 2268 p.
593 2189 776 2249 1263.
861 2188 1118 2268 Hosque
1154 2187 1526 2266 juvenculos
1573 2200 1784 2250 orator
1843 2192 1952 2252 ille

158 2288 480 2368 vapularis
526 2289 675 2349 dicit
716 2291 783 2348 in
827 2308 1152 2349 commune
1194 2288 1587 2369 Ithyphallos
1642 2293 1954 2352 nominari

160 2387 505 2468 (τελοῦντες
563 2388 862 2470 ἀλλήλους
919 2399 1007 2472 τῷ
1057 2388 1441 2472 Ιθυφάλλῳ)
1502 2390 1692 2450 modo
1761 2393 1950 2452 etiam

161 2486 465 2547 Triballos
512 2497 575 2547 et
615 2489 922 2566 Autolecy
925 2490 1091 2587 thos,
1149 2509 1304 2570 quae
1358 2493 1614 2585 nomina
1670 2489 1955 2552 dicuntur

157 2589 224 2647 in
266 2588 549 2649 homines
592 2590 853 2667 ingenue
894 2609 1176 2672 nequam.

326 2689 445 2749 His
490 2691 786 2769 expositis
829 2699 1078 2770 promta
1133 2693 1250 2750 erit
1305 2709 1524 2749 causae
1568 2675 1948 2769 dijudicatio.

160 2787 543 2849 Alcibiadem
601 2788 879 2850 obscenis
930 2793 1116 2851 sacris
1173 2810 1427 2871 operam
1485 2789 1633 2848 dare
1688 2789 1950 2850 affirmat

164 2886 421 2969 Eupolis
435 2912 450 2966 ;
505 2890 642 2964 ille,
687 2893 741 2950 si
785 2893 978 2972 sapit,
1021 2901 1232 2970 negat3
1278 2899 1417 2949 uter
1459 2892 1697 2963 verior,
1752 2892 1946 2951 scive-

162 2988 316 3061 rint,
359 2993 462 3070 qui
504 3002 857 3072 praesentes
902 2992 1244 3053 adfuerunt.
1341 2990 1533 3052 Nobis
1577 2990 1732 3050 nihil
1776 2989 1946 3050 aliud

165 3087 441 3150 relictum
498 3103 617 3166 est,
682 3112 867 3174 quam
924 3105 995 3154 ut
1050 3109 1439 3176 quaeramus,
1506 3101 1712 3150 utrum
1772 3093 1944 3169 orgia

167 3186 276 3247 illa
304 3189 651 3281 ¹Baptarum
695 3214 733 3254 a
773 3214 935 3255 vano
976 3205 1165 3276 poeta
1199 3204 1430 3253 temere
1463 3194 1604 3252 ficta
1642 3202 1703 3251 et
1740 3211 1944 3252 emen-

168 3288 283 3347 tita
337 3308 416 3350 an
467 3295 755 3385 populari
812 3315 1093 3357 sermone
1155 3295 1467 3354 diffamata
1522 3294 1768 3354 fuerint.
1875 3293 1944 3352 Si

167 3386 282 3446 hoc
350 3403 596 3471 propter
666 3414 1051 3456 communem
1119 3395 1519 3456 sodalitatum
1591 3395 1823 3454 famam
1879 3402 1942 3451 et

1444 3496 1522 3555 16
1568 3499 1603 3536 *
