2150 3814
221 191 383 256 1250
782 205 1016 249 LIBER
1062 173 1432 248 TERTIUS.

217 340 342 398 rint
399 335 688 406 Vulcani,
751 333 1092 412 ApolliniS‚
1163 331 1436 412 Neptuni
1502 332 1644 404 filii,
1715 330 1797 390 ad
1856 349 2008 409 quos

221 446 622 520 paternorum
688 451 1010 494 munerum
1075 433 1314 492 nullum
1388 433 1651 495 transiit.
1719 430 2011 492 ,Nonnus

225 536 495 618 quidem,
540 534 646 613 qui
689 533 754 591 in
797 536 1067 593 exercitu
1112 533 1405 593 Bacchico
1451 533 1577 592 duo
1621 531 1861 597 inducit
1902 528 2015 591 Ca-

224 639 393 697 biros
438 634 699 706 Vulcani
745 643 807 692 et
851 632 1108 716 Cabirus
1125 635 1198 714 [V]
1257 634 1415 697 filios
1459 635 1754 694 mortales
1769 635 1843 714 [Χ]
1890 633 2017 692 Eu-

223 734 660 814 rymedontem
718 744 778 793 et
831 735 1131 795 Alconem
1185 731 1354 797 XIV.
1404 736 1506 794 22.
1586 733 1818 795 XXIX.
1879 733 2018 793 193.

226 857 312 917 sq.
360 854 466 895 eos
510 837 924 914 ignipotentes
969 837 1253 896 nominat
1275 822 1569 895 XXXIX.
1596 835 1735 893 192.
1781 843 1843 892 et
1866 831 2020 912 δαή-

225 963 423 1018 μονας
469 940 849 1017 ἐσχαρεῶνος
886 935 1053 996 XIV.
1099 937 1200 996 22.
1258 935 1369 995 sed
1411 936 1528 994 hoc
1571 952 1754 994 nemo
1796 934 2024 996 infitia-
2086 921 2087 925 ἵ

228 1039 392 1098 bitur
449 1056 487 1095 a
540 1035 763 1096 Nonno
823 1039 1104 1117 poeticae
1164 1037 1450 1095 licentiae
1507 1034 1837 1115 privilegio
1881 1034 2027 1111 fingi

228 1140 528 1219 potuisse,
574 1138 732 1195 sicut
772 1137 942 1196 idem
989 1136 1518 1215 Eurymedontem
1561 1135 1834 1216 pugilem
1878 1133 2030 1193 facit

229 1258 266 1297 a
322 1237 628 1296 Mercurio
696 1236 983 1297 edoctum
1051 1237 1371 1298 XXXVII.
1431 1235 1573 1296 590.
1632 1245 1814 1314 atque
1871 1232 2027 1292 adeo

230 1337 311 1396 ad
381 1337 651 1396 Aetneas
710 1336 981 1396 traducit
1033 1337 1288 1397 incudes
1346 1335 1552 1396 XXX.
1610 1336 1712 1397 68.
1811 1335 2029 1413 Itaque

232 1436 597 1497 Cabirorum
652 1435 1052 1499 Lemniorum
1099 1457 1138 1496 a
1182 1436 1628 1496 Samothraciis
1673 1433 2028 1505 diversitaS,

231 1547 303 1598 ut
356 1539 683 1597 minimum
741 1536 975 1611 dicam,
1029 1557 1326 1617 perquam
1382 1538 1646 1608 incerta,
1708 1534 2027 1610 mysteria,

232 1637 631 1719 quoadusque
675 1638 1168 1719 perduraverint,
1212 1638 1397 1718 plane
1429 1635 1890 1715 inexploratum
1922 1643 2035 1705 est,

233 1739 345 1800 sed
400 1740 455 1798 si
514 1757 589 1797 ex
646 1738 1018 1798 obscuritate
1076 1757 1293 1797 eorum
1359 1738 1782 1815 conjecturam
1834 1734 2037 1796 facere

235 1842 413 1913 licet,
482 1848 725 1898 mature
781 1847 889 1897 aut
943 1848 1226 1899 veterum
1282 1840 1587 1898 cultorum
1631 1838 1887 1897 interitu
1931 1844 2038 1896 aut

237 1941 650 2000 Samothracii
716 1939 985 1997 instituti
1054 1937 1385 2018 splendore
1454 1940 1622 2000 victa
1687 1936 2037 1997 extabuisse

239 2041 555 2103 videntur..
632 2037 927 2117 Idemque
973 2039 1142 2099 valet
1187 2038 1267 2096 de
1313 2041 1501 2097 sacris
1545 2038 1824 2110 Imbriis,
1889 2053 2038 2116 quo-

237 2161 376 2201 rum
434 2140 811 2199 mentionem
881 2138 1028 2197 fecit
1084 2135 1472 2197 Jamblichus
1528 2138 1599 2196 V.
1659 2137 1723 2196 P.
1782 2158 1828 2195 c.
1888 2134 2038 2196 CLI.

240 2243 631 2320 Pythagoran
684 2258 939 2298 narrans
996 2240 1338 2318 sapientiae
1395 2248 1729 2319 praecepta
1771 2236 2042 2317 undique

244 2344 595 2421 collegisse,
639 2340 717 2399 ab
765 2339 1086 2419 OrphiciS,
1134 2336 1355 2412 Celtis,
1400 2338 1673 2412 Hiberis,
1721 2340 1762 2401 ἃ
1807 2337 1876 2400 δὲ
1919 2361 2040 2400 πα·-

248 2444 326 2526 Q&
385 2451 492 2522 τῆς
547 2449 786 2519 τελετῆς
841 2448 948 2518 τῆς
993 2446 1060 2504 ἐν
1096 2445 1393 2504 Ἐλευσῖνι
1435 2441 1770 2524 γενομένης
1814 2443 1882 2502 ἓν
1909 2439 2040 2518 Ἴμ-

245 2547 386 2626 βρῳ
444 2568 509 2605 τε
565 2541 671 2604 καὶ
728 2539 1130 2622 Σαμοθρᾴκῃ
1187 2542 1301 2603 καὶ
1344 2538 1544 2621 Δήλῳ.
1647 2538 1773 2601 Sed
1814 2541 1882 2599 in
1924 2538 2042 2597 hoe

246 2642 714 2703 mendaciorum
771 2640 1015 2700 stabulo
1072 2643 1183 2702 vix
1238 2642 1398 2700 ratio
1456 2641 1600 2698 iniri
1643 2647 1852 2719 potest
1894 2637 2043 2718 quid

249 2747 386 2806 veri
442 2745 616 2803 falsis
674 2741 1021 2802 admixtum
1076 2742 1172 2801 sit.
1270 2741 1390 2801 His
1446 2742 1765 2800 transactis
1810 2738 1892 2798 ad
1932 2757 2043 2797 no-

250 2865 400 2907 vum
461 2842 823 2904 Cabirorum
879 2862 1066 2922 genus
1125 2841 1575 2923 procedimus,
1608 2839 1775 2920 quod
1819 2840 2043 2899 Pausa-

252 2947 389 3005 nias
432 2943 786 3004 introducit.

377 3157 450 3213 [Ὺ]
498 3157 624 3199 Hanc
653 3156 874 3200 Lemniam
904 3160 1033 3200 vocat
1056 3154 1217 3198 XXIX.
1254 3153 1348 3197 194.
1392 3153 1624 3197 Thraciam
1657 3153 1774 3196 XIV.
1808 3152 1878 3197 21.

374 3272 446 3328 [Χ]
493 3273 543 3316 L.
575 3273 735 3318 XXIV.
767 3272 837 3316 93.
869 3273 1048 3317 XXVII.
1087 3272 1183 3316 121.
