2150 3814
720 235 1234 280 ..onrn1cm
1773 227 1935 288 1009

162 368 294 439 „ire
338 375 575 446 cogeret
614 368 818 445 ipsum
834 364 944 445 [³].
1027 363 1405 441 Intelligatur
1446 365 1659 441 igitur,
1703 365 1931 446 Baptas

160 484 321 538 „non
376 465 517 525 ideo
559 453 812 526 vocatos
867 482 1001 523 esse
1020 492 1042 519 ·.
1061 461 1294 541 Cotyos
1353 465 1707 547 sacricolas‚
1767 467 1934 545 quod

159 583 420 645 „aquam
462 567 690 624 inceste
731 573 1072 637 sumerent,
1125 573 1196 624 ut
1237 566 1443 626 visum
1486 574 1581 624 est
1623 562 1931 638 Casaubo-

157 683 307 736 „no,
362 664 558 722 multo
611 664 844 736 minus,
898 662 1063 743 quod
1115 662 1330 745 βαπτά
1385 673 1735 743 gestarent„
1778 684 1932 744 quae

155 761 452 834 „Gesneri
509 761 630 822 fuit
684 764 896 843 opinio
957 761 1037 822 ad
1063 820 1066 822 ,
1091 763 1340 824 Lucian.
1394 764 1536 827 adv.
1589 748 1821 841 Indoct.
1880 785 1927 828 c.

154 858 447 932 „XXVIL
492 862 635 923 379.
682 862 751 922 Τ.
795 862 954 923 VIII.
1001 860 1112 921 sed
1156 882 1194 922 a
1236 863 1679 923 lotionibus
1735 865 1930 946 (lava-

153 960 489 1040 „tionibus)
546 964 822 1035 sacris,
887 960 1105 1040 quibus
1159 963 1358 1038 pietas
1401 963 1679 1036 initium,
1734 963 1930 1024 libido

152 1061 564 1132 „incrementa
617 1061 846 1120 dedit.“
957 1059 1302 1118 Meinekius
1358 1078 1507 1119 vero
1563 1061 1767 1119 allatis
1825 1061 1931 1120 de-

150 1177 274 1217 nuo
330 1158 648 1221 Juvenalis
706 1170 769 1217 et
822 1157 1088 1218 Platonii
1144 1157 1323 1230 locis,
1379 1157 1598 1237 quibus
1657 1158 1931 1219 Scholia-

150 1265 309 1316 stam
351 1258 640 1348 Aristidis
695 1276 891 1337 nuper
914 1254 1167 1316 <editum
1197 1257 1288 1337 [4]
1335 1256 1642 1334 adjungit,
1688 1257 1923 1333 ,‚Haec,

149 1358 405 1437 „inquit,
449 1359 554 1437 qui
593 1359 754 1416 inter
795 1375 863 1416 se
908 1356 1250 1429 contulerit,
1294 1357 1595 1434 intelliget
1625 1356 1925 1436 profecto,

150 1457 458 1538 „Eupolin
499 1458 613 1516 hac
654 1458 722 1516 in
760 1455 971 1516 fabula
1012 1454 1398 1516 Alcibiadem
1441 1458 1692 1535 ejusque
1726 1459 1926 1516 socios

148 1558 276 1629 „ita
316 1559 384 1616 in
425 1575 670 1616 scenam
711 1555 1112 1636 produxisse,
1154 1566 1225 1614 ut
1264 1557 1577 1614 nocturnis
1623 1557 1926 1617 conviviis

149 1650 606 1733 „Cotyttiorum
659 1675 971 1716 sacrorum
1029 1654 1472 1734 turpitudinem
1538 1655 1928 1715 imitarentur

149 1767 253 1829 „et
308 1757 632 1816 accedente
674 1759 870 1816 noctis
911 1756 1160 1814 licentia
1201 1754 1356 1812 nihil
1397 1755 1610 1832 flagitii
1652 1763 1925 1832 praeter-

151 1844 517 1928 „mi'tterent
573 1853 728 1915 Cum
771 1856 867 1915 his
910 1857 966 1942 si
1007 1853 1307 1930 Hesychii
1349 1853 1554 1912 locum
1599 1854 1924 1930 conjunxe-

144 1957 268 2028 „ris
281 1999 300 2028 ,
343 1957 409 2014 in
452 1974 572 2038 quo
617 1954 841 2019 diserte
883 1943 1156 2034 Eupolin
1201 1950 1345 2010 odio
1392 1970 1533 2029 erga
1573 1949 1924 2012 Corinthios

143 2057 537 2135 „permotum
593 2052 845 2132 Cotytto
891 2055 1071 2114 deam
1112 2055 1178 2112 in
1221 2070 1404 2112 scena
1447 2050 1792 2111 exhibuisse
1835 2061 1925 2111 te«

147 2164 413 2227 „statutt
467 2153 791 2218 Κοτυττώ·
849 2156 881 2217 ὃ
935 2154 1052 2236 μὲν
1093 2154 1360 2220 Εὔπολις
1415 2152 1546 2212 κατ’
1610 2154 1795 2231 ἔχθος
1848 2152 1920 2213 τὸ

147 2256 347 2337 »πρὸς
388 2255 767 2337 Κορινθίους
810 2251 1109 2336 φορτικόν
1148 2276 1292 2315 τινα
1334 2250 1607 2331 δαίμονα
1640 2249 1922 2312 διατίθε-

145 2378 313 2427 ,,ται,
356 2352 520 2413 haud
565 2354 721 2415 levis
764 2353 1041 2412 oboritur
1085 2352 1372 2431 suspicio,
1415 2348 1714 2429 Eupolidi
1746 2367 1922 2430 prae-

145 2461 280 2527 „ter
332 2452 667 2512 Alcibiadis
718 2454 1067 2512 irrisionem
1128 2453 1315 2510 etiam
1372 2449 1488 2507 hoc
1546 2449 1737 2507 fuisse
1779 2467 1921 2528 pro-

144 2554 476 2633 „positum,
518 2564 589 2613 ut
628 2553 990 2631 flagitiosam
1037 2548 1511 2621 Corinthiorum,
1556 2547 1725 2628 apud
1768 2567 1919 2627 quos

145 2671 425 2726 „summa
466 2653 585 2713 fuit
627 2651 1041 2730 Cotyttiorum
1094 2653 1497 2712 sanctimonia
1526 2651 1653 2730 [⁵],
1709 2647 1916 2707 libidi-

145 2771 324 2826 „nem
379 2763 646 2827 taxaret,
702 2771 894 2832 eoque
946 2755 1082 2833 ipso
1141 2749 1416 2828 Cotyttia
1458 2767 1628 2810 sacra
1668 2750 1732 2806 in
1778 2765 1917 2807 con-

146 2861 444 2926 „temtum
511 2851 839 2914 adduceret
903 2862 993 2926 et,
1044 2871 1123 2912 ne
1176 2852 1433 2912 Athenis
1486 2850 1916 2927 reciperentur,

266 3022 333 3080 [³]
374 3025 581 3069 Similiter
620 3025 856 3082 castigatos
884 3038 978 3067 esse
1007 3029 1176 3067 constat
1206 3024 1279 3080 qui
1308 3023 1351 3065 in
1381 3020 1683 3063 certaminibus
1713 3018 1768 3060 ad
1798 3031 1916 3060 aram

150 3081 476 3138 Lugdunensem
515 3083 722 3135 institutis
762 3083 1039 3136 cecidissent,
1081 3090 1125 3126 et
1164 3082 1300 3124 medio
1341 3095 1447 3122 aevo
1487 3079 1658 3121 lenones
1698 3083 1742 3119 et
1777 3090 1914 3119 mere-

150 3140 279 3183 trices
319 3143 696 3185 accabussari
737 3142 933 3184 solebant
962 3157 1001 3185 v.
1032 3142 1112 3184 Du
1143 3142 1307 3195 Cang.
1340 3138 1526 3180 Gloss.
1558 3138 1613 3180 T.
1643 3135 1680 3178 I.
1712 3150 1754 3193 p.
1784 3133 1855 3177 31.

290 3197 330 3256 ⁴]
372 3215 414 3257 p.
448 3200 544 3244 162.
583 3201 650 3243 ed.
678 3200 906 3243 Frommel.

291 3256 329 3313 ⁵]
371 3259 468 3301 Hoc
495 3260 590 3316 plus
620 3264 710 3313 est,
741 3274 866 3315 quam
895 3259 1139 3315 Hesychius
1168 3255 1395 3311 significat,
1426 3267 1478 3295 ex
1508 3267 1592 3310 quo
1621 3248 1910 3295 tantummodo

152 3313 233 3355 hoc
263 3315 410 3371 colligi
435 3323 596 3373 potest,
640 3317 837 3360 Corinthi
867 3331 949 3359 non
990 3331 1149 3373 paucos
1179 3329 1315 3370 neque
1345 3310 1580 3356 clanculum
1610 3309 1685 3353 sed
1716 3307 1838 3366 quasi
1868 3307 1910 3348 in

152 3372 286 3414 oculis
315 3375 449 3417 totius
479 3376 668 3419 civitatis
697 3376 803 3420 deae
833 3375 1067 3419 Cincinnae
1099 3375 1255 3418 litasse.
1473 3400 1475 3402 -

221 3449 286 3509 11.
353 3451 357 3453 ’
1499 3440 1577 3501 15
