2150 3814
221 204 384 269 1056
747 219 979 266 mmm
1023 221 1450 269 SECUNDUS.

214 354 320 413 tis
376 354 876 434 coquinariae
931 353 1373 432 profectam
1442 355 1654 418 dicit.
1756 354 1991 437 quue

214 455 521 532 egregie
587 453 1059 514 statuminat
1131 453 1780 518 Sanchuniathon
1850 456 1993 536 ille

214 551 867 613 antediluvianae
935 553 1386 629 sapientiae
1438 573 1762 637 promus
1819 573 1994 615 con-

213 650 354 711 dus
399 653 501 733 (si
544 653 711 731 quis
745 652 983 710 aliter
1015 648 1248 725 dicit,
1291 653 1721 717 Anathema
1755 656 1993 737 esto!)

214 752 641 827 originitus
698 750 1010 829 abjecta
1067 751 1182 810 rei
1238 753 1584 815 cibariae
1643 773 1781 837 pro
1839 754 1993 815 diis

210 849 478 910 habita
528 861 612 911 vet
671 851 885 911 culta
963 850 1233 912 dicens
1305 871 1413 935 ap.
1471 855 1834 916 Euseb.1.
1895 854 1991 916 10.

210 947 521 1038 οὗτοιγε
565 952 677 1034 (οἱ
714 949 1277 1033 παλαιότατοι)
1320 962 1631 1037 πρῶτον
1667 954 1992 1036 ἀφιέρω-

211 1072 359 1116 σαν
422 1052 515 1115 τὰ
574 1059 707 1132 τῆς
781 1059 918 1139 γῆς
980 1050 1500 1136 βλαστήματα
1572 1053 1700 1116 καὶ
1754 1051 1993 1123 θεοὺς

210 1149 597 1235 ἐνόμισαν
642 1152 774 1215 καὶ
830 1150 1364 1236 προςεκύνουν
1418 1161 1669 1218 ταῦτα
1723 1154 1842 1236 ἀφ’
1889 1147 1992 1216 ὧν

209 1252 440 1315 αὐτοὶ
525 1253 1002 1338 διεγένοντο.
1094 1270 1357 1331 quam·
1399 1255 1791 1313 rationem
1858 1271 1994 1333 per

134 1345 139 1347 ’
210 1352 471 1411 omnia
514 1351 773 1411 secula
813 1352 1315 1411 retinuerunt
1355 1352 1763 1433 Aegyptii,
1807 1371 1992 1412 mor-

208 1451 488 1510 talium
529 1451 911 1530 piissimi,
957 1450 1046 1509 de
1091 1452 1371 1530 quibus
1419 1453 1826 1530 Satyricus
1872 1452 1994 1512 ad-

204 1550 714 1611 mirabundus
760 1551 1143 1610 exclamat
1207 1550 1262 1611 0
1314 1562 1643 1611 sanctas
1680 1562 1992 1630 genteS,

205 1651 483 1734 quibus
537 1651 732 1711 haec
787 1660 1237 1713 nascuntur
1294 1652 1375 1711 in
1431 1651 1699 1712 hortis
1753 1654 1994 1714 nomi-

205 1757 341 1813 na!
394 1753 544 1815 Nec
587 1750 902 1811 abludit
945 1751 1273 1811 Perseus
1321 1752 1638 1813 Stoicus
1684 1772 1797 1835 ap.
1845 1751 1991 1814 Cic.

205 1854 278 1916 N.
321 1854 400 1913 D.
445 1853 490 1912 I.
539 1851 634 1912 13.
696 1854 826 1930 qui
867 1869 988 1910 res
1033 1852 1278 1911 utiles
1324 1861 1399 1911 et
1441 1854 1833 1915 salutares
1880 1874 1993 1915 ea-

206 1972 528 2033 rumque
600 1952 1063 2012 inventores
1138 1950 1460 2012 deorum
1537 1954 1989 2027 nominibus

207 2053 652 2135 appellatos
685 2070 854 2112 esse
885 2050 1099 2110 dicit.
1145 2048 1590 2126 Quidenim,
1634 2073 1771 2134 per
1799 2053 1988 2114 deos

203 2151 729 2225 immortales,
813 2151 1110 2210 homini
1178 2151 1464 2210 utilius
1534 2161 1665 2211 aut
1716 2156 1989 2234 potius

205 2253 390 2334 quid
437 2253 677 2330 magis
731 2251 1255 2311 necessarium
1315 2270 1534 2331 quam
1580 2252 1834 2313 cibus'.l
1880 2271 1989 2313 cu-

198 2356 323 2433 jus
358 2351 802 2433 apparandi
847 2361 1210 2411 auctores
1243 2352 1498 2431 primo
1535 2352 1988 2414 sacerdotes

203 2454 524 2526 fuerunt
566 2454 744 2511 hinc
777 2451 1039 2531 Popae
1082 2451 1496 2525 nominati,
1541 2472 1580 2511 a
1620 2455 1986 2533 popanis,

202 2563 286 2614 ut
331 2552 554 2613 docet
612 2551 863 2612 Schol.
921 2550 1122 2608 Pers,
1168 2547 1282 2607 VI.
1327 2550 1428 2609 76.
1477 2571 1802 2634 popam»
1848 2575 1986 2631 ge-

201 2675 401 2715 nera
444 2650 929 2734 suntpanis,
997 2647 1278 2730 quibus
1321 2652 1795 2712 sacerdotes
1836 2675 1985 2713 ves-

203 2754 620 2826 cebantur,
686 2751 968 2833 quibus
1011 2749 1331 2809 assidue
1366 2752 1603 2832 pasti
1631 2753 1984 2835 pingues

185 2854 532 2934 fiebant.
637 2850 783 2926 Qui
837 2851 977 2911 hoc
1033 2868 1183 2909 non
1241 2850 1524 2925 credit,
1580 2853 1781 2911 nihil
1826 2874 1982 2914 cre-

202 2954 351 3014 dit!
438 2954 533 3012 Et
583 2952 822 3013 iidem
877 2947 1148 3036 Μοίγοι
1203 2952 1375 3012 sive
1416 2950 1813 3038 Μάγειροι
1857 2953 1982 3013 di-

201 3057 339 3128 cti3
398 3071 571 3114 nam
621 3045 990 3140 μαγείαν,
1053 3068 1269 3129 quam
1312 3051 1537 3111 Plato
1581 3053 1979 3134 interpre-

202 3162 414 3213 tatur
466 3158 676 3217 θεῶν
732 3149 1202 3237 θεραπείαν,
1276 3152 1478 3212 nihil
1533 3151 1754 3212 aliud
1809 3171 1980 3213 esse

202 3272 424 3334 quam
483 3252 981 3339 μαγειρείαν,
1043 3261 1261 3313 extra
1317 3270 1613 3313 omnem
1670 3252 1976 3314 dubita-

203 3355 451 3414 tionis
507 3353 754 3414 aleam
798 3355 1142 3434 positum
1203 3363 1333 3414 est.
1422 3353 1771 3433 Orpheus
1826 3354 1973 3431 igi-
