2150 3814
232 216 396 278 1260
800 225 1039 270 LIBER
1085 226 1454 271 TERTms,

224 379 466 441 quoque
508 362 667 417 inter
710 354 970 416 Cabiros
1014 354 1227 414 referri
1271 355 1547 416 vidimus
1592 367 1654 416 et
1679 356 2013 435 Phrygium

221 460 469 542 quidem
525 459 582 517 si
636 474 854 518 verum
911 455 1353 517 divinavimus.
1468 457 1551 516 Et
1609 455 1694 516 ad
1749 457 2018 535 Phrygia

221 578 394 621 sacra
449 559 720 618 maxime
774 556 1072 616 inclinant
1123 557 1377 617 nomina
1428 557 1661 618 Attinis
1717 566 1778 616 et
1823 554 2018 634 Cory·
2073 625 2078 632 ¹

223 661 476 721 bantum
521 657 666 717 huic
709 656 957 717 fabulae
999 656 1266 729 intexta3
1312 676 1424 717 nec
1467 658 1758 718 abhorret
1786 659 2020 717 montis
2115 703 2130 714 .

222 758 481 838 Olympi
535 775 797 825 nomen,
856 757 990 834 ejus
1034 754 1327 817 videlicet
1369 757 1474 817 ubi
1518 757 1687 818 Attis
1735 757 2017 838 sepultus

221 858 446 918 dicitur
488 857 670 917 PauS.
705 858 752 917 Ι.
787 857 847 919 4.
895 855 976 915 ad
1020 875 1202 936 quem
1252 856 1418 916 Galli
1459 857 1760 917 abscissas
1804 876 2019 936 corpo-

217 961 304 1019 ris
347 967 556 1039 partes
613 957 949 1017 obscoenas
1006 955 1246 1018 deferre
1301 956 1587 1018 solebant
1629 957 1832 1017 Schol.
1888 956 2020 1016 Nic.

216 1060 392 1120 Alex.
448 1078 508 1120 v.
553 1059 611 1117 7.
699 1056 865 1118 Num
921 1058 1107 1136 igitur
1150 1057 1228 1118 ab
1272 1057 1749 1119 Anactotelestis
1791 1075 2021 1117 nomen

219 1158 429 1221 Cabiri
471 1158 713 1236 vulgari
756 1157 1005 1218 licentia
1048 1157 1131 1217 ad
1172 1177 1367 1219 unum
1421 1156 1844 1236 Corybantum
1888 1157 2022 1240 (qui

217 1271 342 1321 tres
384 1259 583 1338 fuere)
627 1257 1009 1318 transfusum
1051 1259 1312 1338 parique
1357 1259 1592 1340 Orphei
1647 1278 1856 1319 errore
1902 1255 2019 1317 Co-

213 1360 544 1438 rybantem
586 1357 766 1416 illum
811 1365 1132 1416 cruentum
1177 1354 1386 1419 Cereri
1430 1359 1792 1436 adjunctum
1827 1359 2020 1418 fuisse

216 1460 510 1532 dicemuS‚
556 1475 714 1537 quae
759 1475 898 1516 cum
939 1453 1395 1532 Corybantibus
1440 1458 1692 1541 nullum,
1726 1476 2021 1518 commer-
2057 1458 2059 1462 ’

216 1562 382 1621 cium
435 1556 663 1619 habet?
721 1576 800 1617 an
856 1558 1068 1637 potius
1124 1558 1215 1616 ita
1280 1559 1695 1637 suspicemur,
1752 1558 2021 1637 antiquis

215 1659 606 1742 temporibus
676 1676 850 1718 sacra
921 1657 1351 1717 Samothracia
1424 1658 1708 1736 Phrygiis
1771 1659 2022 1739 copula-

215 1764 378 1822 tiora
418 1761 610 1821 fuisse
654 1767 717 1819 et
757 1757 1101 1818 similiora'.l
1145 1755 1213 1815 id
1259 1756 1427 1838 quod
1469 1759 1518 1821 ii
1551 1759 1892 1836 significare
1925 1760 2021 1821 vi-

216 1862 466 1936 dentur,
524 1862 631 1941 qui
675 1857 934 1919 Cabiros
980 1878 1014 1916 e
1057 1850 1503 1934 Berecynthia
1524 1869 1868 1933 arcessunt,
1924 1861 2021 1940 ip-

214 1981 471 2043 samque
525 1978 817 2038 magnam
860 1965 1125 2017 matrem
1170 1957 1613 2019 Samothraciis
1656 1960 2022 2040 praeficiunt

214 2065 422 2126 sacris,
508 2059 816 2141 Equidem
858 2066 1148 2117 neutrum
1187 2059 1601 2142 asseverab03
1644 2079 1844 2141 neque
1887 2078 2019 2119 ma·
2111 2120 2113 2122 ,

213 2166 306 2244 gis
363 2180 586 2242 sequar
628 2161 684 2220 si
727 2160 866 2240 quis
911 2157 1270 2235 ambiguum
1316 2157 1716 2237 Pelasgorum
1771 2175 2020 2232 nomen,

216 2284 256 2325 a
309 2263 534 2345 quibus
589 2259 953 2322 Herodotus
1011 2258 1484 2320 Samothracum
1543 2243 1715 2339 orgia
1771 2258 2021 2320 condita

217 2365 398 2438 dicit,
443 2382 583 2425 cum
626 2364 816 2423 sacris
860 2351 1231 2438 Tyrrhenis,
1289 2379 1448 2440 quae
1494 2358 1782 2421 Clemens
1803 2440 1805 2442 Υ
1829 2359 2019 2420 deno-

217 2475 339 2540 tat,
396 2473 460 2523 et
518 2482 659 2523 cum
717 2459 1145 2537 Corybantum
1201 2462 1269 2519 in
1323 2461 1568 2522 Italiam
1612 2461 2019 2542 profectione,
2116 2527 2122 2533 Ι

217 2567 311 2644 cuj
319 2582 389 2625 us
430 2561 734 2623 indicium
772 2560 1029 2622 Servius
1072 2560 1271 2620 facere
1315 2561 1566 2622 videtur
1580 2557 1654 2644 [¹¹]
1701 2560 2018 2642 praeclare

216 2667 544 2728 cohaerere
587 2671 783 2744 putet,
826 2679 1176 2742 quanquam
1218 2660 1493 2740 intelligo
1538 2680 1654 2741 pro
1694 2661 1809 2722 hac
1832 2679 2018 2722 causa

215 2767 416 2828 multa
480 2763 760 2846 speciose
828 2761 1033 2840 colligi
1086 2780 1289 2843 posse.
1387 2761 1666 2822 Primum
1719 2763 2018 2821 succurrit

217 2867 381 2928 Aelii
423 2862 773 2946 Lampridii
815 2862 1037 2922 relatio
1079 2864 1147 2922 in
1184 2862 1256 2922 V.
1303 2859 1637 2923 Commodi
1681 2882 1727 2921 c.
1749 2861 1860 2922 IX.
1906 2881 1936 2921 s
1949 2881 2016 2922 a-

219 2987 343 3028 cra
409 2965 833 3027 Mithriaca
910 2961 1349 3024 homicidio
1433 2980 1624 3024 vero
1694 2963 2013 3044 polluit,

220 3086 448 3148 quum
515 3066 694 3126 illic
762 3061 1070 3144 aliquid
1139 3063 1235 3124 ad
1301 3064 1640 3146 speciem
1697 3064 2014 3150 timoris

339 3235 411 3294 [¹¹]
462 3236 531 3280 Ad
560 3238 666 3281 Aen.
697 3237 802 3282 VII.
833 3234 936 3279 796.
995 3234 1379 3291 Corybantem
1413 3235 1640 3279 venisse
1684 3235 1746 3278 ad
1788 3233 2009 3279 Italiam

220 3302 275 3340 et
302 3296 559 3339 tenuisse
603 3296 755 3349 loca,
797 3308 944 3352 quae
983 3307 1122 3337 nunc
1162 3295 1286 3337 urbi
1326 3294 1527 3337 vicina
1565 3300 1725 3347 sunt,
1768 3298 1821 3336 et
1850 3307 1917 3335 ex
1945 3308 2009 3338 eo

218 3355 461 3412 populos
510 3328 805 3397 Sacranbs
857 3352 1183 3410 appellatos
1226 3367 1374 3405 esse,
1427 3368 1545 3397 nam
1589 3352 1837 3397 Sacrani
1880 3357 2010 3396 sunt

222 3414 428 3457 Matris
467 3412 623 3457 deum
667 3412 1046 3468 Corybantes.
