<?xml version="1.0" encoding="UTF-8"?>
<!DOCTYPE html PUBLIC "-//W3C//DTD XHTML 1.0 Transitional//EN"
    "http://www.w3.org/TR/xhtml1/DTD/xhtml1-transitional.dtd">
<html xmlns="http://www.w3.org/1999/xhtml" xml:lang="en" lang="en">
 <head>
  <title>
</title>
<meta http-equiv="Content-Type" content="text/html;charset=utf-8" />
  <meta name='ocr-system' content='tesseract 3.04.00' />
  <meta name='ocr-capabilities' content='ocr_page ocr_carea ocr_par ocr_line ocrx_word'/>
</head>
<body>
  <div class='ocr_page' id='page_1' title='image "./aglaophamussived02lobeuoft_0363.png"; bbox 0 0 2150 3814; ppageno 0'>
   <div class='ocr_carea' id='block_1_1' title="bbox 0 2535 2 3117">
    <p class='ocr_par' dir='ltr' id='par_1_1' title="bbox 0 2535 2 3117">
     <span class='ocr_line' id='line_1_1' title="bbox 0 2535 2 3117; baseline 0 0"><span class='ocrx_word' id='word_1_1' title='bbox 0 2535 2 3117; x_wconf 95' lang='lat' dir='ltr'> </span> 
     </span>
    </p>
   </div>
   <div class='ocr_carea' id='block_1_2' title="bbox 781 191 1942 257">
    <p class='ocr_par' dir='ltr' id='par_1_2' title="bbox 781 191 1942 257">
     <span class='ocr_line' id='line_1_2' title="bbox 781 191 1942 257; baseline 0.006 -11"><span class='ocrx_word' id='word_1_2' title='bbox 781 202 1343 257; x_wconf 70' lang='lat' dir='ltr'>sAmo&#39;runAclA.</span> <span class='ocrx_word' id='word_1_3' title='bbox 1400 217 1402 219; x_wconf 95' lang='lat'>·</span> <span class='ocrx_word' id='word_1_4' title='bbox 1778 191 1942 252; x_wconf 78' lang='lat'>1139</span> 
     </span>
    </p>
   </div>
   <div class='ocr_carea' id='block_1_3' title="bbox 143 328 1941 2492">
    <p class='ocr_par' dir='ltr' id='par_1_3' title="bbox 143 328 1941 2492">
     <span class='ocr_line' id='line_1_3' title="bbox 155 328 1940 411; baseline 0.001 -19"><span class='ocrx_word' id='word_1_5' title='bbox 155 334 304 393; x_wconf 91' lang='lat' dir='ltr'>illo</span> <span class='ocrx_word' id='word_1_6' title='bbox 384 343 639 393; x_wconf 86' lang='lat' dir='ltr'>monte</span> <span class='ocrx_word' id='word_1_7' title='bbox 705 339 782 390; x_wconf 88' lang='lat' dir='ltr'>ut</span> <span class='ocrx_word' id='word_1_8' title='bbox 842 328 1150 411; x_wconf 84' lang='lat' dir='ltr'><strong>Jupiter</strong></span> <span class='ocrx_word' id='word_1_9' title='bbox 1212 332 1327 389; x_wconf 89' lang='lat' dir='ltr'>ita</span> <span class='ocrx_word' id='word_1_10' title='bbox 1394 332 1632 390; x_wconf 84' lang='lat' dir='ltr'>etiam</span> <span class='ocrx_word' id='word_1_11' title='bbox 1700 344 1940 394; x_wconf 88' lang='lat' dir='ltr'>mater</span> 
     </span>
     <span class='ocr_line' id='line_1_4' title="bbox 155 426 1939 512; baseline -0.001 -19"><span class='ocrx_word' id='word_1_12' title='bbox 155 433 476 493; x_wconf 87' lang='lat' dir='ltr'>deorum</span> <span class='ocrx_word' id='word_1_13' title='bbox 521 430 840 503; x_wconf 81' lang='lat' dir='ltr'>colitur,</span> <span class='ocrx_word' id='word_1_14' title='bbox 884 429 1064 489; x_wconf 90' lang='lat' dir='ltr'>ideo</span> <span class='ocrx_word' id='word_1_15' title='bbox 1095 426 1306 490; x_wconf 90' lang='lat' dir='ltr'>Azan</span> <span class='ocrx_word' id='word_1_16' title='bbox 1350 448 1495 512; x_wconf 85' lang='lat' dir='ltr'>apu</span> <span class='ocrx_word' id='word_1_17' title='bbox 1513 430 1553 488; x_wconf 91' lang='lat' dir='ltr'>d</span> <span class='ocrx_word' id='word_1_18' title='bbox 1594 431 1939 492; x_wconf 81' lang='lat' dir='ltr'><strong>Arcades</strong></span> 
     </span>
     <span class='ocr_line' id='line_1_5' title="bbox 156 527 1941 594; baseline -0.001 0"><span class='ocrx_word' id='word_1_19' title='bbox 156 527 484 594; x_wconf 84' lang='lat' dir='ltr'>Curetes</span> <span class='ocrx_word' id='word_1_20' title='bbox 523 532 664 590; x_wconf 85' lang='lat' dir='ltr'>hoe</span> <span class='ocrx_word' id='word_1_21' title='bbox 706 547 982 589; x_wconf 89' lang='lat' dir='ltr'>nomen</span> <span class='ocrx_word' id='word_1_22' title='bbox 1017 529 1259 590; x_wconf 89' lang='lat' dir='ltr'>haben</span> <span class='ocrx_word' id='word_1_23' title='bbox 1278 540 1303 588; x_wconf 89' lang='lat' dir='ltr'>t</span> <span class='ocrx_word' id='word_1_24' title='bbox 1337 528 1429 588; x_wconf 87' lang='lat' dir='ltr'>de</span> <span class='ocrx_word' id='word_1_25' title='bbox 1462 541 1719 590; x_wconf 86' lang='lat' dir='ltr'>monte</span> <span class='ocrx_word' id='word_1_26' title='bbox 1754 531 1941 592; x_wconf 88' lang='lat' dir='ltr'>Aza-</span> 
     </span>
     <span class='ocr_line' id='line_1_6' title="bbox 152 629 1938 710; baseline -0.001 -16"><span class='ocrx_word' id='word_1_27' title='bbox 152 635 316 703; x_wconf 86' lang='lat' dir='ltr'>nia,</span> <span class='ocrx_word' id='word_1_28' title='bbox 386 629 585 690; x_wconf 89' lang='lat' dir='ltr'>unde</span> <span class='ocrx_word' id='word_1_29' title='bbox 647 629 886 706; x_wconf 86' lang='lat' dir='ltr'>vulgo</span> <span class='ocrx_word' id='word_1_30' title='bbox 942 631 1020 688; x_wconf 91' lang='lat' dir='ltr'>in</span> <span class='ocrx_word' id='word_1_31' title='bbox 1075 632 1326 690; x_wconf 86' lang='lat' dir='ltr'>sacris</span> <span class='ocrx_word' id='word_1_32' title='bbox 1386 630 1611 690; x_wconf 89' lang='lat' dir='ltr'>deum</span> <span class='ocrx_word' id='word_1_33' title='bbox 1668 651 1730 691; x_wconf 90' lang='lat' dir='ltr'>m</span> <span class='ocrx_word' id='word_1_34' title='bbox 1748 651 1938 710; x_wconf 86' lang='lat' dir='ltr'>agne</span> 
     </span>
     <span class='ocr_line' id='line_1_7' title="bbox 150 729 1938 808; baseline 0.001 -18"><span class='ocrx_word' id='word_1_35' title='bbox 150 730 227 790; x_wconf 88' lang='lat' dir='ltr'>di</span> <span class='ocrx_word' id='word_1_36' title='bbox 241 732 307 789; x_wconf 88' lang='lat' dir='ltr'>ci</span> <span class='ocrx_word' id='word_1_37' title='bbox 322 740 461 789; x_wconf 86' lang='lat' dir='ltr'>tur</span> <span class='ocrx_word' id='word_1_38' title='bbox 485 729 594 791; x_wconf 88' lang='lat' dir='ltr'>Az</span> <span class='ocrx_word' id='word_1_39' title='bbox 607 748 715 789; x_wconf 91' lang='lat' dir='ltr'>an.</span> <span class='ocrx_word' id='word_1_40' title='bbox 764 729 859 789; x_wconf 86' lang='lat' dir='ltr'>Ita</span> <span class='ocrx_word' id='word_1_41' title='bbox 901 730 1122 808; x_wconf 84' lang='lat' dir='ltr'>legitur</span> <span class='ocrx_word' id='word_1_42' title='bbox 1165 731 1229 790; x_wconf 91' lang='lat' dir='ltr'>in</span> <span class='ocrx_word' id='word_1_43' title='bbox 1274 730 1440 790; x_wconf 91' lang='lat' dir='ltr'>Edit.</span> <span class='ocrx_word' id='word_1_44' title='bbox 1484 731 1752 793; x_wconf 90' lang='lat' dir='ltr'>Domitii</span> <span class='ocrx_word' id='word_1_45' title='bbox 1797 730 1938 794; x_wconf 87' lang='lat' dir='ltr'>Cal-</span> 
     </span>
     <span class='ocr_line' id='line_1_8' title="bbox 146 828 1938 914; baseline 0.003 -26"><span class='ocrx_word' id='word_1_46' title='bbox 146 828 374 904; x_wconf 85' lang='lat' dir='ltr'>derini3</span> <span class='ocrx_word' id='word_1_47' title='bbox 419 829 774 908; x_wconf 85' lang='lat' dir='ltr'>Tiliobroga</span> <span class='ocrx_word' id='word_1_48' title='bbox 819 829 1043 890; x_wconf 85' lang='lat' dir='ltr'>edidit:</span> <span class='ocrx_word' id='word_1_49' title='bbox 1087 830 1269 890; x_wconf 92' lang='lat' dir='ltr'>inde</span> <span class='ocrx_word' id='word_1_50' title='bbox 1311 832 1527 891; x_wconf 89' lang='lat' dir='ltr'>Azan</span> <span class='ocrx_word' id='word_1_51' title='bbox 1569 832 1777 914; x_wconf 88' lang='lat' dir='ltr'>apud</span> <span class='ocrx_word' id='word_1_52' title='bbox 1810 831 1938 893; x_wconf 89' lang='lat' dir='ltr'>Ar-</span> 
     </span>
     <span class='ocr_line' id='line_1_9' title="bbox 149 927 1936 992; baseline 0.002 -3"><span class='ocrx_word' id='word_1_53' title='bbox 149 928 373 990; x_wconf 82' lang='lat' dir='ltr'><strong>cades</strong></span> <span class='ocrx_word' id='word_1_54' title='bbox 462 927 792 990; x_wconf 89' lang='lat' dir='ltr'>Curetes</span> <span class='ocrx_word' id='word_1_55' title='bbox 877 931 1020 990; x_wconf 85' lang='lat' dir='ltr'>hoc</span> <span class='ocrx_word' id='word_1_56' title='bbox 1105 949 1381 989; x_wconf 88' lang='lat' dir='ltr'>nomen</span> <span class='ocrx_word' id='word_1_57' title='bbox 1469 931 1613 990; x_wconf 89' lang='lat' dir='ltr'>hab</span> <span class='ocrx_word' id='word_1_58' title='bbox 1631 943 1759 992; x_wconf 89' lang='lat' dir='ltr'>ent</span> <span class='ocrx_word' id='word_1_59' title='bbox 1845 931 1936 992; x_wconf 89' lang='lat' dir='ltr'>de</span> 
     </span>
     <span class='ocr_line' id='line_1_10' title="bbox 147 1028 1938 1106; baseline 0 -16"><span class='ocrx_word' id='word_1_60' title='bbox 147 1038 411 1090; x_wconf 89' lang='lat' dir='ltr'>monte</span> <span class='ocrx_word' id='word_1_61' title='bbox 452 1030 508 1090; x_wconf 87' lang='lat' dir='ltr'><strong>A</strong></span> <span class='ocrx_word' id='word_1_62' title='bbox 527 1049 748 1103; x_wconf 86' lang='lat' dir='ltr'>zane,</span> <span class='ocrx_word' id='word_1_63' title='bbox 803 1028 1002 1089; x_wconf 90' lang='lat' dir='ltr'>unde</span> <span class='ocrx_word' id='word_1_64' title='bbox 1060 1031 1291 1106; x_wconf 85' lang='lat' dir='ltr'>vulgo</span> <span class='ocrx_word' id='word_1_65' title='bbox 1335 1031 1414 1087; x_wconf 86' lang='lat' dir='ltr'>in</span> <span class='ocrx_word' id='word_1_66' title='bbox 1458 1033 1703 1090; x_wconf 89' lang='lat' dir='ltr'>sacris</span> <span class='ocrx_word' id='word_1_67' title='bbox 1749 1031 1938 1090; x_wconf 86' lang='lat' dir='ltr'>deae</span> 
     </span>
     <span class='ocr_line' id='line_1_11' title="bbox 146 1128 1938 1209; baseline -0.001 -20"><span class='ocrx_word' id='word_1_68' title='bbox 146 1148 364 1209; x_wconf 86' lang='lat' dir='ltr'>magn</span> <span class='ocrx_word' id='word_1_69' title='bbox 379 1148 464 1199; x_wconf 88' lang='lat' dir='ltr'>ae</span> <span class='ocrx_word' id='word_1_70' title='bbox 522 1128 824 1189; x_wconf 85' lang='lat' dir='ltr'>dicitur</span> <span class='ocrx_word' id='word_1_71' title='bbox 876 1129 985 1189; x_wconf 87' lang='lat' dir='ltr'>Az</span> <span class='ocrx_word' id='word_1_72' title='bbox 1001 1146 1112 1190; x_wconf 90' lang='lat' dir='ltr'>an.</span> <span class='ocrx_word' id='word_1_73' title='bbox 1200 1128 1488 1189; x_wconf 87' lang='lat' dir='ltr'>Barthius</span> <span class='ocrx_word' id='word_1_74' title='bbox 1531 1148 1760 1189; x_wconf 90' lang='lat' dir='ltr'>nomen</span> <span class='ocrx_word' id='word_1_75' title='bbox 1805 1128 1938 1189; x_wconf 90' lang='lat' dir='ltr'>Cu-</span> 
     </span>
     <span class='ocr_line' id='line_1_12' title="bbox 143 1227 1937 1307; baseline 0.001 -20"><span class='ocrx_word' id='word_1_76' title='bbox 143 1248 223 1287; x_wconf 89' lang='lat' dir='ltr'>re</span> <span class='ocrx_word' id='word_1_77' title='bbox 238 1239 309 1287; x_wconf 90' lang='lat' dir='ltr'>te</span> <span class='ocrx_word' id='word_1_78' title='bbox 322 1247 352 1288; x_wconf 89' lang='lat' dir='ltr'>s</span> <span class='ocrx_word' id='word_1_79' title='bbox 398 1229 647 1301; x_wconf 84' lang='lat' dir='ltr'>omittit,</span> <span class='ocrx_word' id='word_1_80' title='bbox 691 1227 857 1307; x_wconf 90' lang='lat' dir='ltr'>quod</span> <span class='ocrx_word' id='word_1_81' title='bbox 902 1229 1154 1288; x_wconf 89' lang='lat' dir='ltr'>omnino</span> <span class='ocrx_word' id='word_1_82' title='bbox 1198 1228 1586 1289; x_wconf 89' lang='lat' dir='ltr'>retinendum</span> <span class='ocrx_word' id='word_1_83' title='bbox 1603 1251 1618 1305; x_wconf 81' lang='lat'>3</span> <span class='ocrx_word' id='word_1_84' title='bbox 1663 1228 1774 1290; x_wconf 87' lang='lat' dir='ltr'>sed</span> <span class='ocrx_word' id='word_1_85' title='bbox 1794 1230 1937 1289; x_wconf 88' lang='lat' dir='ltr'>reli-</span> 
     </span>
     <span class='ocr_line' id='line_1_13' title="bbox 146 1326 1936 1408; baseline 0.001 -20"><span class='ocrx_word' id='word_1_86' title='bbox 146 1347 404 1408; x_wconf 90' lang='lat' dir='ltr'>quorum</span> <span class='ocrx_word' id='word_1_87' title='bbox 465 1330 760 1397; x_wconf 85' lang='lat' dir='ltr'>correctio</span> <span class='ocrx_word' id='word_1_88' title='bbox 817 1347 1044 1408; x_wconf 87' lang='lat' dir='ltr'>anceps</span> <span class='ocrx_word' id='word_1_89' title='bbox 1089 1337 1198 1388; x_wconf 87' lang='lat' dir='ltr'>est.</span> <span class='ocrx_word' id='word_1_90' title='bbox 1289 1326 1524 1389; x_wconf 88' lang='lat' dir='ltr'>Ceteris</span> <span class='ocrx_word' id='word_1_91' title='bbox 1568 1349 1717 1391; x_wconf 90' lang='lat' dir='ltr'>vero</span> <span class='ocrx_word' id='word_1_92' title='bbox 1761 1339 1936 1390; x_wconf 84' lang='lat' dir='ltr'>nota-</span> 
     </span>
     <span class='ocr_line' id='line_1_14' title="bbox 144 1428 1937 1511; baseline 0.001 -24"><span class='ocrx_word' id='word_1_93' title='bbox 144 1428 329 1488; x_wconf 81' lang='lat' dir='ltr'>bilior</span> <span class='ocrx_word' id='word_1_94' title='bbox 382 1429 488 1488; x_wconf 85' lang='lat' dir='ltr'>ille</span> <span class='ocrx_word' id='word_1_95' title='bbox 542 1429 885 1489; x_wconf 83' lang='lat' dir='ltr'>Pausaniae</span> <span class='ocrx_word' id='word_1_96' title='bbox 939 1429 1112 1489; x_wconf 89' lang='lat' dir='ltr'>locus</span> <span class='ocrx_word' id='word_1_97' title='bbox 1156 1428 1317 1490; x_wconf 89' lang='lat' dir='ltr'><strong>VIII.</strong></span> <span class='ocrx_word' id='word_1_98' title='bbox 1363 1431 1463 1490; x_wconf 83' lang='lat'>37.</span> <span class='ocrx_word' id='word_1_99' title='bbox 1510 1431 1616 1490; x_wconf 91' lang='lat' dir='ltr'>ubi</span> <span class='ocrx_word' id='word_1_100' title='bbox 1657 1431 1937 1511; x_wconf 88' lang='lat' dir='ltr'>Despoe—</span> 
     </span>
     <span class='ocr_line' id='line_1_15' title="bbox 143 1529 1938 1611; baseline 0 -23"><span class='ocrx_word' id='word_1_101' title='bbox 143 1548 261 1588; x_wconf 79' lang='lat' dir='ltr'>nae</span> <span class='ocrx_word' id='word_1_102' title='bbox 318 1529 620 1610; x_wconf 89' lang='lat' dir='ltr'>templum</span> <span class='ocrx_word' id='word_1_103' title='bbox 680 1539 742 1590; x_wconf 89' lang='lat' dir='ltr'>et</span> <span class='ocrx_word' id='word_1_104' title='bbox 796 1529 1052 1589; x_wconf 87' lang='lat' dir='ltr'>dearum</span> <span class='ocrx_word' id='word_1_105' title='bbox 1097 1532 1271 1608; x_wconf 85' lang='lat' dir='ltr'>signa</span> <span class='ocrx_word' id='word_1_106' title='bbox 1314 1550 1500 1611; x_wconf 88' lang='lat' dir='ltr'>super</span> <span class='ocrx_word' id='word_1_107' title='bbox 1544 1531 1766 1590; x_wconf 88' lang='lat' dir='ltr'><strong>throno</strong></span> <span class='ocrx_word' id='word_1_108' title='bbox 1815 1530 1938 1588; x_wconf 90' lang='lat' dir='ltr'>col-</span> 
     </span>
     <span class='ocr_line' id='line_1_16' title="bbox 143 1629 1936 1711; baseline 0.001 -23"><span class='ocrx_word' id='word_1_109' title='bbox 143 1629 347 1689; x_wconf 86' lang='lat' dir='ltr'>locata</span> <span class='ocrx_word' id='word_1_110' title='bbox 391 1639 635 1690; x_wconf 83' lang='lat' dir='ltr'>enarrat</span> <span class='ocrx_word' id='word_1_111' title='bbox 678 1639 742 1690; x_wconf 88' lang='lat' dir='ltr'>et</span> <span class='ocrx_word' id='word_1_112' title='bbox 783 1629 1086 1711; x_wconf 85' lang='lat' dir='ltr'>quaedam</span> <span class='ocrx_word' id='word_1_113' title='bbox 1133 1633 1338 1710; x_wconf 88' lang='lat' dir='ltr'>operis</span> <span class='ocrx_word' id='word_1_114' title='bbox 1365 1633 1620 1709; x_wconf 86' lang='lat' dir='ltr'>insignis</span> <span class='ocrx_word' id='word_1_115' title='bbox 1643 1648 1936 1711; x_wconf 83' lang='lat' dir='ltr'>parerga:</span> 
     </span>
     <span class='ocr_line' id='line_1_17' title="bbox 143 1726 1937 1816; baseline -0.001 -25"><span class='ocrx_word' id='word_1_116' title='bbox 143 1730 223 1792; x_wconf 78' lang='grc' dir='ltr'>τὰ</span> <span class='ocrx_word' id='word_1_117' title='bbox 280 1730 350 1793; x_wconf 73' lang='grc' dir='ltr'>δὲ</span> <span class='ocrx_word' id='word_1_118' title='bbox 408 1736 468 1801; x_wconf 80' lang='grc' dir='ltr'>ἐς</span> <span class='ocrx_word' id='word_1_119' title='bbox 524 1728 850 1813; x_wconf 76' lang='grc' dir='ltr'>Κούρητας</span> <span class='ocrx_word' id='word_1_120' title='bbox 908 1726 1106 1810; x_wconf 82' lang='grc' dir='ltr'><em>(οὗτοι</em></span> <span class='ocrx_word' id='word_1_121' title='bbox 1137 1731 1262 1815; x_wconf 76' lang='grc' dir='ltr'>γὰρ</span> <span class='ocrx_word' id='word_1_122' title='bbox 1307 1733 1428 1794; x_wconf 81' lang='grc' dir='ltr'>ὑπὸ</span> <span class='ocrx_word' id='word_1_123' title='bbox 1475 1741 1604 1795; x_wconf 81' lang='grc' dir='ltr'>τῶν</span> <span class='ocrx_word' id='word_1_124' title='bbox 1650 1729 1937 1816; x_wconf 49' lang='grc' dir='ltr'>οἷγαλμοίβ</span> 
     </span>
     <span class='ocr_line' id='line_1_18' title="bbox 146 1830 1938 1916; baseline 0.002 -26"><span class='ocrx_word' id='word_1_125' title='bbox 146 1852 275 1894; x_wconf 81' lang='grc' dir='ltr'>των</span> <span class='ocrx_word' id='word_1_126' title='bbox 328 1830 714 1910; x_wconf 81' lang='grc' dir='ltr'><em>πεποίηνται)</em></span> <span class='ocrx_word' id='word_1_127' title='bbox 770 1831 876 1894; x_wconf 77' lang='grc' dir='ltr'>καὶ</span> <span class='ocrx_word' id='word_1_128' title='bbox 930 1831 1007 1892; x_wconf 81' lang='grc' dir='ltr'>τὰ</span> <span class='ocrx_word' id='word_1_129' title='bbox 1053 1834 1111 1899; x_wconf 77' lang='grc' dir='ltr'>ἐς</span> <span class='ocrx_word' id='word_1_130' title='bbox 1155 1830 1571 1912; x_wconf 77' lang='grc' dir='ltr'><em>Κορύβαντας</em></span> <span class='ocrx_word' id='word_1_131' title='bbox 1615 1835 1938 1916; x_wconf 78' lang='grc' dir='ltr'><em>ἐπειργασ-</em></span> 
     </span>
     <span class='ocr_line' id='line_1_19' title="bbox 143 1930 1940 2014; baseline 0.001 -23"><span class='ocrx_word' id='word_1_132' title='bbox 143 1930 370 2010; x_wconf 78' lang='grc' dir='ltr'><strong><em>μένους</em></strong></span> <span class='ocrx_word' id='word_1_133' title='bbox 425 1931 524 1994; x_wconf 79' lang='grc' dir='ltr'>ἐπὶ</span> <span class='ocrx_word' id='word_1_134' title='bbox 565 1939 679 1994; x_wconf 80' lang='grc' dir='ltr'>τοῦ</span> <span class='ocrx_word' id='word_1_135' title='bbox 722 1930 982 2014; x_wconf 75' lang='grc' dir='ltr'><em>βάθρου</em></span> <span class='ocrx_word' id='word_1_136' title='bbox 1028 1931 1192 2012; x_wconf 77' lang='grc' dir='ltr'>(ἑνὸς</span> <span class='ocrx_word' id='word_1_137' title='bbox 1237 1931 1306 1995; x_wconf 72' lang='grc' dir='ltr'>δὲ</span> <span class='ocrx_word' id='word_1_138' title='bbox 1352 1932 1452 1995; x_wconf 74' lang='grc' dir='ltr'>οἶδ</span> <span class='ocrx_word' id='word_1_139' title='bbox 1455 1958 1494 1994; x_wconf 92' lang='grc' dir='ltr'><em>α</em></span> <span class='ocrx_word' id='word_1_140' title='bbox 1539 1934 1790 1994; x_wconf 73' lang='grc' dir='ltr'><em>ἀλλοῖον</em></span> <span class='ocrx_word' id='word_1_141' title='bbox 1834 1932 1940 1994; x_wconf 76' lang='grc' dir='ltr'>καὶ</span> 
     </span>
     <span class='ocr_line' id='line_1_20' title="bbox 144 2028 1937 2115; baseline 0.001 -22"><span class='ocrx_word' id='word_1_142' title='bbox 144 2031 222 2094; x_wconf 80' lang='grc' dir='ltr'>οὐ</span> <span class='ocrx_word' id='word_1_143' title='bbox 245 2029 592 2113; x_wconf 80' lang='grc' dir='ltr'><em>Κούρητος)</em></span> <span class='ocrx_word' id='word_1_144' title='bbox 636 2032 714 2096; x_wconf 79' lang='grc' dir='ltr'>τὰ</span> <span class='ocrx_word' id='word_1_145' title='bbox 752 2036 812 2102; x_wconf 78' lang='grc' dir='ltr'>ἐς</span> <span class='ocrx_word' id='word_1_146' title='bbox 845 2029 1108 2103; x_wconf 84' lang='grc' dir='ltr'><em>τούτους</em></span> <span class='ocrx_word' id='word_1_147' title='bbox 1133 2032 1397 2115; x_wconf 75' lang='grc' dir='ltr'><em>παρίημι</em></span> <span class='ocrx_word' id='word_1_148' title='bbox 1424 2030 1826 2114; x_wconf 77' lang='grc' dir='ltr'>ἐπιστάμενος</span> <span class='ocrx_word' id='word_1_149' title='bbox 1845 2028 1937 2110; x_wconf 87' lang='lat'><em>[¹],</em></span> 
     </span>
     <span class='ocr_line' id='line_1_21' title="bbox 146 2129 1938 2214; baseline 0.001 -25"><span class='ocrx_word' id='word_1_150' title='bbox 146 2129 310 2190; x_wconf 90' lang='lat' dir='ltr'>unde</span> <span class='ocrx_word' id='word_1_151' title='bbox 365 2140 626 2212; x_wconf 88' lang='lat' dir='ltr'>apparet</span> <span class='ocrx_word' id='word_1_152' title='bbox 682 2129 937 2214; x_wconf 86' lang='lat' dir='ltr'>Curetes</span> <span class='ocrx_word' id='word_1_153' title='bbox 994 2141 1058 2191; x_wconf 87' lang='lat' dir='ltr'>et</span> <span class='ocrx_word' id='word_1_154' title='bbox 1102 2130 1486 2209; x_wconf 85' lang='lat' dir='ltr'>Corybantes</span> <span class='ocrx_word' id='word_1_155' title='bbox 1531 2131 1766 2191; x_wconf 88' lang='lat' dir='ltr'>deabus</span> <span class='ocrx_word' id='word_1_156' title='bbox 1809 2149 1938 2190; x_wconf 90' lang='lat' dir='ltr'>ma—</span> 
     </span>
     <span class='ocr_line' id='line_1_22' title="bbox 144 2230 1938 2307; baseline 0.001 -18"><span class='ocrx_word' id='word_1_157' title='bbox 144 2231 280 2307; x_wconf 80' lang='lat' dir='ltr'>gnis</span> <span class='ocrx_word' id='word_1_158' title='bbox 349 2233 617 2292; x_wconf 77' lang='lat' dir='ltr'>sociatos</span> <span class='ocrx_word' id='word_1_159' title='bbox 676 2250 828 2292; x_wconf 85' lang='lat' dir='ltr'>esse.</span> <span class='ocrx_word' id='word_1_160' title='bbox 915 2231 987 2291; x_wconf 91' lang='lat' dir='ltr'>Id</span> <span class='ocrx_word' id='word_1_161' title='bbox 1045 2242 1254 2292; x_wconf 88' lang='lat' dir='ltr'>autem</span> <span class='ocrx_word' id='word_1_162' title='bbox 1311 2233 1474 2292; x_wconf 84' lang='lat' dir='ltr'>infra</span> <span class='ocrx_word' id='word_1_163' title='bbox 1486 2276 1503 2305; x_wconf 87' lang='lat'><strong><em>,</em></strong></span> <span class='ocrx_word' id='word_1_164' title='bbox 1571 2230 1680 2291; x_wconf 91' lang='lat' dir='ltr'>ubi</span> <span class='ocrx_word' id='word_1_165' title='bbox 1736 2250 1938 2291; x_wconf 91' lang='lat' dir='ltr'>sermo</span> 
     </span>
     <span class='ocr_line' id='line_1_23' title="bbox 145 2328 1937 2405; baseline 0 -15"><span class='ocrx_word' id='word_1_166' title='bbox 145 2329 227 2390; x_wconf 88' lang='lat' dir='ltr'>ad</span> <span class='ocrx_word' id='word_1_167' title='bbox 287 2328 544 2392; x_wconf 79' lang='lat' dir='ltr'>Cabirus</span> <span class='ocrx_word' id='word_1_168' title='bbox 598 2332 851 2393; x_wconf 89' lang='lat' dir='ltr'>redierit</span> <span class='ocrx_word' id='word_1_169' title='bbox 864 2376 881 2405; x_wconf 87' lang='lat'><strong><em>‚</em></strong></span> <span class='ocrx_word' id='word_1_170' title='bbox 937 2334 1109 2393; x_wconf 87' lang='lat' dir='ltr'>viam</span> <span class='ocrx_word' id='word_1_171' title='bbox 1165 2333 1347 2393; x_wconf 90' lang='lat' dir='ltr'>nobis</span> <span class='ocrx_word' id='word_1_172' title='bbox 1399 2334 1742 2393; x_wconf 84' lang='lat' dir='ltr'>faciliorem</span> <span class='ocrx_word' id='word_1_173' title='bbox 1799 2350 1937 2392; x_wconf 85' lang='lat' dir='ltr'>con-</span> 
     </span>
     <span class='ocr_line' id='line_1_24' title="bbox 145 2430 430 2492; baseline 0.004 -2"><span class='ocrx_word' id='word_1_174' title='bbox 145 2430 430 2492; x_wconf 82' lang='lat' dir='ltr'>cinnabit.</span> 
     </span>
    </p>
   </div>
   <div class='ocr_carea' id='block_1_4' title="bbox 460 2630 1634 2839">
    <p class='ocr_par' dir='ltr' id='par_1_4' title="bbox 460 2630 1634 2839">
     <span class='ocr_line' id='line_1_25' title="bbox 868 2630 1216 2692; baseline -0.006 0"><span class='ocrx_word' id='word_1_175' title='bbox 868 2630 1053 2692; x_wconf 77' lang='lat' dir='ltr'>CAP.</span> <span class='ocrx_word' id='word_1_176' title='bbox 1142 2634 1216 2692; x_wconf 92' lang='grc' dir='ltr'>ΙΙ.</span> 
     </span>
     <span class='ocr_line' id='line_1_26' title="bbox 460 2760 1634 2839; baseline -0.001 -20"><span class='ocrx_word' id='word_1_177' title='bbox 460 2760 599 2819; x_wconf 86' lang='lat' dir='ltr'>De</span> <span class='ocrx_word' id='word_1_178' title='bbox 695 2761 1634 2839; x_wconf 71' lang='lat' dir='ltr'>Corybantibus,</span> 
     </span>
    </p>
   </div>
   <div class='ocr_carea' id='block_1_5' title="bbox 945 2961 1143 3042">
    <p class='ocr_par' dir='ltr' id='par_1_5' title="bbox 945 2961 1143 3042">
     <span class='ocr_line' id='line_1_27' title="bbox 945 2961 1143 3042; baseline -0.01 -21"><span class='ocrx_word' id='word_1_179' title='bbox 945 2961 997 3042; x_wconf 58' lang='grc' dir='ltr'>ξ.</span> <span class='ocrx_word' id='word_1_180' title='bbox 1093 2963 1143 3020; x_wconf 87' lang='lat'>1.</span> 
     </span>
    </p>
   </div>
   <div class='ocr_carea' id='block_1_6' title="bbox 156 3101 1941 3277">
    <p class='ocr_par' dir='ltr' id='par_1_6' title="bbox 156 3101 1941 3277">
     <span class='ocr_line' id='line_1_28' title="bbox 321 3101 1941 3185; baseline -0.001 -22"><span class='ocrx_word' id='word_1_181' title='bbox 321 3101 680 3185; x_wconf 80' lang='lat' dir='ltr'>Quanquam</span> <span class='ocrx_word' id='word_1_182' title='bbox 705 3103 1130 3183; x_wconf 88' lang='lat' dir='ltr'>Corybantum</span> <span class='ocrx_word' id='word_1_183' title='bbox 1176 3123 1400 3164; x_wconf 90' lang='lat' dir='ltr'>nomen</span> <span class='ocrx_word' id='word_1_184' title='bbox 1445 3105 1781 3164; x_wconf 85' lang='lat' dir='ltr'>multorum</span> <span class='ocrx_word' id='word_1_185' title='bbox 1813 3116 1941 3163; x_wconf 88' lang='lat' dir='ltr'>me-</span> 
     </span>
     <span class='ocr_line' id='line_1_29' title="bbox 156 3193 1936 3277; baseline 0.002 -18"><span class='ocrx_word' id='word_1_186' title='bbox 156 3205 498 3264; x_wconf 87' lang='lat' dir='ltr'>moratione</span> <span class='ocrx_word' id='word_1_187' title='bbox 539 3193 911 3277; x_wconf 74' lang='lat' dir='ltr'>celebratur,</span> <span class='ocrx_word' id='word_1_188' title='bbox 958 3216 1196 3277; x_wconf 89' lang='lat' dir='ltr'>tamen,</span> <span class='ocrx_word' id='word_1_189' title='bbox 1242 3208 1294 3265; x_wconf 89' lang='lat' dir='ltr'>si</span> <span class='ocrx_word' id='word_1_190' title='bbox 1340 3224 1437 3264; x_wconf 89' lang='lat' dir='ltr'>res</span> <span class='ocrx_word' id='word_1_191' title='bbox 1482 3195 1787 3265; x_wconf 86' lang='lat' dir='ltr'>censenda</span> <span class='ocrx_word' id='word_1_192' title='bbox 1826 3213 1936 3276; x_wconf 88' lang='lat' dir='ltr'>est,</span> 
     </span>
    </p>
   </div>
   <div class='ocr_carea' id='block_1_7' title="bbox 274 3353 1938 3414">
    <p class='ocr_par' dir='ltr' id='par_1_7' title="bbox 274 3353 1938 3414">
     <span class='ocr_line' id='line_1_30' title="bbox 274 3353 1938 3414; baseline 0.001 -15"><span class='ocrx_word' id='word_1_193' title='bbox 274 3353 342 3412; x_wconf 64' lang='grc' dir='ltr'>[Ι]</span> <span class='ocrx_word' id='word_1_194' title='bbox 367 3358 752 3406; x_wconf 70' lang='lat' dir='ltr'>Verbainterclusa</span> <span class='ocrx_word' id='word_1_195' title='bbox 766 3363 866 3414; x_wconf 82' lang='grc' dir='ltr'>ἑνὸς</span> <span class='ocrx_word' id='word_1_196' title='bbox 877 3364 926 3408; x_wconf 77' lang='grc' dir='ltr'>δὲ</span> <span class='ocrx_word' id='word_1_197' title='bbox 944 3389 1001 3398; x_wconf 91' lang='grc'>-</span> <span class='ocrx_word' id='word_1_198' title='bbox 1023 3363 1260 3406; x_wconf 78' lang='lat' dir='ltr'>Siebelisus</span> <span class='ocrx_word' id='word_1_199' title='bbox 1284 3361 1436 3404; x_wconf 84' lang='lat' dir='ltr'>leniter</span> <span class='ocrx_word' id='word_1_200' title='bbox 1456 3362 1498 3404; x_wconf 85' lang='lat' dir='ltr'>in</span> <span class='ocrx_word' id='word_1_201' title='bbox 1522 3361 1651 3406; x_wconf 82' lang='lat' dir='ltr'>alium</span> <span class='ocrx_word' id='word_1_202' title='bbox 1673 3361 1938 3405; x_wconf 82' lang='lat' dir='ltr'>intellectum</span> 
     </span>
    </p>
   </div>
  </div>
 </body>
</html>
