2150 3814
711 225 1270 270 SAMOTHRACIA.
1735 212 1893 272 1301

119 360 267 419 bion
309 361 444 421 sive
493 355 721 432 Albion
766 364 830 415 et
865 355 1187 431 Dercynus
1231 363 1530 415 vocantur
1571 353 1791 421 fratres
1823 358 1897 437 [g]

118 470 179 519 et
206 458 433 520 ‚fabula
474 458 614 538 ipsa
655 474 692 514 e
720 454 1028 533 ‚Ligurum
1074 455 1318 531 ingenio
1364 452 1582 513 doloso
1627 463 1690 513 et
1732 456 1903 516 victu

117 560 378 638 piratico
405 555 485 644 [†]
530 555 785 615 conficta
826 554 1092 616 videtur.
1162 553 1402 614 Notior.
1427 553 1594 614 fama
1636 563 1733 627 >est
1760 552 1905 614 Cer-

116 676 299 739 copes
364 658 432 716 in
483 653 688 732 Lydia
713 705 718 709 .
747 655 1085 715 latrocinia.
1129 656 1392 733 agitasse
1449 654 1904 735 Herculemque

114 777 225 837 per
268 756 422 815 haec
463 755 601 815 loca
643 757 1132 835 peregrinantem
1177 753 1430 814 adortos
1485 773 1621 814 esse
1647 806 1651 810 .
1675 754 1904 816 Zenob.

114 855 188 914 V.
229 854 324 915 10.
367 854 526 915 Bibl.
572 851 760 915 Coisl.
805 855 870 914 P.
914 855 988 914 H.
1032 855 1178 915 610.
1223 856 1328 935 qui
1368 863 1655 915 matrem.
1680 856 1903 917 Thiam

116 956 435 1036 appellant
478 954 707 1015 Oceani
748 955 942 1015 filiam
965 951 1039 1036 [¹²]
1086 952 1388 1034 Cercopes
1431 957 1604 1035 ipsos
1650 964 1765 1016 aut.
1800 975 1905 1015 ne-

117 1065 285 1115 catos
343 1065 452 1115 aut
519 1054 864 1136 Omphalae
931 1057 997 1114 in
1067 1055 1416 1114 servitium.
1466 1054 1729 1115 traditos
1801 1064 1910 1115 aut

117 1157 307 1215 etiam
357 1155 696 1215 incolumes
753 1154 1043 1214 dimissos
1102 1171 1236 1211 esse
1289 1152 1566 1227 referunt
1619 1153 1697 1212 ab
1751 1154 1909 1213 Her-

118 1256 252 1314 cule
295 1263 610 1334 promtum
668 1271 905 1312 eorum.
937 1251 1019 1312 ad
1068 1251 1406 1330 jocandum
1465 1255 1743 1313 animum
1802 1253 1910 1314 ad-

116 1356 375 1428 mirato,
453 1352 621 1434 quod
689 1353 856 1433 capti
917 1353 985 1412 in
1021 1353 1194 1432 ⁴ipso
1261 1354 1478 1414 mortis
1555 1353 1910 1414 discrimine

117 1455 324 1515 nescio
382 1452 533 1533 quid
586 1452 771 1512 faceti
816 1452 1128 1530 jecissent.
1227 1450 1433 1532 Atque
1489 1454 1671 1515 hunc¹
1705 1455 1912 1514 locum

121 1553 467 1635 Cercopum
515 1555 771 1634 rapinis.
813 1553 1133 1612 constituit
1184 1552 1514 1629 Aeschrio,
1573 1557 1679 1637 qui
1735 1555 1909 1616 fabu—

118 1657 248 1715 lam
293 1655 604 1734 copiosius
657 1672 973 1713 enarrasse
1026 1653 1290 1715 videtur.
1388 1655 1911 1735 Harpocratio..-S.

120 1757 460 1838 Κέρκωπες.
503 1742 857 1841 Ξεναγόρας
886 1750 950 1834 [¹]
1009 1759 1067 1823 ἐς
1110 1754 1419 1834 πιθήκους
1464 1757 1694 1826 αὐτοὺς
1722 1781 1914 1838 μετα-

119 1860 338 1938 βαλεῖν
381 1875 534 1936 φησι
559 1856 683 1917 καὶ
722 1855 836 1924 τὰς
873 1853 1326 1933 Πιθηκούσσας
1370 1853 1599 1925 νίσους
1643 1858 1744 1919 ἀπ’
1794 1859 1911 1919 αὓ-

119 1965 249 2019 τῶν
291 1958 617 2034 κληθῆναι.
705 1954 1008 2034 Αἰσχίνης
1051 1953 1121 2017 δὲ
1164 1956 1196 2018 ὃ
1245 1955 1610 2036 Σαρδιανὸς
1656 1961 1723 2020 ἐν
1766 1955 1912 2038 ἰάμ-

88 2124 96 2129 ?
122 2060 263 2139 βοις
304 2055 411 2117 καὶ
463 2054 543 2116 τὰ
609 2051 934 2135 ὃνόματαν
989 2056 1202 2118 αὐτῶν
1258 2055 1613 2141 ἀναγράφει
1660 2057 1916 2120 Mardoc-

124 2165 234 2219 λον
277 2155 382 2217 καὶ
409 2156 766 2218 {maman
836 2152 958 2212 Hic
982 2155 1303 2236 Αἰσχρίων
1347 2155 1736 2231 scribendum
1766 2175 1916 2216 esse

126 2257 278 2314 olim
323 2271 605 2314 assensus
649 2271 788 2312 sum
830 2253 1172 2328 Maussac0‚
1220 2275 1383 2314 nunc
1428 2255 1643 2315 dubito
1691 2276 1771 2315 an
1815 2276 1917 2316 ea-

126 2356 267 2415 dem
327 2354 573 2414 licentia
627 2353 964 2415 Aeschines
1019 2375 1134 2435 pro
1192 2355 1488 2417 Aeschrio
1547 2356 1780 2418 dictum
1836 2360 1918 2417 sit

129 2569 400 2626 Monkeys
429 2575 533 2613 etc.
594 2569 820 2613 Proverbii
849 2570 945 2613 loco
976 2569 1135 2614 dicitur
1153 2570 1376 2631 Ἡρακλῆς
1406 2573 1483 2615 καὶ
1511 2577 1707 2628 πίθηκος
1735 2573 1915 2616 Lucian.

129 2628 245 2671 Pisc.
277 2632 318 2682 §-
350 2627 422 2672 37.
458 2628 556 2671 156.
589 2629 647 2671 Τ.
679 2628 762 2671 III.

248 2715 325 2772 [g]
376 2729 418 2757 v.
450 2715 637 2760 Mueller
667 2716 722 2758 ad
752 2715 896 2758 Schol.
927 2715 1034 2773 Lyc.
1065 2715 1164 2760 649.
1198 2718 1442 2786 Tzschuck.
1476 2719 1533 2761 ad
1563 2719 1670 2788 Mel.
1711 2718 1807 2761 Vol.
1837 2719 1918 2788 lli.

129 2774 276 2889 ἑὲ.
304 2774 888 2878 εἰθιῇιςῑεῖιῗῑῑῑῑ
914 2776 1123 2878 effi..

251 2919 331 2977 [†]
382 2921 649 2978 Crinagoras
679 2921 764 2975 Ep.
796 2921 982 2965 XXXII.
1014 2939 1055 2981 p.
1091 2921 1188 2968 149.
1228 2922 1284 2964 T.
1314 2923 1374 2966 II.
1416 2924 1557 2966 Anall.
1599 2925 1821 2968 Plutarch.
1864 2925 1917 2969 V.

136 2977 260 3022 Paul.
293 2994 330 3022 c.
359 2979 401 3022 6.
433 2981 545 3023 Cato
576 2995 650 3038 ap.
681 2979 808 3023 Serv.
839 2982 895 3024 ad
925 2983 1033 3028 Aen.
1065 2983 1141 3025 XI.
1172 2981 1272 3026 699.

254 3062 327 3123 [h]
380 3066 539 3112 Mirum
569 3068 685 3126 quod
715 3068 878 3112 Suidae
912 3071 1035 3113 codd.
1065 3070 1203 3113 Paris.
1247 3085 1281 3112 s.
1313 3069 1637 3130 Μελαμπύγου
1667 3085 1746 3128 pro
1776 3075 1921 3130 Μεμ-

139 3126 320 3175 νονίδος
349 3126 552 3170 exhibent
579 3131 786 3186 Λίμνης,
827 3142 979 3172 nomen
1009 3130 1123 3171 haud
1152 3129 1397 3172 indecorum
1428 3130 1545 3173 filiae
1575 3131 1765 3186 Oceani,
1812 3145 1919 3187 quo·
2014 3158 2020 3169 .

140 3184 263 3285 {clodo
316 3184 434 3227 Thia
482 3193 675 3230 vocatur.
747 3187 971 3244 Cercopen
1019 3188 1257 3246 Cercopum
1306 3194 1483 3232 matrem
1531 3190 1723 3233 nominat
1773 3189 1920 3246 Etym.

194 3274 205 3286 .
249 3258 284 3286 a.
329 3258 371 3287 v.

219 3326 346 3430 ἵης]
399 3330 448 3372 In
495 3330 603 3374 libro
648 3333 702 3376 de
751 3333 928 3387 insulis,
985 3341 1033 3377 ut
1086 3334 1237 3378 Vossio
1290 3334 1462 3377 videtur
1510 3335 1575 3378 De
1618 3336 1731 3379 Hist.
1776 3349 1918 3392 graec.

144 3404 194 3444 p.»
309 3420 318 3430 .
