2150 3814
264 200 426 265 1212
820 214 1053 260 monn
1097 213 1463 259 'rnn'rms

256 347 400 417 τοὺς
441 343 668 414 αὐτούς
711 364 771 424 p.
820 339 958 402 151.
999 341 1119 403 His
1162 344 1529 403 testimoniis
1573 351 1715 404 utor
1757 342 1839 403 ad
1872 343 2024 406 duas

254 466 384 522 res3
440 447 710 526 primum
764 452 835 502 ut
888 451 1184 523 appareat
1241 445 1692 504 vetustissimos
1747 452 2025 504 auctores

255 546 492 607 Cabiris
558 561 756 623 neque
819 559 1045 601 nomen
1100 548 1459 619 magnorum
1520 543 1776 604 deorum
1831 561 2028 623 neque

253 648 635 724 majestatem
690 641 978 702 tribuisse
992 685 1010 714 ,
1071 639 1294 700 deinde
1349 641 1430 702 ad
1483 642 1883 706 refellendam
1929 661 2029 702 eo-

253 764 390 806 rum
448 744 832 824 opinionem,
900 742 1005 820 qui
1061 737 1318 800 Cabiros
1370 740 1660 802 Lemnios
1717 762 1773 804 a.
1811 743 2027 808 Samo—

251 845 498 905 thraciis
551 860 804 924 prorsus
861 839 1141 902 diversos
1182 840 1375 900 fuisse
1426 850 1802 917 statuerunt3
1857 844 2027 920 cujus

252 944 661 1005 distinctionis
726 939 895 1021 apud
946 950 1210 1000 nostros.
1234 949 1513 1026 auctores
1555 941 1733 1003 nulla.
1766 942 1887 1001 fuit
1928 960 2030 1003 su-

251 1046 444 1126 spicio
503 1062 575 1103 ae
631 1061 710 1100 ne
754 1038 1102 1118 conjectura
1146 1039 1393 1120 quidem
1436 1039 1759 1121 probabile
1800 1050 1897 1101 est
1931 1043 2032 1104 ‚vi-

251 1147 527 1204 cinarum
600 1141 940 1201 insularum
1014 1140 1257 1199 incolas,
1315 1152 1679 1218 'congeneres
1721 1139 1882 1206 sub„
1925 1142 2030 1205 iis-

250 1243 392 1303 dem
434 1239 783 1302 nominibus
828 1238 1075 1300 diversa
1117 1238 1376 1298 coluisse
1418 1241 1689 1299 numina.
1742 1239 1843 1306 Id.
1866 1258 2028 1307 nunc

248 1342 672 1423 praetermitto
730 1339 853 1398 alio
909 1339 1148 1417 aptiore
1202 1337 1339 1397 loco
1383 1357 1458 1397 ex
1513 1339 1749 1416 integro
1793 1357 2027 1402 resum«

248 1451 439 1502 turus.

1047 1665 1100 1747 ξ.
1184 1665 1244 1727 4.

414 1839 722 1902 Herodoti
775 1837 899 1898 duo
957 1846 1100 1897 sunt
1150 1838 1304 1911 loci,
1361 1838 1483 1917 quiN
1523 1835 1604 1897 ad
1646 1836 1803 1898 hanc
1843 1855 2027 1918 quae-

249 1942 514 2000 stionem
568 1939 907 2020 pertinent,
976 1954 1135 1997 unus
1177 1936 1248 1996 L.
1292 1936 1396 1996 111.
1447 1937 1548 1996 37.
1604 1935 1715 1997 ubi
1771 1935 2027 1998 Cabirus

244 2039 524 2118 Memphi
565 2039 760 2099 cultos
784 2036 1042 2096 Vulcani
1083 2036 1244 2095 filios
1286 2036 1596 2116 perhiberi
1638 2035 1849 2117 prodit
1883 2054 2024 2097 con-

245 2140 563 2201 venienter
592 2135 949 2212 Pherecydi,
994 2153 1330 2214 eorumque
1375 2136 1704 2197 simulacra
1746 2135 2024 2196 Pataecis

242 2237 616 2297 Phoenicum
668 2234 993 2298 navalibus
1048 2234 1366 2295 simillima
1410 2253 1572 2308 esse,
1628 2235 1746 2295 hoc
1788 2244 1884 2296 est
1926 2254 2026 2296 cu-

240 2337 473 2397 bitalia.¹
518 2334 724 2408 Quum
766 2354 918 2397 vero
961 2333 1130 2395 idem
1171 2335 1247 2394 H.
1293 2333 1394 2395 50.
1435 2335 1774 2396 Dioscuros
1817 2335 2021 2414 Aegy÷
2107 2328 2112 2334 ⁷

241 2439 390 2518 ptiis
444 2445 628 2499 notos
693 2435 882 2496 fuisse
948 2443 1156 2511 neget,
1221 2434 1579 2513 planissime
1642 2444 1844 2514 patet,
1910 2435 2024 2494 hos

243 2536 393 2595 deos
449 2535 575 2594 illis
629 2532 1012 2614 temporibus
1066 2531 1347 2592 nondum
1398 2536 1465 2593 in
1517 2535 1700 2594 unius
1753 2535 2022 2595 numinis

244 2643 531 2696 naturam
575 2633 891 2695 coaluisse.
976 2629 1192 2692 Altero
1234 2633 1371 2692 loco
1413 2633 1490 2692 H.
1536 2632 1636 2693 51.
1680 2652 1866 2715 quum
1910 2633 2020 2693 do-

243 2737 467 2796 cuisset
519 2733 890 2795 Hermarum
945 2732 1350 2812 phallicorum
1394 2751 1574 2793 usum
1615 2732 2020 2803 Athenienses

240 2854 281 2896 a
321 2835 590 2911 Pelasgis
647 2834 984 2915 accepisse,
1040 2831 1214 2891 addit
1267 2832 1383 2892 hoc
1422 2835 1489 2892 in
1530 2835 1741 2913 paucis
1783 2852 2018 2894 memo-

238 2944 380 2996 ratu
423 2933 701 3012 dignum:
758 2934 914 3004 ὅςτις
968 2931 1049 2995 τοὶ
1089 2931 1419 3016 Καβείρων
1474 2935 1655 3018 ὄργια-
1708 2932 2018 3017 μεμύηται

241 3035 370 3098 οἶὸε
410 3034 482 3098 τὸ
522 3035 694 3119 λέγω.
789 3033 916 3114 Τὴν
956 3032 1080 3118 γὰρ
1115 3031 1574 3116 Σαμοθρηίκην
1619 3037 1816 3098 οἴκεον
1859 3032 2015 3118 πρό-

241 3159 421 3217 τερον
465 3133 781 3218 Πελασγοὶ
822 3133 927 3195 καὶ
967 3131 1138 3215 παρὰ
1179 3130 1419 3196 τούτων
1451 3131 1892 3217 Σαμοθρήικες
1932 3134 2011 3197 τὰ

243 3235 427 3319 ὄργια
467 3231 1057 3317 παραλαμβάνουσι·
1120 3234 1179 3294 οἱ
1219 3231 1290 3294 δὲ
1333 3232 1650 3316 Πελασγοὶ
1691 3231 1830 3317 ἱρόν
1869 3257 2010 3297 τινα

244 3328 429 3417 λόγον
482 3333 621 3416 περὶ
662 3334 857 3397 αὐτοῦ
900 3332 1179 3415 (Ἑρμοῦ)
1225 3334 1464 3405 ἔλεξαν,
1507 3332 1588 3394 τὰ
1631 3335 1698 3397 ἓν
1739 3338 1898 3396 τοῖσι
1942 3336 2008 3395 ἓν
