2150 3814
708 234 1273 280 sAMo'rnnAclA.
1736 225 1896 288 1295

0 396 1 433 ς
106 367 264 427 lich
306 367 546 445 gefiel
591 382 665 424 es
709 361 871 424 dem
916 324 1648 426 samothrakischen
1693 366 1892 428 Prie-

0 471 26 543 ἰ
104 465 481 527 sterbund
527 465 670 524 den
713 463 1055 524 Kadmos
1111 465 1504 543 ingeheim
1562 484 1729 526 zum
1771 466 1892 528 Ei-

102 566 268 627 dam
313 566 446 626 des
491 564 1002 624 thrakischen
1046 562 1243 625 Ares
1287 563 1441 624 und
1497 564 1629 626 der
1671 566 1893 641 Afro,-

101 666 266 725 dite
324 684 419 724 zu
460 663 671 725 mach
688 681 805 737 en,
864 662 1205 745 eodemque
1260 664 1449 725 refert
1491 649 1768 727 Hecaten
1811 667 1890 728 ab

97 763 378 826 Hesiodo
434 764 809 826 celebratam
852 774 915 824 et
958 765 1402 828 Phaethontem
1418 810 1436 842 ,
1496 783 1685 847 quem
1723 767 1890 828 idem

96 875 420 940 memorat,
465 885 504 927 a
548 864 1050 927 Samothracibus
1094 866 1327 927 cultum
1371 868 1534 948 Epp.
1577 868 1775 946 Myth.
1822 868 1891 929 T.

97 966 202 1024 111.
247 986 307 1045 p.
371 967 509 1026 100.
566 967 639 1027 cf.
684 987 746 1048 p.
788 965 891 1026 63.
946 985 1006 1046 p.
1057 965 1210 1040 163..
1240 976 1303 1025 et
1343 965 1762 1044 Antisymbol.
1822 969 1893 1029 T.

95 1065 142 1124 Ι,
187 1065 287 1125 66.
405 1064 578 1139 Quae
623 1077 694 1126 ut
734 1085 862 1125 non
906 1084 1060 1142 nego
1106 1065 1569 1145 quodammodo
1613 1069 1775 1127 inter
1827 1087 1895 1128 se

95 1180 456 1243 congruere,
512 1169 603 1226 ita
657 1184 736 1224 an
793 1182 1150 1233 communes
1191 1164 1397 1224 fontes
1440 1165 1739 1239 habeant,
1785 1166 1893 1227 ad-

93 1266 212 1324 huc
267 1265 515 1339 dubito,
581 1283 780 1344 neque
828 1262 1111 1336 diffiteor,
1137 1264 1528 1325 sacerdotum
1561 1268 1639 1337 *in
1681 1285 1891 1346 prose-

92 1364 417 1425 minandis‘
463 1375 526 1424 et
578 1363 897 1425 mutandis
953 1364 1216 1441 mythis
1247 1365 1588 1426 sollertiam
1644 1376 1707 1426 et
1750 1385 1893 1427 con-

40 1536 49 1541 ,
91 1468 494 1546 spirationem
538 1465 692 1526 mihi
735 1483 863 1524 non
905 1474 1035 1524 tam
1083 1465 1245 1524 clare
1290 1484 1607 1546 apparere.
1679 1468 1892 1547 anue

94 1568 281 1626 etiam
341 1577 528 1626 'causa
582 1566 731 1638 fuit,
788 1584 895 1624 cur
951 1584 1077 1626 non
1135 1584 1349 1625 omnes
1405 1566 1682 1640 fabulaS,
1738 1586 1890 1647 quas

91 1666 349 1726 Vossius
394 1687 429 1725 e
472 1666 735 1727 turbidis
779 1668 1218 1743 mysteriorum
1264 1666 1542 1727 fontibus
1573 1686 1891 1739 emanasse

90 1769 341 1837 statuit,
400 1769 698 1844 mysticae
753 1765 1166 1826 adscriberem
1226 1765 1572 1840 doctrinae,
1621 1767 1785 1846 quod
1831 1777 1892 1826 et

90 1866 337 1927 difficile
404 1855 762 1928 videbatur¹
802 1868 1171 1939 sententias,
1244 1885 1402 1946 quae
1470 1871 1740 1928 auctoris
1797 1870 1890 1928 lu-

89 1987 222 2027 cem
270 1966 655 2041 desiderant,
699 1977 980 2026 accurate
1023 1968 1448 2046 interpretari,
1495 1977 1558 2027 et
1601 1989 1890 2030 verecun-

92 2067 286 2128 dabar
344 2071 403 2127 ei
446 2086 787 2147 repugnare
829 2071 1001 2140 viro,
1047 2068 1152 2146 qui
1195 2066 1606 2150 πρεςβύτερος
1647 2069 1889 2154 γεγόνει

90 2170 196 2230 καὶ
238 2168 490 2231 πλείονα
533 2168 691 2248 ᾔδη,
749 2177 813 2226 et
855 2170 953 2227 cui
996 2169 1131 2247 ipse
1173 2166 1472 2246 quidquid
1513 2169 1585 2227 in·
1624 2169 1745 2228 hoe
1787 2190 1889 2248 ge-

90 2286 237 2326 nere
296 2267 643 2327 studiorum
698 2267 966 2347 profeci,
1039 2268 1092 2326 si
1156 2264 1309 2346 quid
1363 2267 1632 2346 profeci,
1689 2269 1887 2359 laetus

91 2367 289 2427 libens
350 2378 669 2447 acceptum
726 2369 944 2428 refero.
1035 2366 1238 2439 Haec,
1285 2386 1442 2446 quae
1486 2368 1595 2426 illo
1631 2370 1885 2430 vivente

89 2486 397 2547 nunquam
473 2467 798 2541 dixissem,
867 2468 944 2526 de
1014 2475 1262 2525 mortuo
1318 2467 1678 2545 praedicare
1732 2470 1887 2529 mihi

79 2569 183 2646 jus
227 2569 441 2648 fasque
485 2578 613 2649 est,
667 2586 807 2627 meo
852 2577 922 2627 ut
965 2568 1172 2626 animo
1218 2568 1367 2627 satis
1409 2567 1633 2628 faciam
1675 2571 1887 2648 potius

89 2687 271 2749 quam
329 2680 400 2728 ut
445 2666 586 2728 eum
631 2652 877 2743 ornem,
913 2662 1040 2756 8¹¹5
1085 2668 1314 2727 nullius
1357 2669 1686 2748 praeconio
1733 2679 1883 2748 eget.

90 2756 264 2828 Nam
296 2767 443 2828 dum
489 2762 652 2828 haec
684 2757 1249 2846 studia'vigebunt,
1296 2767 1443 2828 dum
1487 2769 1725 2849 patrius
1759 2788 1883 2830 ser-

91 2886 196 2928 mo
256 2869 520 2942 coletur,
592 2867 740 2928 dum
798 2877 963 2946 recto
1015 2887 1286 2948 veroque
1342 2886 1522 2929 suum
1578 2868 1884 2929 constabit

96 2969 400 3048 pretium,
1143 2963 1148 2968 ’
1845 2961 1848 2964 ’

238 3114 424 3160 semper
461 3097 613 3147 honos
651 3114 920 3161 nomenque
958 3100 1051 3145 viri
1091 3099 1352 3160 laudesque
1389 3097 1663 3147 manebunt.

95 3249 200 3301 cile,
239 3250 315 3292 sed
343 3239 594 3319 punicarum
623 3252 877 3308 religionum
908 3252 1094 3309 vestigia
1136 3252 1178 3293 in
1222 3251 1437 3306 mysteriis
1478 3249 1563 3292 illis
1603 3263 1740 3306 neque
1799 3264 1877 3303 ego

74 3307 359 3365 ,deprehendi
393 3313 729 3365 neque-veteres
758 3310 1112 3356 animadvertisse
1145 3309 1286 3352 video.

1401 3467 1533 3526 33*
