2150 3814
240 199 367 261 986
789 210 1007 258 mum<
1045 212 1463 262 {SECUNDUs

408 342 509 405 IX.
605 342 925 427 Οὐρανίαν
970 342 1249 423 χθονίαν
1289 366 1354 404 τε
1398 342 1503 405 καὶ
1546 343 1822 409 εἰναλίαν
1862 344 1907 403 1.
1953 347 2010 404 2.

241 442 523 529 οὐράνιοι
572 442 830 524 χθόνιοί
867 467 933 506 τε
977 442 1078 502 VI.
1123 443 1181 502 9.
1237 442 1483 525 αἰθερίη
1525 466 1590 504 τε
1633 443 1739 506 καὶ
1781 445 2009 523 εἰναλίη

236 570 300 607 τε
343 543 417 605 Χ.
453 543 548 603 14.
595 542 895 602 Similiter
932 551 1328 622 opponuntur
1373 542 1714 625 φαινομένη
1757 544 1807 605 τ’
1845 544 2013 625 ἄφα-

236 642 346 725 νής
399 642 525 702 LV.
573 642 668 701 10.
731 641 975 724 ἀφανὴς
1032 640 1265 726 ἔργοισί
1315 666 1380 704 τε
1425 643 1618 725 φαίνῃ
1662 644 1895 707 ἅπασιν
1936 639 2013 706 X.

235 744 294 802 7.
351 745 619 825 ἀφανῶν
663 743 860 827 ἔργων
905 748 1199 823 φανερῶν
1241 765 1306 803 τε
1348 739 1566 801 XVIII.
1615 742 1709 802 16.
1755 737 2011 824 σβεννύ-

233 866 419 922 μενος
476 839 739 922 λοίμπων
784 865 850 903 τε
904 839 1060 900 LVI.
1117 837 1174 900 5.
1231 839 1389 900 VIII.
1451 839 1548 901 15.
1603 844 1672 912 ὃς
1725 843 2012 921 ὃαπανᾷς

234 941 339 1004 καὶ
382 943 583 1012 αὔξεις
624 940 786 1002 XIII.
828 941 884 1002 3.
933 943 1125 1022 ἄῤῥην
1168 940 1273 1004 καὶ
1307 945 1509 1020 θῆλυς
1531 939 1636 1002 XI.
1659 940 1719 1002 4.
1762 939 2011 1004 XXXII.

239 1041 334 1102 10.
377 1040 570 1126 κούρη
612 1043 717 1107 καὶ
758 1040 902 1125 κόρε
943 1040 1099 1101 LVI.
1141 1039 1201 1100 4.

405 1141 481 1202 X.
568 1143 1027 1223 Πατασσομένη
1072 1141 1211 1222 περὶ
1252 1145 1444 1226 γαῖαν
1474 1138 1668 1202 XXX.
1693 1140 1751 1200 3.
1794 1160 2011 1204 τινασ-

233 1245 466 1326 σαμένη
522 1242 683 1306 κατὰ
732 1250 937 1324 χεῦμα
978 1239 1168 1301 XVII.
1213 1241 1272 1300 8.
1316 1241 1673 1322 ἑλισσομένη
1717 1240 1857 1323 περὶ
1898 1248 2010 1304 κῦ-

231 1369 322 1424 μα
366 1340 584 1403 XXIV.
628 1342 689 1400 7.

400 1440 505 1501 XI.
605 1437 841 1522 Εἰρήνῃ
900 1436 1225 1505 θάλλουσα
1278 1436 1472 1500 ΧΧΧ.
1533 1438 1629 1499 18.
1690 1437 2014 1509 θάλλοντα

233 1546 548 1628 λογισμοῖς
590 1538 752 1601 XIX.
798 1538 900 1599 24.
967 1537 1070 1599 Ad
1112 1539 1263 1599 haec
1303 1558 1530 1605 nomen
1571 1536 1772 1609 θάλος
1815 1540 2012 1598 sexies

229 1643 487 1702 recurrit
542 1650 604 1702 et
646 1637 982 1700 multitudo
1028 1641 1547 1719 compositorum:
1591 1639 1858 1720 ἅϊθαλής
1900 1650 2012 1713 ter,

231 1739 572 1821 αὖξιθαλής
617 1750 860 1820 quater,
903 1738 1304 1820 παντοθαλής
1315 1787 1336 1814 ,
1383 1738 1668 1820 εὖθαλής.
1746 1739 1845 1800 Ab
1891 1740 2014 1800 alia

232 1843 426 1922 stirpe
480 1839 929 1924 ὃακρυότιμος,
988 1838 1395 1924 ἄγλαότιμος,
1451 1839 1775 1923 θεότιμος,
1821 1839 2011 1903 πολύ-

228 1966 423 2025 τιμος,
467 1940 803 2023 πάντιμος,
861 1937 1330 2025 ἄγλαόμορφος,
1387 1940 1835 2023 αἶολόμορφος,
1895 1943 2011 2023 ἆρ-

230 2040 650 2125 σενόμορφος,
706 2039 1125 2124 ἢερόμορφος,
1185 2041 1526 2124 ὃίμορφος,
1587 2039 2009 2124 πολύμορφος,

229 2143 683 2227 ἆρχιγένεθλος,
715 2143 1226 2227 παντογὲνεθλος,
1257 2142 1800 2226 πρεςβυγένεθλος.
1845 2141 2011 2198 Eno—

227 2242 359 2302 tavi
403 2242 554 2301 talia
596 2242 894 2322 plurima,
956 2240 1068 2300 sed
1119 2242 1254 2319 jam
1299 2243 1448 2301 satis
1490 2242 1664 2300 nosci
1699 2250 1858 2322 puto
1903 2241 2012 2300 hu-

220 2343 324 2419 jus
379 2344 732 2421 paupertini
787 2350 1011 2422 poetae
1068 2343 1408 2419 angustias,
1495 2343 2010 2421 paucissimorum

226 2442 557 2504 verborum
603 2451 665 2501 et
707 2445 1147 2506 sententiarum
1191 2461 1345 2519 gyro
1392 2443 1785 2504 circumclusi.
