2184 3840
225 218 350 278 828
756 231 992 275 monn
1036 230 1464 275 SECUNDUS.

224 361 511 447 ἁρπαγὴν
564 363 669 425 καὶ
722 364 793 426 τὸ
852 363 1081 445 σχίσμα
1133 371 1242 443 τῆς
1293 373 1404 450 γῆς
1459 365 1565 428 καὶ
1616 363 1727 433 τὰς
1770 357 1843 431 ὗς
1884 371 1997 425 τοῦ

221 464 589 544 Εὕβουλέως
642 464 753 533 τὰς
811 463 1389 549 συγκαταποθείσας
1443 471 1585 527 ταῖν
1637 467 1855 536 θεαῖν,
1917 462 1996 524 δι’

220 563 302 641 ἣν.
358 561 565 625 αἰτίαν
619 567 686 626 ἐν
728 568 856 632 τοῖς
905 564 1348 647 Θεσμοφορίοις
1391 563 1826 650 μεγαρίζοντες
1862 561 2000 642 χοί-

218 667 378 744 ρους’
424 660 821 743 ἐκβάλλουσι,
891 681 1151 742 quorum
1211 673 1528 744 postrema
1583 681 1729 742 pars
1783 661 2002 741 perob-

216 780 395 821 scura
438 771 545 820 est.
644 759 983 821 Salmasius
1027 762 1106 821 ad
1153 762 1343 822 Solin.
1388 783 1448 843 p.
1492 761 1637 823 751.
1680 760 1998 844 καταβάλ·

216 871 431 923 λουσιν
474 858 789 934 emendat3
835 861 1028 922 codex
1071 860 1488 946 ἐμβάλλουσιν
1510 861 1786 941 praebet,
1832 860 2000 941 quod

214 979 253 1019 a
293 977 443 1022 vero
501 960 784 1040 proxime
840 963 1056 1024 abesse
1113 962 1454 1022 ostendam.
1554 961 1830 1038 Primum
1871 979 2001 1020 ma-

211 1059 504 1120 nifestum
568 1070 663 1120 est
719 1054 798 1120 in'
840 1081 1014 1124 sacro
1074 1060 1312 1124 Cereris
1375 1060 1608 1142 aliquid
1650 1059 1866 1121 suibus
1907 1059 2003 1119 fa-

212 1167 378 1219 ctum
423 1178 587 1232 esse,
643 1161 898 1241 ejusque
953 1166 1045 1224 rei
1100 1182 1344 1224 causam
1406 1161 1484 1222 ab
1529 1158 1790 1222 historia
1831 1179 2005 1220 sacra

207 1261 425 1339 repeti.
468 1257 609 1320 Jam
655 1281 762 1320 eur
806 1281 945 1324 sues
991 1262 1198 1325 Cereri
1241 1271 1602 1334 mactentur,
1647 1261 1819 1323 varie
1861 1279 2002 1320 nar-

207 1370 412 1420 ratum
458 1355 735 1438 legimus,
781 1374 890 1424 aut
937 1366 1081 1444 quia
1125 1364 1490 1447 λυμαντικοὶ
1530 1370 1661 1425 τῶν
1703 1359 2001 1445 δωρημα-

207 1485 338 1524 των
379 1466 516 1524 τοῖν
559 1467 742 1526 θεοῖν
787 1464 989 1525 Schol.
1047 1464 1234 1526 Arist.
1278 1466 1470 1525 Rann.
1517 1462 1659 1523 341.
1704 1471 1813 1522 aut
1856 1463 2001 1541 quia

207 1559 661 1640 Triptolemus,
706 1581 896 1642 quum
941 1566 1202 1626 sevisset
1245 1575 1306 1623 et
1349 1584 1482 1638 sus,
1526 1562 1695 1642 quod
1736 1571 2000 1633 severat,

206 1659 549 1734 effodisset,
591 1661 774 1722 >hanc
844 1662 1023 1724 duxit
1091 1664 1170 1724 ad
1239 1683 1408 1726 aram
1480 1659 1720 1723 Cereris
1772 1661 2000 1739 Hygin.

204 1761 357 1820 Fab.
401 1761 777 1822 277.1A1iis
821 1763 1086 1824 fortasse
1127 1764 1284 1824 illud
1330 1765 1595 1837 facinus,
1639 1761 1804 1842 quod
1849 1760 2000 1822 ovi-

204 1859 344 1922 dius
389 1861 581 1923 verbo
627 1865 825 1943 tangit
865 1865 930 1924 in
974 1865 1141 1925 Fast.
1186 1865 1287 1923 IV.
1333 1863 1479 1925 465.

420 1978 651 2028 Forsitan
686 1981 771 2027 ille
809 1980 910 2029 dies
949 1983 1101 2030 errori
1138 1997 1322 2029 summa
1357 1982 1547 2041 fuisset,

457 2065 500 2112 si
536 2080 633 2112 non
670 2065 952 2121 turbassent
987 2059 1129 2132 signa
1164 2075 1357 2130 reperta
1392 2084 1503 2116 sues
1517 2068 1579 2130 [⁸]

202 2163 456 2241 dignum
498 2163 736 2236 visum,
792 2162 961 2244 quod
1003 2167 1634 2246 perpetuis'lueretur
1675 2165 1998 2225 sacrificiis.

204 2263 331 2341 Sed
374 2263 539 2323 idem
585 2264 818 2324 animal
860 2265 1143 2324 nonnulli
1187 2265 1406 2326 arandi
1449 2267 1774 2326 artificium
1816 2282 1998 2325 mon-

203 2372 434 2424 strasse
490 2363 881 2425 crediderunt
924 2375 987 2424 et
1027 2384 1256 2426 nomen
1298 2367 1475 2438 ὕννις
1514 2366 1593 2427 ab
1636 2362 1710 2437 ὗς
1753 2364 1997 2427 deriva-

202 2471 347 2524 runt
401 2464 730 2523 Plutarcha
766 2463 984 2545 Symp.
1039 2465 1142 2525 IV.
1188 2464 1246 2525 5.
1294 2465 1433 2526 190.
1478 2467 1687 2544 Etym.
1731 2463 1890 2525 Gud.
1934 2483 1996 2545 p.

202 2563 346 2626 540.
403 2565 475 2624 cf.
531 2562 680 2624 Adr.
725 2562 896 2624 Junii
937 2564 1207 2625 Animm.
1254 2585 1315 2648 p.
1360 2566 1504 2628 361.
1566 2565 1741 2640 Quae
1785 2567 1996 2626 omnia

199 2666 322 2726 hue
374 2663 637 2725 tendunt
691 2675 761 2724 ut
802 2665 1212 2744 intelligamus
1254 2669 1320 2727 in
1363 2666 1592 2728 fabulis
1638 2665 1993 2728 Cerealibus

201 2764 498 2846 quasdam
554 2765 745 2826 fuisse
799 2783 980 2826 suum
1037 2776 1260 2848 partes.
1362 2767 1486 2828 Sed
1530 2767 1612 2828 ad
1658 2766 1992 2830 Clementis

322 2936 391 2992 [a]
422 2937 489 2979 Ad
521 2936 631 2979 haec
660 2936 828 2994 signa
856 2944 1094 2995 reperta
1124 2940 1310 2982 fortasse
1338 2939 1557 2996 pertinent
1585 2936 1739 2983 ἐνόδιοι
1769 2935 1989 2997 σύμβολα,

201 2994 361 3051 quibus
401 2994 536 3037 Ceres
576 2995 716 3051 prima
756 3004 838 3039 usa
879 2995 1051 3040 dicitur.
1093 3012 1134 3039 v.
1166 2998 1363 3040 Siebelis.
1405 2998 1463 3041 ed
1492 2998 1687 3040 Philoch.
1717 3011 1760 3054 p.
1793 2996 1891 3042 101.
1923 3011 1986 3053 sq.

203 3053 447 3109 Gregorius
487 3052 622 3109 Nysa.
663 3054 708 3096 in
748 3054 834 3112 Ep.
864 3055 918 3098 tle
947 3055 1136 3112 Python.
1167 3070 1209 3113 p.
1242 3056 1342 3099 869.
1372 3057 1425 3100 A.
1455 3057 1513 3099 T.
1543 3058 1581 3099 Ι.
1612 3056 1836 3112 conjungit
1863 3068 1985 3113 συμ-

201 3113 551 3170 βολομαντείας,
594 3110 956 3171 ἡπατοσκοπίας,
1002 3117 1204 3170 νεκυίας,
1248 3113 1633 3174 ἐνθουσιασμοὺς,
1674 3113 1788 3158 κατὰ
1828 3112 1985 3168 κωλὰς,

200 3167 494 3229 ἔμπνεύσεις,
526 3171 602 3214 ubi
631 3172 816 3223 fortasse
847 3169 1108 3230 κατακωχάς
1136 3173 1418 3217 scribendum.
1488 3169 1914 3232 Συμβολοδιδάκτης
1941 3172 1986 3214 in

202 3229 428 3286 Hippolyti
460 3229 515 3271 de
546 3229 757 3274 charism.
790 3247 830 3288 p.
863 3230 964 3276 508.
998 3232 1054 3275 T.
1084 3230 1144 3275 ΙΙ.
1177 3231 1381 3275 Galland.
1422 3233 1652 3290 exponitur
1681 3233 1878 3289 παλμῶν
1907 3231 1985 3287 ἑρ-

200 3283 369 3345 μηνεὺς
409 3285 744 3346 φυλαττόμενος
787 3291 838 3334 ἐν
878 3287 1144 3345 συναντήσει
1189 3287 1333 3345 λώβας
1374 3287 1524 3346 ὅψεως
1552 3285 1580 3343 ἢ
1610 3290 1809 3347 ὀρνίθων
1838 3286 1866 3343 ἢ
1897 3304 1985 3347 γα-

201 3349 295 3448 Ἄιόν
334 3343 727 3449 ἢοέπιφωὶἥσέεὸαἴ
754 3345 795 3449 gy
825 3345 1220 3411 παρακροαμάτων
1250 3349 1550 3407 συμβολικῶν.
1612 3344 1987 3408 Συμβολόμαντις

245 3419 327 3448 nna
399 3419 506 3448 omn.
584 3438 590 3447 .
715 3438 722 3447 .
795 3440 803 3449 .
