<?xml version="1.0" encoding="UTF-8"?>
<!DOCTYPE html PUBLIC "-//W3C//DTD XHTML 1.0 Transitional//EN"
    "http://www.w3.org/TR/xhtml1/DTD/xhtml1-transitional.dtd">
<html xmlns="http://www.w3.org/1999/xhtml" xml:lang="en" lang="en">
 <head>
  <title>
</title>
<meta http-equiv="Content-Type" content="text/html;charset=utf-8" />
  <meta name='ocr-system' content='tesseract 3.04.00' />
  <meta name='ocr-capabilities' content='ocr_page ocr_carea ocr_par ocr_line ocrx_word'/>
</head>
<body>
  <div class='ocr_page' id='page_1' title='image "./aglaophamussived02lobeuoft_0534.png"; bbox 0 0 2150 3814; ppageno 0'>
   <div class='ocr_carea' id='block_1_1' title="bbox 239 200 1443 263">
    <p class='ocr_par' dir='ltr' id='par_1_1' title="bbox 239 200 1443 263">
     <span class='ocr_line' id='line_1_1' title="bbox 239 200 1443 263; baseline -0.014 0"><span class='ocrx_word' id='word_1_1' title='bbox 239 200 402 263; x_wconf 86' lang='lat'>1310</span> <span class='ocrx_word' id='word_1_2' title='bbox 788 206 1019 250; x_wconf 78' lang='lat' dir='ltr'>LIBER</span> <span class='ocrx_word' id='word_1_3' title='bbox 1079 202 1443 249; x_wconf 77' lang='lat' dir='ltr'><strong>TERTIUS.</strong></span> 
     </span>
    </p>
   </div>
   <div class='ocr_carea' id='block_1_2' title="bbox 235 332 2101 2914">
    <p class='ocr_par' dir='ltr' id='par_1_2' title="bbox 235 332 2101 819">
     <span class='ocr_line' id='line_1_2' title="bbox 236 332 2009 409; baseline -0.008 -6"><span class='ocrx_word' id='word_1_4' title='bbox 236 353 363 405; x_wconf 85' lang='lat' dir='ltr'>tate</span> <span class='ocrx_word' id='word_1_5' title='bbox 406 351 578 402; x_wconf 87' lang='lat' dir='ltr'>tanta</span> <span class='ocrx_word' id='word_1_6' title='bbox 622 337 888 398; x_wconf 83' lang='lat' dir='ltr'><strong>edidisse</strong></span> <span class='ocrx_word' id='word_1_7' title='bbox 933 339 1206 397; x_wconf 86' lang='lat' dir='ltr'>facinora</span> <span class='ocrx_word' id='word_1_8' title='bbox 1247 346 1309 394; x_wconf 89' lang='lat' dir='ltr'>et</span> <span class='ocrx_word' id='word_1_9' title='bbox 1350 333 1645 395; x_wconf 90' lang='lat' dir='ltr'>miracula</span> <span class='ocrx_word' id='word_1_10' title='bbox 1698 340 1768 391; x_wconf 90' lang='lat' dir='ltr'>ut</span> <span class='ocrx_word' id='word_1_11' title='bbox 1825 332 2009 409; x_wconf 73' lang='lat' dir='ltr'>vulgo</span> 
     </span>
     <span class='ocr_line' id='line_1_3' title="bbox 235 423 2012 525; baseline -0.008 -19"><span class='ocrx_word' id='word_1_12' title='bbox 235 445 524 525; x_wconf 88' lang='lat' dir='ltr'>imperito</span> <span class='ocrx_word' id='word_1_13' title='bbox 571 438 915 501; x_wconf 86' lang='lat' dir='ltr'>divinitatis</span> <span class='ocrx_word' id='word_1_14' title='bbox 959 455 1106 496; x_wconf 86' lang='lat' dir='ltr'>suae</span> <span class='ocrx_word' id='word_1_15' title='bbox 1148 435 1334 494; x_wconf 86' lang='lat' dir='ltr'>fidem</span> <span class='ocrx_word' id='word_1_16' title='bbox 1377 435 1662 497; x_wconf 85' lang='lat' dir='ltr'>facerent.</span> <span class='ocrx_word' id='word_1_17' title='bbox 1751 423 2012 492; x_wconf 78' lang='lat' dir='ltr'>Cedreili</span> 
     </span>
     <span class='ocr_line' id='line_1_4' title="bbox 241 531 2025 615; baseline -0.008 -12"><span class='ocrx_word' id='word_1_18' title='bbox 241 541 542 605; x_wconf 88' lang='lat' dir='ltr'>sententia</span> <span class='ocrx_word' id='word_1_19' title='bbox 584 549 678 599; x_wconf 88' lang='lat' dir='ltr'>est</span> <span class='ocrx_word' id='word_1_20' title='bbox 719 537 881 598; x_wconf 86' lang='lat' dir='ltr'>Hist.</span> <span class='ocrx_word' id='word_1_21' title='bbox 925 538 992 596; x_wconf 89' lang='lat' dir='ltr'>L.</span> <span class='ocrx_word' id='word_1_22' title='bbox 1037 537 1083 595; x_wconf 96' lang='lat' dir='ltr'><strong>I.</strong></span> <span class='ocrx_word' id='word_1_23' title='bbox 1127 556 1188 615; x_wconf 89' lang='lat' dir='ltr'>p.</span> <span class='ocrx_word' id='word_1_24' title='bbox 1239 535 1334 595; x_wconf 89' lang='lat'><strong>16.</strong></span> <span class='ocrx_word' id='word_1_25' title='bbox 1375 535 1454 595; x_wconf 88' lang='lat' dir='ltr'>D.</span> <span class='ocrx_word' id='word_1_26' title='bbox 1540 531 1763 594; x_wconf 89' lang='lat' dir='ltr'>Jovem</span> <span class='ocrx_word' id='word_1_27' title='bbox 1819 531 2025 597; x_wconf 51' lang='lat' dir='ltr'>omni?</span> 
     </span>
     <span class='ocr_line' id='line_1_5' title="bbox 240 630 2101 731; baseline -0.01 -27"><span class='ocrx_word' id='word_1_28' title='bbox 240 664 345 704; x_wconf 91' lang='lat' dir='ltr'>um</span> <span class='ocrx_word' id='word_1_29' title='bbox 389 641 958 722; x_wconf 82' lang='lat' dir='ltr'>praestigiatorum,</span> <span class='ocrx_word' id='word_1_30' title='bbox 1013 637 1373 717; x_wconf 88' lang='lat' dir='ltr'>planorum,</span> <span class='ocrx_word' id='word_1_31' title='bbox 1429 642 1758 706; x_wconf 81' lang='grc' dir='ltr'><em>τελεστῶν,</em></span> <span class='ocrx_word' id='word_1_32' title='bbox 1814 630 1882 691; x_wconf 88' lang='lat' dir='ltr'>i&#39;d</span> <span class='ocrx_word' id='word_1_33' title='bbox 1927 635 2018 689; x_wconf 83' lang='lat' dir='ltr'>est</span> <span class='ocrx_word' id='word_1_34' title='bbox 2095 724 2101 731; x_wconf 90' lang='lat'><strong>.</strong></span> 
     </span>
     <span class='ocr_line' id='line_1_6' title="bbox 244 730 2024 819; baseline -0.007 -17"><span class='ocrx_word' id='word_1_35' title='bbox 244 761 595 819; x_wconf 83' lang='lat' dir='ltr'>magorum,</span> <span class='ocrx_word' id='word_1_36' title='bbox 674 739 1120 819; x_wconf 86' lang='lat' dir='ltr'>nequissimum</span> <span class='ocrx_word' id='word_1_37' title='bbox 1189 737 1396 795; x_wconf 88' lang='lat' dir='ltr'>fuisse.</span> <span class='ocrx_word' id='word_1_38' title='bbox 1521 734 1712 793; x_wconf 91' lang='lat' dir='ltr'>Hicce</span> <span class='ocrx_word' id='word_1_39' title='bbox 1778 730 2024 812; x_wconf 82' lang='lat' dir='ltr'>Jupiter</span> 
     </span>
    </p>

    <p class='ocr_par' dir='ltr' id='par_1_3' title="bbox 242 822 2034 2914">
     <span class='ocr_line' id='line_1_7' title="bbox 242 822 2023 922; baseline -0.004 -21"><span class='ocrx_word' id='word_1_40' title='bbox 242 844 531 901; x_wconf 90' lang='lat' dir='ltr'>Perseum</span> <span class='ocrx_word' id='word_1_41' title='bbox 589 839 798 899; x_wconf 86' lang='lat' dir='ltr'>docuit</span> <span class='ocrx_word' id='word_1_42' title='bbox 854 838 968 917; x_wconf 83' lang='grc' dir='ltr'><em>τὴν</em></span> <span class='ocrx_word' id='word_1_43' title='bbox 1028 822 1294 922; x_wconf 75' lang='grc' dir='ltr'><em>μαγείαν</em></span> <span class='ocrx_word' id='word_1_44' title='bbox 1359 843 1471 898; x_wconf 82' lang='grc' dir='ltr'>τοῦ</span> <span class='ocrx_word' id='word_1_45' title='bbox 1526 840 1814 915; x_wconf 81' lang='grc' dir='ltr'><em>μυσαροῦ</em></span> <span class='ocrx_word' id='word_1_46' title='bbox 1872 829 2023 894; x_wconf 80' lang='grc' dir='ltr'><em>σκύ-</em></span> 
     </span>
     <span class='ocr_line' id='line_1_8' title="bbox 246 935 2026 1026; baseline -0.008 -19"><span class='ocrx_word' id='word_1_47' title='bbox 246 969 406 1026; x_wconf 70' lang='grc' dir='ltr'><em>φον,</em></span> <span class='ocrx_word' id='word_1_48' title='bbox 465 939 723 1011; x_wconf 72' lang='grc' dir='ltr'><em>διδάξας</em></span> <span class='ocrx_word' id='word_1_49' title='bbox 776 939 966 1001; x_wconf 77' lang='grc' dir='ltr'><em>αὐτὸν</em></span> <span class='ocrx_word' id='word_1_50' title='bbox 1009 936 1216 1001; x_wconf 81' lang='grc' dir='ltr'><em>πάντα</em></span> <span class='ocrx_word' id='word_1_51' title='bbox 1258 937 1339 998; x_wconf 73' lang='grc' dir='ltr'>τοὶ</span> <span class='ocrx_word' id='word_1_52' title='bbox 1382 935 1520 1016; x_wconf 77' lang='grc' dir='ltr'><em>περὶ</em></span> <span class='ocrx_word' id='word_1_53' title='bbox 1564 935 1758 996; x_wconf 77' lang='grc' dir='ltr'><em>αὐτοῦ</em></span> <span class='ocrx_word' id='word_1_54' title='bbox 1800 952 2026 1012; x_wconf 83' lang='grc' dir='ltr'><em>μυστι-</em></span> 
     </span>
     <span class='ocr_line' id='line_1_9' title="bbox 246 1031 2025 1123; baseline -0.01 -18"><span class='ocrx_word' id='word_1_55' title='bbox 246 1044 324 1105; x_wconf 80' lang='grc' dir='ltr'>κὰ</span> <span class='ocrx_word' id='word_1_56' title='bbox 370 1042 474 1104; x_wconf 82' lang='grc' dir='ltr'><em>καὶ</em></span> <span class='ocrx_word' id='word_1_57' title='bbox 517 1041 792 1123; x_wconf 72' lang='grc' dir='ltr'><em>δυσσεβῆ</em></span> <span class='ocrx_word' id='word_1_58' title='bbox 849 1037 1221 1119; x_wconf 78' lang='grc' dir='ltr'><em>πλανήματα</em></span> <span class='ocrx_word' id='word_1_59' title='bbox 1266 1047 1374 1095; x_wconf 89' lang='lat' dir='ltr'>etc.</span> <span class='ocrx_word' id='word_1_60' title='bbox 1436 1033 1657 1094; x_wconf 89' lang='lat' dir='ltr'>Chron.</span> <span class='ocrx_word' id='word_1_61' title='bbox 1711 1031 1922 1090; x_wconf 88' lang='lat' dir='ltr'>Pasch.</span> <span class='ocrx_word' id='word_1_62' title='bbox 1965 1050 2025 1110; x_wconf 93' lang='lat' dir='ltr'><strong>p.</strong></span> 
     </span>
     <span class='ocr_line' id='line_1_10' title="bbox 248 1132 2029 1218; baseline -0.006 -18"><span class='ocrx_word' id='word_1_63' title='bbox 248 1143 348 1202; x_wconf 87' lang='lat'><strong>38.</strong></span> <span class='ocrx_word' id='word_1_64' title='bbox 404 1141 776 1217; x_wconf 86' lang='lat' dir='ltr'>Dionysum,</span> <span class='ocrx_word' id='word_1_65' title='bbox 820 1157 1003 1218; x_wconf 90' lang='lat' dir='ltr'>quem</span> <span class='ocrx_word' id='word_1_66' title='bbox 1029 1136 1415 1214; x_wconf 87' lang='lat' dir='ltr'>Polymedon</span> <span class='ocrx_word' id='word_1_67' title='bbox 1436 1133 1829 1196; x_wconf 86' lang='lat' dir='ltr'>Aetherionis</span> <span class='ocrx_word' id='word_1_68' title='bbox 1866 1132 2029 1190; x_wconf 85' lang='lat' dir='ltr'>filius</span> 
     </span>
     <span class='ocr_line' id='line_1_11' title="bbox 249 1233 2031 1318; baseline -0.004 -18"><span class='ocrx_word' id='word_1_69' title='bbox 249 1262 284 1299; x_wconf 93' lang='lat' dir='ltr'>e</span> <span class='ocrx_word' id='word_1_70' title='bbox 342 1240 582 1300; x_wconf 82' lang='lat' dir='ltr'>Semele</span> <span class='ocrx_word' id='word_1_71' title='bbox 639 1239 994 1318; x_wconf 85' lang='lat' dir='ltr'>progenuit,</span> <span class='ocrx_word' id='word_1_72' title='bbox 1059 1239 1342 1298; x_wconf 91' lang='lat' dir='ltr'>homines</span> <span class='ocrx_word' id='word_1_73' title='bbox 1400 1236 1772 1298; x_wconf 70' lang='grc' dir='ltr'><em>ἀπεθέωσαν</em></span> <span class='ocrx_word' id='word_1_74' title='bbox 1829 1233 1912 1302; x_wconf 82' lang='grc' dir='ltr'>ὥς</span> <span class='ocrx_word' id='word_1_75' title='bbox 1968 1235 2031 1301; x_wconf 74' lang='grc' dir='ltr'>ἐξ</span> 
     </span>
     <span class='ocr_line' id='line_1_12' title="bbox 248 1333 2028 1419; baseline -0.003 -19"><span class='ocrx_word' id='word_1_76' title='bbox 248 1342 521 1419; x_wconf 79' lang='grc' dir='ltr'><em>ἡλιακῶν</em></span> <span class='ocrx_word' id='word_1_77' title='bbox 565 1340 765 1417; x_wconf 76' lang='grc' dir='ltr'><em>εὐχῶν</em></span> <span class='ocrx_word' id='word_1_78' title='bbox 802 1335 1073 1416; x_wconf 79' lang='grc' dir='ltr'><em>μυστικά</em></span> <span class='ocrx_word' id='word_1_79' title='bbox 1115 1361 1259 1400; x_wconf 78' lang='grc' dir='ltr'><em>τινα</em></span> <span class='ocrx_word' id='word_1_80' title='bbox 1301 1336 1406 1398; x_wconf 79' lang='grc' dir='ltr'><em>καὶ</em></span> <span class='ocrx_word' id='word_1_81' title='bbox 1439 1335 1786 1416; x_wconf 67' lang='grc' dir='ltr'><em>θαυμαστοὶ</em></span> <span class='ocrx_word' id='word_1_82' title='bbox 1822 1333 2028 1415; x_wconf 76' lang='grc' dir='ltr'><em>δρῶν-</em></span> 
     </span>
     <span class='ocr_line' id='line_1_13' title="bbox 247 1432 2034 1515; baseline -0.007 -14"><span class='ocrx_word' id='word_1_83' title='bbox 247 1465 326 1501; x_wconf 80' lang='grc' dir='ltr'><em>τα</em></span> <span class='ocrx_word' id='word_1_84' title='bbox 372 1435 548 1496; x_wconf 85' lang='lat' dir='ltr'><strong>Cedr.</strong></span> <span class='ocrx_word' id='word_1_85' title='bbox 592 1456 653 1515; x_wconf 91' lang='lat' dir='ltr'>p.</span> <span class='ocrx_word' id='word_1_86' title='bbox 698 1435 798 1494; x_wconf 85' lang='lat'><strong>24.</strong></span> <span class='ocrx_word' id='word_1_87' title='bbox 840 1435 914 1494; x_wconf 92' lang='lat' dir='ltr'>A.</span> <span class='ocrx_word' id='word_1_88' title='bbox 972 1442 1035 1491; x_wconf 87' lang='lat' dir='ltr'>et</span> <span class='ocrx_word' id='word_1_89' title='bbox 1078 1436 1360 1494; x_wconf 89' lang='lat' dir='ltr'>similiter</span> <span class='ocrx_word' id='word_1_90' title='bbox 1402 1434 1742 1493; x_wconf 85' lang='lat' dir='ltr'>Vulcanum</span> <span class='ocrx_word' id='word_1_91' title='bbox 1796 1432 2034 1509; x_wconf 89' lang='lat' dir='ltr'>magica</span> 
     </span>
     <span class='ocr_line' id='line_1_14' title="bbox 251 1532 2026 1616; baseline -0.003 -18"><span class='ocrx_word' id='word_1_92' title='bbox 251 1538 640 1616; x_wconf 87' lang='lat' dir='ltr'>adjuratione</span> <span class='ocrx_word' id='word_1_93' title='bbox 676 1535 975 1613; x_wconf 86' lang='lat' dir='ltr'>forcipem</span> <span class='ocrx_word' id='word_1_94' title='bbox 1006 1544 1251 1593; x_wconf 88' lang='lat' dir='ltr'>nactum</span> <span class='ocrx_word' id='word_1_95' title='bbox 1297 1554 1359 1613; x_wconf 92' lang='lat' dir='ltr'>p.</span> <span class='ocrx_word' id='word_1_96' title='bbox 1392 1534 1488 1594; x_wconf 88' lang='lat'>19.</span> <span class='ocrx_word' id='word_1_97' title='bbox 1523 1534 1603 1596; x_wconf 91' lang='lat' dir='ltr'>D.</span> <span class='ocrx_word' id='word_1_98' title='bbox 1650 1532 1875 1611; x_wconf 75' lang='grc' dir='ltr'><em>Μηδία</em></span> <span class='ocrx_word' id='word_1_99' title='bbox 1904 1532 2026 1594; x_wconf 74' lang='grc' dir='ltr'>ἀπὸ</span> 
     </span>
     <span class='ocr_line' id='line_1_15' title="bbox 250 1631 2031 1719; baseline -0.005 -17"><span class='ocrx_word' id='word_1_100' title='bbox 250 1645 365 1702; x_wconf 83' lang='grc' dir='ltr'>τοῦ</span> <span class='ocrx_word' id='word_1_101' title='bbox 409 1643 640 1719; x_wconf 78' lang='grc' dir='ltr'><em>μιαροῦ</em></span> <span class='ocrx_word' id='word_1_102' title='bbox 686 1633 1064 1715; x_wconf 73' lang='grc' dir='ltr'><em>μαθήματος</em></span> <span class='ocrx_word' id='word_1_103' title='bbox 1106 1642 1213 1713; x_wconf 82' lang='grc' dir='ltr'>τῆς</span> <span class='ocrx_word' id='word_1_104' title='bbox 1258 1632 1597 1712; x_wconf 76' lang='grc' dir='ltr'><em>Μηὸούσης</em></span> <span class='ocrx_word' id='word_1_105' title='bbox 1644 1632 1782 1714; x_wconf 84' lang='lat' dir='ltr'>(sic)</span> <span class='ocrx_word' id='word_1_106' title='bbox 1828 1633 1860 1693; x_wconf 85' lang='grc' dir='ltr'>ὃ</span> <span class='ocrx_word' id='word_1_107' title='bbox 1905 1631 2031 1694; x_wconf 70' lang='grc' dir='ltr'>ἐδί-</span> 
     </span>
     <span class='ocr_line' id='line_1_16' title="bbox 252 1731 2029 1818; baseline -0.005 -17"><span class='ocrx_word' id='word_1_108' title='bbox 252 1736 398 1810; x_wconf 76' lang='grc' dir='ltr'><em>δαξε</em></span> <span class='ocrx_word' id='word_1_109' title='bbox 439 1735 587 1806; x_wconf 79' lang='grc' dir='ltr'><em>τοὺς</em></span> <span class='ocrx_word' id='word_1_110' title='bbox 633 1731 1015 1818; x_wconf 75' lang='grc' dir='ltr'><em>ἀνθρώπους</em></span> <span class='ocrx_word' id='word_1_111' title='bbox 1070 1733 1102 1795; x_wconf 82' lang='grc' dir='ltr'>ὅ</span> <span class='ocrx_word' id='word_1_112' title='bbox 1149 1731 1429 1816; x_wconf 79' lang='grc' dir='ltr'><em>Περσεύς</em></span> <span class='ocrx_word' id='word_1_113' title='bbox 1483 1733 1690 1810; x_wconf 89' lang='lat' dir='ltr'>Etym.</span> <span class='ocrx_word' id='word_1_114' title='bbox 1751 1731 1926 1791; x_wconf 70' lang='lat' dir='ltr'><strong>Gud.</strong></span> <span class='ocrx_word' id='word_1_115' title='bbox 1967 1733 2029 1812; x_wconf 88' lang='lat' dir='ltr'>p.</span> 
     </span>
     <span class='ocr_line' id='line_1_17' title="bbox 254 1830 2034 1918; baseline -0.002 -19"><span class='ocrx_word' id='word_1_116' title='bbox 254 1839 396 1899; x_wconf 84' lang='lat'><strong>390.</strong></span> <span class='ocrx_word' id='word_1_117' title='bbox 455 1830 747 1918; x_wconf 78' lang='grc' dir='ltr'><em>Περσέως</em></span> <span class='ocrx_word' id='word_1_118' title='bbox 800 1831 1036 1912; x_wconf 80' lang='grc' dir='ltr'><em>ταύτην</em></span> <span class='ocrx_word' id='word_1_119' title='bbox 1080 1832 1758 1917; x_wconf 76' lang='grc' dir='ltr'><em>ἅποὸειροτομήσαντος</em></span> <span class='ocrx_word' id='word_1_120' title='bbox 1801 1834 2034 1917; x_wconf 71' lang='grc' dir='ltr'><em>ἀνδρὸς</em></span> 
     </span>
     <span class='ocr_line' id='line_1_18' title="bbox 255 1931 2032 2020; baseline -0.003 -19"><span class='ocrx_word' id='word_1_121' title='bbox 255 1943 314 2009; x_wconf 77' lang='grc' dir='ltr'>ἐς</span> <span class='ocrx_word' id='word_1_122' title='bbox 381 1934 654 2020; x_wconf 77' lang='grc' dir='ltr'><em>μαγικὴν</em></span> <span class='ocrx_word' id='word_1_123' title='bbox 734 1934 1210 2016; x_wconf 77' lang='grc' dir='ltr'><em>εὖφημουμένου</em></span> <span class='ocrx_word' id='word_1_124' title='bbox 1281 1934 1388 1995; x_wconf 78' lang='grc' dir='ltr'><em>καὶ</em></span> <span class='ocrx_word' id='word_1_125' title='bbox 1467 1934 1805 2004; x_wconf 57' lang='lat' dir='ltr'>§mozellam</span> <span class='ocrx_word' id='word_1_126' title='bbox 1879 1931 2032 1995; x_wconf 81' lang='grc' dir='ltr'><em>ταύ-</em></span> 
     </span>
     <span class='ocr_line' id='line_1_19' title="bbox 253 2031 2031 2117; baseline 0 -19"><span class='ocrx_word' id='word_1_127' title='bbox 253 2063 369 2117; x_wconf 84' lang='grc' dir='ltr'><em>την</em></span> <span class='ocrx_word' id='word_1_128' title='bbox 423 2031 922 2116; x_wconf 78' lang='grc' dir='ltr'><em>περιῳὸήσαντος</em></span> <span class='ocrx_word' id='word_1_129' title='bbox 959 2035 1175 2114; x_wconf 74' lang='grc' dir='ltr'><em>’ἄλκαρ</em></span> <span class='ocrx_word' id='word_1_130' title='bbox 1244 2036 1303 2095; x_wconf 82' lang='grc' dir='ltr'>οἱ</span> <span class='ocrx_word' id='word_1_131' title='bbox 1369 2035 1508 2095; x_wconf 75' lang='grc' dir='ltr'><em>θεοὶ</em></span> <span class='ocrx_word' id='word_1_132' title='bbox 1559 2033 1796 2115; x_wconf 79' lang='grc' dir='ltr'><em>ταύτην</em></span> <span class='ocrx_word' id='word_1_133' title='bbox 1855 2035 2031 2116; x_wconf 77' lang='grc' dir='ltr'><em>ἐσχή-</em></span> 
     </span>
     <span class='ocr_line' id='line_1_20' title="bbox 254 2131 2032 2213; baseline -0.003 -12"><span class='ocrx_word' id='word_1_134' title='bbox 254 2158 398 2200; x_wconf 88' lang='grc' dir='ltr'><em>κασι</em></span> <span class='ocrx_word' id='word_1_135' title='bbox 467 2134 719 2193; x_wconf 88' lang='lat' dir='ltr'>Lucian.</span> <span class='ocrx_word' id='word_1_136' title='bbox 775 2133 1047 2211; x_wconf 88' lang='lat' dir='ltr'>Philops.</span> <span class='ocrx_word' id='word_1_137' title='bbox 1128 2131 1181 2213; x_wconf 65' lang='grc' dir='ltr'>ξ.</span> <span class='ocrx_word' id='word_1_138' title='bbox 1238 2133 1296 2192; x_wconf 86' lang='grc'>9.</span> <span class='ocrx_word' id='word_1_139' title='bbox 1354 2132 1497 2192; x_wconf 85' lang='grc'><strong>246.</strong></span> <span class='ocrx_word' id='word_1_140' title='bbox 1565 2132 1634 2191; x_wconf 89' lang='lat' dir='ltr'><strong>T.</strong></span> <span class='ocrx_word' id='word_1_141' title='bbox 1695 2134 1752 2193; x_wconf 78' lang='lat'><strong>9.</strong></span> <span class='ocrx_word' id='word_1_142' title='bbox 1851 2136 2032 2196; x_wconf 88' lang='lat' dir='ltr'>Fuit</span> 
     </span>
     <span class='ocr_line' id='line_1_21' title="bbox 257 2231 2032 2312; baseline -0.002 -14"><span class='ocrx_word' id='word_1_143' title='bbox 257 2240 492 2298; x_wconf 86' lang='lat' dir='ltr'>etiam</span> <span class='ocrx_word' id='word_1_144' title='bbox 548 2233 779 2295; x_wconf 88' lang='lat' dir='ltr'>Liber</span> <span class='ocrx_word' id='word_1_145' title='bbox 835 2231 1032 2312; x_wconf 87' lang='lat' dir='ltr'>apud</span> <span class='ocrx_word' id='word_1_146' title='bbox 1080 2231 1378 2292; x_wconf 86' lang='lat' dir='ltr'>Thebas</span> <span class='ocrx_word' id='word_1_147' title='bbox 1434 2241 1819 2310; x_wconf 87' lang='lat' dir='ltr'>tyrannus</span> <span class='ocrx_word' id='word_1_148' title='bbox 1877 2240 2032 2296; x_wconf 89' lang='lat' dir='ltr'>ma-</span> 
     </span>
     <span class='ocr_line' id='line_1_22' title="bbox 255 2335 2032 2417; baseline 0 -21"><span class='ocrx_word' id='word_1_149' title='bbox 255 2339 469 2417; x_wconf 87' lang='lat' dir='ltr'>gicae</span> <span class='ocrx_word' id='word_1_150' title='bbox 514 2336 713 2394; x_wconf 89' lang='lat' dir='ltr'>artis</span> <span class='ocrx_word' id='word_1_151' title='bbox 758 2342 1160 2413; x_wconf 88' lang='lat' dir='ltr'>potestate</span> <span class='ocrx_word' id='word_1_152' title='bbox 1205 2336 1685 2414; x_wconf 84' lang='lat' dir='ltr'>conspicuus</span> <span class='ocrx_word' id='word_1_153' title='bbox 1729 2335 2032 2396; x_wconf 85' lang='lat' dir='ltr'>Firmicus</span> 
     </span>
     <span class='ocr_line' id='line_1_23' title="bbox 258 2429 2032 2516; baseline 0.001 -21"><span class='ocrx_word' id='word_1_154' title='bbox 258 2436 335 2495; x_wconf 85' lang='lat' dir='ltr'>de</span> <span class='ocrx_word' id='word_1_155' title='bbox 391 2436 524 2493; x_wconf 88' lang='lat' dir='ltr'>Err.</span> <span class='ocrx_word' id='word_1_156' title='bbox 581 2454 641 2513; x_wconf 93' lang='lat' dir='ltr'><strong>p.</strong></span> <span class='ocrx_word' id='word_1_157' title='bbox 687 2432 842 2516; x_wconf 87' lang='grc' dir='ltr'>Ι417.</span> <span class='ocrx_word' id='word_1_158' title='bbox 940 2433 1273 2492; x_wconf 88' lang='lat' dir='ltr'>Saturnum</span> <span class='ocrx_word' id='word_1_159' title='bbox 1332 2444 1394 2493; x_wconf 92' lang='lat' dir='ltr'>et</span> <span class='ocrx_word' id='word_1_160' title='bbox 1447 2434 1779 2494; x_wconf 89' lang='lat' dir='ltr'>Herculem</span> <span class='ocrx_word' id='word_1_161' title='bbox 1815 2429 2032 2514; x_wconf 50' lang='lat' dir='ltr'>⁴Magis</span> 
     </span>
     <span class='ocr_line' id='line_1_24' title="bbox 256 2532 2033 2613; baseline 0.001 -18"><span class='ocrx_word' id='word_1_162' title='bbox 256 2534 550 2595; x_wconf 89' lang='lat' dir='ltr'>adscribit</span> <span class='ocrx_word' id='word_1_163' title='bbox 607 2533 866 2613; x_wconf 84' lang='lat' dir='ltr'>Tzetzes</span> <span class='ocrx_word' id='word_1_164' title='bbox 920 2532 1116 2610; x_wconf 86' lang='lat' dir='ltr'>Exeg.</span> <span class='ocrx_word' id='word_1_165' title='bbox 1173 2553 1233 2611; x_wconf 94' lang='lat' dir='ltr'><strong>p.</strong></span> <span class='ocrx_word' id='word_1_166' title='bbox 1289 2534 1419 2592; x_wconf 72' lang='lat'>31-</span> <span class='ocrx_word' id='word_1_167' title='bbox 1474 2534 1558 2593; x_wconf 90' lang='lat' dir='ltr'>Et</span> <span class='ocrx_word' id='word_1_168' title='bbox 1609 2534 1704 2596; x_wconf 84' lang='lat' dir='ltr'>his</span> <span class='ocrx_word' id='word_1_169' title='bbox 1761 2543 2033 2597; x_wconf 80' lang='lat' dir='ltr'>connexa</span> 
     </span>
     <span class='ocr_line' id='line_1_25' title="bbox 258 2633 2030 2714; baseline 0.003 -19"><span class='ocrx_word' id='word_1_170' title='bbox 258 2644 353 2695; x_wconf 89' lang='lat' dir='ltr'>est</span> <span class='ocrx_word' id='word_1_171' title='bbox 400 2636 446 2694; x_wconf 95' lang='lat' dir='ltr'><strong>I.</strong></span> <span class='ocrx_word' id='word_1_172' title='bbox 501 2634 764 2693; x_wconf 87' lang='lat' dir='ltr'>Malelae</span> <span class='ocrx_word' id='word_1_173' title='bbox 821 2634 1098 2714; x_wconf 83' lang='lat' dir='ltr'>opinatio</span> <span class='ocrx_word' id='word_1_174' title='bbox 1158 2653 1218 2713; x_wconf 93' lang='lat' dir='ltr'><strong>p.</strong></span> <span class='ocrx_word' id='word_1_175' title='bbox 1280 2633 1415 2693; x_wconf 88' lang='lat'><strong>106.</strong></span> <span class='ocrx_word' id='word_1_176' title='bbox 1480 2635 1812 2696; x_wconf 88' lang='lat' dir='ltr'>Herculem</span> <span class='ocrx_word' id='word_1_177' title='bbox 1868 2645 2030 2700; x_wconf 83' lang='grc' dir='ltr'><em>τελε-</em></span> 
     </span>
     <span class='ocr_line' id='line_1_26' title="bbox 259 2732 2031 2815; baseline 0.002 -22"><span class='ocrx_word' id='word_1_178' title='bbox 259 2733 411 2815; x_wconf 72' lang='grc' dir='ltr'><em>στήν</em></span> <span class='ocrx_word' id='word_1_179' title='bbox 452 2732 520 2794; x_wconf 87' lang='lat' dir='ltr'>id</span> <span class='ocrx_word' id='word_1_180' title='bbox 565 2744 658 2793; x_wconf 89' lang='lat' dir='ltr'>est</span> <span class='ocrx_word' id='word_1_181' title='bbox 700 2752 947 2812; x_wconf 85' lang='lat' dir='ltr'>magum</span> <span class='ocrx_word' id='word_1_182' title='bbox 990 2733 1181 2792; x_wconf 88' lang='lat' dir='ltr'>fuisse</span> <span class='ocrx_word' id='word_1_183' title='bbox 1204 2734 1313 2814; x_wconf 74' lang='lat'>[³],</span> <span class='ocrx_word' id='word_1_184' title='bbox 1373 2734 1539 2814; x_wconf 88' lang='lat' dir='ltr'>quod</span> <span class='ocrx_word' id='word_1_185' title='bbox 1582 2739 1860 2796; x_wconf 89' lang='lat' dir='ltr'>tetricum</span> <span class='ocrx_word' id='word_1_186' title='bbox 1899 2753 2031 2796; x_wconf 91' lang='lat' dir='ltr'>mo-</span> 
     </span>
     <span class='ocr_line' id='line_1_27' title="bbox 257 2831 2032 2914; baseline 0.002 -21"><span class='ocrx_word' id='word_1_187' title='bbox 257 2834 435 2894; x_wconf 87' lang='lat' dir='ltr'>nachi</span> <span class='ocrx_word' id='word_1_188' title='bbox 477 2835 890 2914; x_wconf 87' lang='lat' dir='ltr'>superstitiosi</span> <span class='ocrx_word' id='word_1_189' title='bbox 945 2835 1252 2895; x_wconf 89' lang='lat' dir='ltr'>somnium</span> <span class='ocrx_word' id='word_1_190' title='bbox 1303 2831 1638 2896; x_wconf 88' lang='lat' dir='ltr'>Creuzerus</span> <span class='ocrx_word' id='word_1_191' title='bbox 1693 2845 2032 2897; x_wconf 89' lang='lat' dir='ltr'>ceterorum·</span> 
     </span>
    </p>
   </div>
   <div class='ocr_carea' id='block_1_3' title="bbox 256 3046 2026 3395">
    <p class='ocr_par' dir='ltr' id='par_1_4' title="bbox 256 3046 2026 3395">
     <span class='ocr_line' id='line_1_28' title="bbox 377 3046 2026 3107; baseline 0.004 -20"><span class='ocrx_word' id='word_1_192' title='bbox 377 3046 452 3102; x_wconf 60' lang='grc' dir='ltr'>[ἃ]</span> <span class='ocrx_word' id='word_1_193' title='bbox 506 3046 727 3089; x_wconf 86' lang='lat' dir='ltr'>Cedrenus</span> <span class='ocrx_word' id='word_1_194' title='bbox 755 3061 797 3104; x_wconf 91' lang='lat' dir='ltr'><strong>p.</strong></span> <span class='ocrx_word' id='word_1_195' title='bbox 833 3049 899 3091; x_wconf 87' lang='lat'><strong>18.</strong></span> <span class='ocrx_word' id='word_1_196' title='bbox 931 3048 983 3091; x_wconf 88' lang='lat' dir='ltr'><strong>C.</strong></span> <span class='ocrx_word' id='word_1_197' title='bbox 1025 3048 1112 3090; x_wconf 82' lang='lat' dir='ltr'>tria</span> <span class='ocrx_word' id='word_1_198' title='bbox 1149 3048 1350 3091; x_wconf 86' lang='lat' dir='ltr'>Herculis</span> <span class='ocrx_word' id='word_1_199' title='bbox 1377 3063 1503 3106; x_wconf 87' lang='lat' dir='ltr'>poma</span> <span class='ocrx_word' id='word_1_200' title='bbox 1530 3054 1620 3091; x_wconf 84' lang='lat' dir='ltr'>tres</span> <span class='ocrx_word' id='word_1_201' title='bbox 1650 3050 1833 3098; x_wconf 83' lang='lat' dir='ltr'>virtutes</span> <span class='ocrx_word' id='word_1_202' title='bbox 1862 3051 2026 3107; x_wconf 87' lang='lat' dir='ltr'>signifi-</span> 
     </span>
     <span class='ocr_line' id='line_1_29' title="bbox 261 3103 2025 3167; baseline 0.005 -22"><span class='ocrx_word' id='word_1_203' title='bbox 261 3117 362 3146; x_wconf 83' lang='lat' dir='ltr'>care</span> <span class='ocrx_word' id='word_1_204' title='bbox 391 3104 455 3147; x_wconf 80' lang='lat' dir='ltr'>ait</span> <span class='ocrx_word' id='word_1_205' title='bbox 484 3103 638 3155; x_wconf 75' lang='grc' dir='ltr'><em>καθὼς</em></span> <span class='ocrx_word' id='word_1_206' title='bbox 673 3103 916 3166; x_wconf 71' lang='grc' dir='ltr'><em>“Ηρόδοτος</em></span> <span class='ocrx_word' id='word_1_207' title='bbox 952 3104 1246 3166; x_wconf 66' lang='grc' dir='ltr'><em>(Ηρόδωρος)</em></span> <span class='ocrx_word' id='word_1_208' title='bbox 1287 3104 1629 3167; x_wconf 78' lang='grc' dir='ltr'><em>συνεγράψατο,</em></span> <span class='ocrx_word' id='word_1_209' title='bbox 1669 3105 1718 3158; x_wconf 86' lang='grc' dir='ltr'>ὃς</span> <span class='ocrx_word' id='word_1_210' title='bbox 1745 3111 1822 3152; x_wconf 81' lang='grc' dir='ltr'><em>καὶ</em></span> <span class='ocrx_word' id='word_1_211' title='bbox 1862 3106 2025 3159; x_wconf 73' lang='grc' dir='ltr'><em>ἄλλους</em></span> 
     </span>
     <span class='ocr_line' id='line_1_30' title="bbox 256 3159 2024 3226; baseline 0.005 -22"><span class='ocrx_word' id='word_1_212' title='bbox 256 3159 491 3221; x_wconf 82' lang='grc' dir='ltr'><em>Ἡρακλεῖς</em></span> <span class='ocrx_word' id='word_1_213' title='bbox 522 3160 729 3223; x_wconf 80' lang='grc' dir='ltr'><em>ἱστόρησε</em></span> <span class='ocrx_word' id='word_1_214' title='bbox 767 3168 985 3222; x_wconf 76' lang='grc' dir='ltr'><em>γενέσθαι</em></span> <span class='ocrx_word' id='word_1_215' title='bbox 1024 3161 1149 3210; x_wconf 81' lang='grc' dir='ltr'><strong>ἑπτά.</strong></span> <span class='ocrx_word' id='word_1_216' title='bbox 1224 3165 1419 3209; x_wconf 85' lang='lat' dir='ltr'>Clemens</span> <span class='ocrx_word' id='word_1_217' title='bbox 1457 3166 1615 3212; x_wconf 87' lang='lat' dir='ltr'>Strom.</span> <span class='ocrx_word' id='word_1_218' title='bbox 1658 3167 1694 3209; x_wconf 95' lang='lat' dir='ltr'><strong>I.</strong></span> <span class='ocrx_word' id='word_1_219' title='bbox 1734 3167 1834 3210; x_wconf 83' lang='lat'><strong>306.</strong></span> <span class='ocrx_word' id='word_1_220' title='bbox 1885 3165 2024 3226; x_wconf 84' lang='grc' dir='ltr'><em>Ἡρό-</em></span> 
     </span>
     <span class='ocr_line' id='line_1_31' title="bbox 261 3219 2024 3287; baseline 0.005 -25"><span class='ocrx_word' id='word_1_221' title='bbox 261 3219 405 3279; x_wconf 74' lang='grc' dir='ltr'><em>δωρος</em></span> <span class='ocrx_word' id='word_1_222' title='bbox 432 3219 512 3265; x_wconf 84' lang='grc' dir='ltr'>τὸν</span> <span class='ocrx_word' id='word_1_223' title='bbox 535 3219 758 3281; x_wconf 79' lang='grc' dir='ltr'><em>Ἡρακλέα</em></span> <span class='ocrx_word' id='word_1_224' title='bbox 786 3220 951 3282; x_wconf 80' lang='grc' dir='ltr'><em>μάντιν</em></span> <span class='ocrx_word' id='word_1_225' title='bbox 981 3226 1057 3267; x_wconf 84' lang='grc' dir='ltr'><em>καὶ</em></span> <span class='ocrx_word' id='word_1_226' title='bbox 1086 3222 1282 3282; x_wconf 81' lang='grc' dir='ltr'><em>φυσικὸν</em></span> <span class='ocrx_word' id='word_1_227' title='bbox 1309 3220 1558 3283; x_wconf 77' lang='grc' dir='ltr'><em>γενόμενον</em></span> <span class='ocrx_word' id='word_1_228' title='bbox 1586 3229 1757 3283; x_wconf 82' lang='grc' dir='ltr'><em>ἱστορεῖ</em></span> <span class='ocrx_word' id='word_1_229' title='bbox 1792 3226 1894 3287; x_wconf 83' lang='grc' dir='ltr'><em>παρ’</em></span> <span class='ocrx_word' id='word_1_230' title='bbox 1919 3223 2024 3270; x_wconf 76' lang='grc' dir='ltr'>’Ἀτ-</span> 
     </span>
     <span class='ocr_line' id='line_1_32' title="bbox 259 3278 2023 3342; baseline 0.004 -21"><span class='ocrx_word' id='word_1_231' title='bbox 259 3280 418 3328; x_wconf 81' lang='grc' dir='ltr'><em>λαντος</em></span> <span class='ocrx_word' id='word_1_232' title='bbox 444 3282 525 3323; x_wconf 85' lang='grc' dir='ltr'>τοῦ</span> <span class='ocrx_word' id='word_1_233' title='bbox 554 3280 737 3340; x_wconf 79' lang='grc' dir='ltr'><em>Φρυγὸς</em></span> <span class='ocrx_word' id='word_1_234' title='bbox 765 3281 847 3337; x_wconf 84' lang='grc' dir='ltr'><em>τὴν</em></span> <span class='ocrx_word' id='word_1_235' title='bbox 875 3285 966 3327; x_wconf 84' lang='grc' dir='ltr'><em>τῶν</em></span> <span class='ocrx_word' id='word_1_236' title='bbox 996 3281 1220 3342; x_wconf 83' lang='grc' dir='ltr'><em>οὐρανίων</em></span> <span class='ocrx_word' id='word_1_237' title='bbox 1249 3278 1497 3341; x_wconf 73' lang='grc' dir='ltr'><em>ἐπιστήμην</em></span> <span class='ocrx_word' id='word_1_238' title='bbox 1533 3283 1839 3341; x_wconf 72' lang='grc' dir='ltr'><em>διαδέχεσθαι.</em></span> <span class='ocrx_word' id='word_1_239' title='bbox 1901 3285 2023 3336; x_wconf 80' lang='lat' dir='ltr'>Haec</span> 
     </span>
     <span class='ocr_line' id='line_1_33' title="bbox 259 3337 1792 3395; baseline 0.003 -15"><span class='ocrx_word' id='word_1_240' title='bbox 259 3338 313 3380; x_wconf 84' lang='lat' dir='ltr'>ab</span> <span class='ocrx_word' id='word_1_241' title='bbox 342 3337 418 3380; x_wconf 89' lang='lat' dir='ltr'>illo</span> <span class='ocrx_word' id='word_1_242' title='bbox 449 3337 624 3395; x_wconf 81' lang='lat' dir='ltr'>antiquo</span> <span class='ocrx_word' id='word_1_243' title='bbox 653 3341 880 3384; x_wconf 84' lang='lat' dir='ltr'>Herodoro</span> <span class='ocrx_word' id='word_1_244' title='bbox 911 3342 973 3384; x_wconf 83' lang='lat' dir='ltr'>ita</span> <span class='ocrx_word' id='word_1_245' title='bbox 1002 3342 1162 3384; x_wconf 82' lang='lat' dir='ltr'>tradita</span> <span class='ocrx_word' id='word_1_246' title='bbox 1194 3357 1311 3393; x_wconf 87' lang='lat' dir='ltr'>esse,</span> <span class='ocrx_word' id='word_1_247' title='bbox 1350 3342 1463 3385; x_wconf 83' lang='lat' dir='ltr'>haud</span> <span class='ocrx_word' id='word_1_248' title='bbox 1494 3343 1581 3385; x_wconf 79' lang='lat' dir='ltr'>cito</span> <span class='ocrx_word' id='word_1_249' title='bbox 1611 3343 1792 3387; x_wconf 82' lang='lat' dir='ltr'>credam.</span> 
     </span>
    </p>
   </div>
  </div>
 </body>
</html>
