2150 3814
250 187 413 250 1244
816 193 1031 246 mssa
1087 201 1426 248 TER'rws.

244 350 482 412 quoque
549 334 612 390 in
664 333 933 411 utrisque
986 331 1151 392 idem
1204 335 1525 410 significari
1585 332 1844 394 credidit
1896 336 2005 396 sed

243 432 365 491 alio
421 429 625 490 modo.
725 431 922 491 Locus
977 441 1069 491 est
1111 433 1463 494 notissimus
1507 433 1616 494 sed
1657 434 1823 494 idem
1865 434 2007 494 huic

245 532 585 611 quaestioni
642 531 1194 607 conjunctissimus3
1249 532 1648 615 Principes
1691 532 1806 592 dii
1850 550 2005 592 coe-

244 631 399 689 lum
455 637 527 688 et
570 637 808 703 terra,
866 633 995 710 qui
1049 633 1127 690 in
1175 631 1523 711 Aegypto
1569 633 1888 713 Serapis
1933 642 2006 690 et
2086 672 2096 680 .

244 730 421 803 Isis,
466 728 800 790 Taautes
845 742 916 789 et
958 729 1270 790 Astarte
1314 731 1519 811 apud
1561 733 2007 803 Phoenice3‚

243 830 327 886 in.
373 828 597 889 Latio
644 829 1027 890 Saturnus
1072 839 1146 889 et
1189 830 1356 910 Ops.
1401 831 1639 892 Terra
1694 834 1894 891 enim
1937 841 2011 890 et

244 929 540 990 coelum
616 939 695 989 ut
773 930 1347 992 Samothracum
1411 933 1643 992 initia
1705 931 2008 1003 docent,

244 1039 423 1088 sunt
480 1028 592 1088 dii
647 1034 895 1110 magni
951 1040 1024 1090 et
1077 1032 1183 1100 hi,
1240 1050 1426 1112 quos
1484 1031 1680 1105 dixi,
1736 1031 2010 1090 multis

245 1129 712 1203 nominibus,
793 1150 959 1190 nam
1027 1149 1275 1209 neque
1343 1150 1528 1210 quos
1599 1131 2012 1191 Ambracia

247 1238 426 1287 ante
482 1239 751 1308 portas
779 1230 849 1309 [¹]
907 1232 1198 1290 statuit
1251 1230 1440 1290 duas
1497 1232 1784 1291 viriles
1842 1248 2010 1309 spe-

245 1328 401 1385 cies
458 1328 823 1400 aheneaS,
894 1328 1008 1387 dii
1060 1332 1314 1406 magni
1373 1349 1646 1409 neque,
1707 1339 1785 1389 ut
1842 1329 2011 1391 vul-

246 1444 376 1503 gus
432 1436 687 1505 putat,
768 1428 843 1486 hi
899 1426 1440 1487 Samothraces
1497 1429 1639 1501 dii,
1699 1432 1830 1508 qui
1887 1427 2012 1488 Ca-

245 1534 410 1584 stor
466 1533 540 1584 et
581 1527 892 1600 Pollux,
949 1527 1082 1587 sed
1138 1528 1215 1586 hi
1260 1546 1411 1588 mas
1457 1539 1526 1587 et
1569 1528 1882 1601 femina,
1940 1539 2014 1586 et

244 1628 322 1687 hi
388 1645 576 1706 quos
645 1646 1012 1706 augurum
1081 1627 1268 1686 libri
1334 1629 1677 1709 scriptos
1733 1628 2014 1701 habent

152 1783 156 1785 .
246 1729 358 1786 sic
414 1728 607 1787 Dim·
653 1728 884 1787 Potes
940 1739 1012 1787 et
1067 1739 1246 1788 sunt
1298 1747 1436 1808 pro
1493 1729 1698 1801 illis,
1754 1730 1883 1808 qui
1935 1729 2014 1787 in

249 1828 789 1888 Samothracia
823 1829 1182 1887 coluntur
1216 1829 1385 1891 θεοὶ
1418 1828 1762 1892 δυνατοί.
1807 1828 2014 1888 Haec

249 1927 396 1987 duo
443 1928 742 1988 coelum
787 1936 861 1985 et
903 1929 1145 2001 terra,
1191 1927 1394 2008 quod
1437 1930 1690 1988 anima
1734 1946 1817 1987 ac
1860 1946 2012 1987 cor-

245 2026 855 2107 puS,'humidum
900 2036 972 2086 et
1014 2028 1387 2105 frigidum
1441 2028 1510 2088 L.
1554 2027 1622 2086 L.
1665 2027 1766 2086 IV.
1809 2046 1869 2106 p.
1918 2026 2013 2086 17.

243 2127 365 2186 Hic
405 2128 590 2204 igitur
631 2125 755 2186 duo
800 2145 933 2186 esse
975 2128 1191 2186 statuit
1221 2127 1688 2187 Samothracum
1720 2129 2016 2208 primaria

248 2229 529 2302 numina,
585 2226 803 2307 quibus
861 2229 990 2289 vim
1047 2227 1266 2306 agendi
1323 2236 1385 2287 et
1425 2227 1731 2309 patiendi,
1774 2227 2014 2289 humidi

367 2413 439 2468 [r]
491 2412 566 2455 Sic
596 2413 688 2456 cod.
717 2426 822 2455 rom.
853 2426 931 2469 pro
968 2413 1290 2466 Samothracia3
1335 2413 1415 2456 hoc
1450 2416 1643 2470 praefert
1682 2413 1916 2456 Salmasius
1955 2413 2011 2456 ad

249 2470 467 2528 Spartian.
498 2470 675 2514 Adrian.
717 2486 754 2514 c.
794 2469 913 2514 XIV.
954 2469 1052 2514 142.
1099 2472 1242 2514 Servii
1282 2471 1540 2514 auctoritate
1580 2472 1636 2515 ad
1675 2473 1782 2517 Aen.
1822 2470 1899 2513 111.
1942 2471 2009 2513 12.

249 2530 428 2572 Varro
469 2533 522 2571 et
560 2529 664 2572 alii
695 2542 920 2584 magnos
961 2528 1095 2571 deos
1134 2529 1428 2572 affirmant
1469 2530 1774 2573 simulacra
1817 2530 2009 2572 Casto-

248 2588 328 2630 ris
369 2593 425 2630 et
461 2587 555 2629 Pol
573 2587 717 2631 lucis
752 2588 806 2629 in
848 2586 1243 2630 Samothracia
1283 2593 1413 2630 ante
1454 2594 1669 2644 portum
1711 2590 1846 2640 sita,
1888 2588 2009 2644 qui-

248 2647 351 2689 bus
394 2647 702 2703 naufragio
742 2645 984 2689 liberati
1025 2651 1151 2688 vota
1187 2645 1434 2698 solvant3
1476 2646 1582 2690 alii
1621 2646 1753 2689 deos
1790 2660 2010 2702 magnos

250 2704 458 2747 coelum
487 2709 536 2746 et
564 2710 772 2747 terram
815 2708 1007 2760 putant
1048 2709 1099 2746 et
1140 2718 1237 2761 per
1277 2704 1373 2747 hos
1413 2705 1476 2748 Jo
1492 2720 1607 2749 vem
1636 2710 1690 2747 et
1718 2705 2008 2757 Junonem,

249 2763 325 2806 ubi
366 2763 592 2806 manifesto
637 2765 867 2806 turbarunt
911 2763 1092 2805 librarii.
1152 2762 1380 2806 Ambracia
1414 2765 1572 2807 retinet
1613 2763 1842 2806 Turnebus
1855 2795 1869 2816 ,
1910 2764 2012 2818 quia

251 2823 419 2865 Aeneas
461 2823 544 2864 huc
586 2823 755 2864 venisse
797 2826 842 2864 et
878 2821 923 2863 in
968 2821 1105 2863 vicino
1147 2822 1272 2863 Actio
1311 2836 1556 2877 magnorum
1596 2823 1768 2865 deorum
1806 2821 2010 2879 templum

250 2881 488 2923 condidisse
529 2880 687 2924 dicitur
724 2880 901 2937 Dionys.
941 2879 978 2922 Ι.
1019 2877 1090 2935 49.
1163 2879 1371 2923 Salmasio
1415 2882 1702 2924 assentiuntur
1738 2880 1912 2937 Lipsius
1952 2880 2009 2923 ad

250 2939 396 2982 Tacit.
425 2939 535 2982 Ann-
564 2939 623 2981 H.
653 2938 723 2982 54.
764 2954 858 2983 cum
888 2939 1059 2996 Cupero
1089 2937 1273 2982 Observ.
1302 2939 1379 2982 IV.
1409 2940 1451 2982 9.
1479 2940 1577 2982 427.
1616 2943 1661 2981 et
1698 2939 1872 2992 merito,
1911 2953 2007 2982 nam

252 2998 354 3040 deos
383 2998 588 3054 quosdam
617 2997 941 3041 Ambracienses
977 3010 1055 3065 pro
1085 2996 1168 3039 diis
1197 2998 1360 3053 magnis
1388 2998 1557 3041 habitos
1586 3012 1682 3040 esse
1711 3011 1795 3039 non
1824 3001 2006 3050 constat,

250 3057 390 3098 Varro
421 3060 564 3099 autem
594 3062 727 3112 negat
763 3056 926 3112 aliquid
965 3054 1061 3098 aliis
1099 3056 1316 3099 creditum.
1385 3057 1538 3113 Itaque
1579 3057 1659 3099 hoc
1699 3056 1829 3108 dicit,
1868 3070 2006 3112 neque

250 3115 353 3157 deos
382 3114 706 3158 Samothracum
733 3115 988 3186 propylaeos
1016 3127 1153 3170 neque
1182 3114 1385 3157 Castores
1421 3115 1488 3157 dis
1525 3115 1690 3171 magnis
1727 3116 1818 3157 sive
1856 3114 2007 3157 Samo-

251 3173 496 3225 thracibus,
532 3174 613 3215 hoc
648 3177 714 3215 est
741 3174 815 3227 iis,
857 3173 930 3230 qui
959 3173 1003 3215 in
1032 3179 1181 3229 operto
1213 3174 1474 3226 colerentur,
1522 3173 1858 3217 adnumerandos
1897 3188 2004 3216 esse.

254 3232 396 3273 Ante
444 3237 636 3287 portas
679 3246 783 3275 vera
823 3239 890 3275 est
928 3219 1081 3283 le'ctio;
1125 3246 1152 3289 p
1166 3236 1321 3275 ortas
1358 3239 1586 3289 propter
1629 3234 1805 3275 ahena
1843 3232 2004 3304 signa

250 3289 423 3331 Lucret.
452 3289 488 3331 Ι.
518 3289 617 3332 317.
654 3295 746 3340 τοῖς
772 3290 1142 3350 προςιδρυμένοις
1181 3307 1205 3333 τ
1207 3293 1233 3351 ῆ
1268 3287 1382 3349 πύλῃ
1423 3291 1716 3375 (triumphali)
1753 3295 1878 3340 θεοῖς
1915 3287 2003 3335 θύ-

252 3361 406 3397 σαντες
434 3348 460 3391 J
463 3348 604 3406 oseph
636 3349 744 3393 Bell.
775 3350 802 3394 J
803 3351 873 3394 ud
905 3349 999 3395 v11.
1030 3345 1071 3390 4.
