2150 3814
214 240 377 300 1060
740 248 974 292 moun
1019 245 1447 289 SECUNDUS.

213 393 537 444 ostensa
580 378 715 449 sit3
760 393 931 433 nam
960 376 1102 433 hoc
1145 391 1450 453 semper
1484 371 1844 430 initiatis
1881 373 1986 430 in-

215 483 636 544 culcarunt
698 474 1056 552 Orpheus
1115 482 1189 530 et
1244 473 1645 543 Musaeus,
1715 470 1988 529 beato-

212 601 372 641 rum
418 584 808 658 perpetua
853 573 1219 633 convivia
1262 582 1335 630 et
1377 574 1623 654 μέθην
1668 569 1992 633 αἰώνιον

215 683 384 741 fore
428 677 620 735 Plat.
665 672 941 751 Repu.
984 671 1126 730 363.
1154 670 1232 729 D.
1278 690 1517 750 quare
1563 673 1802 730 etiam
1845 669 1996 745 Ly-

218 781 358 838 dus
403 794 559 853 cap.
604 774 648 831 Ι.
706 790 985 831 nomen
1038 773 1610 846 mysteriorum
1656 790 1694 830 a
1735 778 1994 828 musto

219 879 556 937 derivat.
658 873 768 931 De
823 872 965 930 hac
1023 870 1352 950 crapula
1408 889 1631 928 sacra
1679 872 1762 927 'et
1818 887 1999 928 con-

219 985 598 1058 sequente
662 971 1270 1031 illuminatione
1340 972 1683 1046 mystica
1737 1021 1740 1025 .

290 1110 441 1155 multa
479 1122 569 1170 ego
608 1118 796 1164 possem
833 1102 978 1149 docta
1015 1101 1144 1147 dicta
1182 1109 1229 1147 et
1266 1102 1480 1164 quamvis
1518 1098 1722 1147 facunde
1760 1099 1920 1160 eloqui

222 1234 358 1295 sed
415 1233 598 1312 quia
650 1227 1050 1308 philologi
1095 1227 1412 1306 quidam
1456 1225 1876 1287 atheistici
1920 1259 2004 1267 ———

223 1337 565 1414 (Cetera
615 1329 963 1405 desunt).

393 1427 639 1499 Quanta
681 1429 868 1503 igitur
912 1426 1100 1483 fuerit
1151 1427 1300 1484 artis
1343 1427 1642 1504 pistoriae
1699 1433 1762 1481 et
1804 1422 2010 1501 coqui-

221 1530 432 1590 nariae
518 1546 654 1586 cum
737 1534 947 1586 vetere
1018 1524 1358 1602 Theologia
1436 1521 1830 1598 *necessitudo
1848 1564 1866 1595 ,
1949 1529 2012 1578 et

227 1646 411 1710 quam
465 1645 594 1705 non
651 1622 1112 1684 contemnenda
1168 1625 1269 1683 sit.
1304 1634 1517 1684 nostra
1574 1623 1652 1683 de
1711 1622 2012 1703 placentis

226 1728 587 1809 disputatio,
634 1744 670 1783 a
702 1725 979 1804 Goropio
1006 1726 1156 1782 satis
1186 1742 1490 1803 superque
1518 1723 2014 1782 demonstratum

213 1815 339 1887 est.
425 1826 748 1884 Praeterea
791 1826 872 1896 si,
914 1833 984 1881 ut
1025 1823 1140 1883 Bio
1187 1823 1374 1895 dixit,
1418 1825 1600 1883 unica
1643 1822 1726 1882 ad
1767 1823 2016 1902 placen-

229 1928 378 1987 dum
423 1927 533 1987 via
577 1934 701 1996 est,
745 1926 950 2002 ipsum
995 1923 1341 2003 placentam
1385 1924 1518 1981 fieri
1561 1961 1645 1967 -
1690 1926 1805 1985 οὐκ
1847 1925 2014 1984 ἔστιν

228 2025 591 2109 ἀνθρώποις
637 2026 916 2104 ἀρέσκειν
960 2029 1011 2084 εἰ
1054 2024 1138 2102 μὴ
1183 2031 1540 2086 πλακοῦντα
1591 2020 1931 2106 γενόμενον
1972 2020 2015 2099 ἢ

236 2126 469 2190 Θάσιον
514 2162 597 2170 ——
656 2123 738 2181 ad
794 2121 1127 2181 secundum
1187 2131 1347 2180 certe
1403 2122 1723 2201 popularis
1782 2121 2017 2198 gratiae

228 2229 283 2285 is
328 2232 737 2305 perventurus
783 2221 1060 2294 videtur,
1119 2222 1224 2300 qui
1280 2219 1357 2278 de
1410 2221 1710 2301 placentis
1753 2218 2019 2279 scribere

229 2327 600 2398 instituerit,
663 2342 815 2403 quas
875 2321 1148 2381 Isidorus
1207 2329 1418 2380 auctor
1475 2331 1569 2380 est
1611 2321 1688 2380 ab
1735 2339 1808 2379 eo
1853 2317 2018 2399 quod

231 2427 546 2507 placeant,
615 2423 811 2482 dictas
871 2441 1036 2493 esse,
1107 2422 1266 2479 sicut
1320 2421 1480 2494 liba,
1552 2418 1718 2499 quod
1786 2419 2019 2478 libeant

238 2525 440 2602 Origg.
482 2522 621 2582 XX.
668 2543 714 2580 c,
761 2523 818 2581 2.
878 2538 1151 2599 quasque
1195 2528 1435 2579 veteres
1477 2521 1600 2598 ipsi
1655 2537 1806 2599 prae
1858 2518 2014 2578 mul-

236 2627 316 2684 tis
361 2624 498 2682 aliis
541 2621 723 2680 rebus
774 2619 1043 2700 pulchris
1101 2619 1399 2699 bellisque
1455 2621 1787 2699 praecipue
1843 2617 2020 2698 pul-

240 2723 545 2784 chralia
589 2732 652 2780 et
696 2721 1037 2780 bellaria
1081 2723 1444 2780 vocitarunt.

364 2823 611 2881 Praeter
634 2820 1021 2881 Athenaeum
1058 2830 1119 2878 et
1143 2820 1456 2881 Pollucem
1487 2837 1644 2877 unus
1668 2816 2019 2893 Hesychius

241 2924 508 3002 plurima
540 2923 718 2982 nobis
741 2923 958 2981 harum
988 2921 1342 2981 deliciarum
1373 2922 1626 2980 nomina
1646 2919 2021 2991 asservavit3

244 3029 473 3107 Αἴγλη,
534 3022 1009 3103 ἆλδυρθὸθῦντδς
1034 3019 1106 3102 [¹¹]
1122 3069 1142 3093 ,
1196 3021 1508 3104 ἆμφελαία
1526 3067 1546 3093 ,
1600 3017 2020 3102 ἀπανθρακίς,

368 3202 444 3260 [ἃ]
487 3203 878 3263 Ἀλευροδοῦντες,
930 3208 1164 3262 πέμματος
1192 3210 1324 3262 γένος
1362 3204 1465 3263 παρ’
1502 3202 1771 3261 Ἀντικλείδῃ
1814 3202 1890 3244 ubi
1929 3203 2018 3243 for-

243 3268 363 3305 tasse
390 3262 681 3318 ἀλευροῦντες
708 3263 932 3318 legendum
962 3270 1009 3305 ut
1037 3267 1354 3321 σησαμοῦντες.
1416 3263 1575 3305 Glossa
1614 3262 1710 3317 ipsa
1750 3274 1804 3302 ex
1834 3259 2016 3302 Anticli-

246 3321 313 3363 dis
359 3320 598 3376 Exegetico
640 3322 708 3363 vel
748 3322 833 3364 alio
863 3323 928 3363 rei
956 3322 1206 3364 sacrificalis
1235 3321 1535 3365 commentario
1565 3325 1704 3363 sumta
1733 3318 1928 3369 videtur,
1968 3319 2016 3357 ut

246 3379 450 3435 pleraque
481 3380 660 3421 liborum
690 3387 734 3423 et
766 3381 1055 3435 placentarum
1086 3381 1297 3424 voeabula
1328 3395 1354 3423 a
1384 3379 1687 3423 Grammaticis
1715 3376 1869 3420 relata.
1920 3373 2013 3416 No-
