2184 3840
248 245 374 306 854
776 259 1013 305 Lmen
1055 259 1480 305 sneuNDus

247 398 473 461 rentur,
515 398 826 453 versatum
871 406 1004 449 esse
1046 399 1108 448 et
1148 386 1372 447 habere
1414 386 1568 447 illud
1610 385 1847 446 radices
1866 403 2014 446 suas

250 490 314 548 in
354 507 632 550 sermone
675 490 1036 566 antiquom:
1078 485 1363 566 populari
1406 485 1830 559 altedefixas,
1911 503 2016 543 ne-

251 606 366 667 que
420 606 547 648 non
600 589 665 647 in
710 584 1066 666 quotidiana
1108 585 1347 645 dicendi
1388 587 1628 645 ratione
1667 587 2017 644 innumera*-

251 686 401 747 bilia
442 687 588 767 talia
630 685 929 757 volutari,
976 704 1266 765 quorum,
1310 686 1458 764 quia
1499 687 1597 746 vis
1639 704 1803 746 vera·
1834 684 2018 765 depe-

248 786 385 859 riit,
438 787 669 844 utimur
722 785 810 843 sio
862 791 931 843 ut
985 785 1226 844 tesseris
1282 794 1344 843 et
1398 786 1584 861 signis
1638 803 1841 844 rerum
1896 802 2020 842 non

249 883 628 943 naturalibus
666 882 777 943 sed
810 885 1115 964 positivis,
1159 882 1332 943 velut
1362 881 1618 956 πελειάς,
1656 885 1828 956 λέων,
1864 883 2020 966 δρά-

250 1006 412 1055 κων,
482 981 684 1057 κύων,
752 981 952 1056 πτώξ,
1019 981 1320 1066 μηκάδες,
1380 967 1689 1064 Ᾰῑραφερή,
1746 981 1905 1067 ὑγρή
1962 993 2023 1040 et

251 1091 503 1145 centena
557 1082 915 1160 huiusmodi
971 1084 1092 1145 ἀπὸ
1146 1091 1258 1145 τοῦ
1316 1090 1583 1166 φυσικοῦ
1627 1080 2024 1140 denominata

250 1180 531 1242 Eustath.
587 1201 648 1262 p.
708 1182 887 1243 1821.
944 1183 1045 1242 23.
1100 1201 1256 1261 quae
1314 1199 1498 1261 quam
1555 1193 1699 1261 apte
1754 1196 1893 1239 eum
1934 1183 2026 1239 rei

252 1280 620 1361 significatae
675 1291 895 1344 natura
950 1283 1348 1353 conveniant,
1402 1297 1584 1339 nemo
1639 1281 1758 1338 nisi
1813 1278 2026 1340 admo-

251 1381 414 1439 nitus
459 1382 880 1441 reminiscitur.

1041 1601 1095 1682 §·
1180 1603 1239 1661 6.

423 1771 519 1830 Ob
563 1774 720 1832 hanc
763 1788 911 1832 vero
968 1770 1267 1834 sermonis
1310 1770 1552 1847 figurati
1593 1767 2026 1849 frequentatio·

251 1888 392 1931 nem
437 1870 727 1931 accidisse
769 1870 1051 1943 arbitror,
1095 1879 1164 1942 ut
1206 1868 1510 1948 Delphica
1554 1879 1725 1930 vates
1770 1869 2029 1931 deorum

251 1969 458 2048 lingua
499 1971 808 2032 veteribus
851 1971 1021 2049 loqui
1061 1967 1390 2030 videretur.
1434 1957 1560 2028 Dio
1606 1966 1744 2029 Chr.
1784 1967 1863 2029 X.
1887 1971 2030 2033 303.

256 2068 324 2128 Τ.
370 2071 418 2138 Ι.
478 2070 518 2150 ἢ
560 2072 674 2150 τὴν
716 2069 913 2151 αὐτὴν
955 2071 1113 2133 εἶναι
1155 2066 1475 2133 διάλεκτον
1520 2067 1884 2151 ἀνθρώπων
1925 2072 2032 2134 καὶ

255 2173 429 2232 θεῶν
470 2169 767 2251 νομίζεις,·
831 2169 983 2232 ἀλλὰ
1026 2175 1327 2231 τοσοῦτον
1370 2169 1668 2251 διαφέρει,
1734 2170 1882 2240 ὥςτε
1917 2171 2031 2234 τὸν

255 2268 539 2351 ποταμὸν
590 2269 704 2332 τὸν
758 2272 824 2332 ἐν
888 2268 1078 2350 Τροία
1138 2265 1396 2334 Ξάνθον
1438 2270 1579 2352 παρ’
1627 2268 1876 2339 ἐκείνοις
1916 2294 2032 2334 κα-

256 2373 500 2432 λεῖσθαι
555 2370 661 2432 καὶ
716 2369 830 2449 τὴν
884 2368 1174 2432 Χαλκίδα
1226 2366 1522 2450 κύμινδιν
1575 2405 1659 2414 --
1715 2369 1872 2432 ὅθεν
1922 2371 2032 2433 καὶ

257 2469 468 2549 ἀσαφῆ
512 2469 591 2531 τὰ
633 2475 763 2531 τῶν
798 2476 1102 2549 χρησμῶν
1145 2471 1272 2529 ἐστι
1312 2467 1417 2529 καὶ
1456 2458 1717 2538 πολλοὺς
1746 2468 1866 2548 ἤδη
1897 2474 2028 2549 ἐξη-

255 2565 542 2646 πάτηκεν.
586 2565 726 2627 Non
768 2566 967 2624 multo
1012 2584 1183 2624 secus
1226 2562 1506 2625 Clemens
1544 2566 1769 2625 Strom.
1811 2569 1858 2626 I.
1886 2569 2030 2629 404.

259 2667 290 2728 ὃ
339 2665 615 2730 Πλάτων
657 2665 761 2728 καὶ
801 2670 929 2735 τοῖς
974 2669 1144 2736 θεοῖς
1185 2663 1506 2729 διάλεκτον
1550 2668 1840 2748 ἀπονέμει
1886 2669 2031 2733 τινὰ

260 2762 449 2846 (Crat.
508 2764 651 2825 391.
707 2764 815 2846 D.)
871 2763 1140 2846 μάλιστα
1183 2764 1301 2848 μὲν
1345 2766 1486 2828 ἀπὸ
1531 2773 1686 2829 τῶν
1729 2766 2031 2852 ὄνειρα-ι»

257 2889 411 2928 των
495 2863 1110 2948 τεκμαιρόμενος
1194 2866 1324 2928 καὶ
1406 2873 1561 2931 τῶν
1638 2875 2026 2953 χρησμῶν..

259 2963 429 3023 Haec
481 2964 728 3043 quidem
781 2973 876 3025 est
917 2961 1246 3025 Clementis
1292 2966 1636 3043 conjectura
1678 2984 1716 3025 a
1757 2965 2031 3028 Platonis

258 3081 439 3122 sensu
481 3063 812 3124 abhorrens
855 3064 965 3124 sed
1007 3074 1154 3145 apta
1195 3065 1277 3125 ad
1318 3064 1386 3124 id
1428 3063 1592 3144 quod
1630 3064 1894 3145 probare
1920 3085 2029 3126 vo-

260 3160 493 3234 lebam,
553 3171 792 3224 veteres
847 3164 1117 3243 linguam
1171 3163 1446 3227 divinam
1490 3163 1762 3224 humana
1804 3159 2125 3260 signifi-*xX
2169 3182 2171 3184 ’

260 3262 592 3321 cautiorem
639 3272 701 3321 et
743 3283 780 3323 a
820 3275 1071 3325 naturae
1113 3267 1487 3344 proprietate
1529 3265 1882 3344 propiorem
1912 3284 2026 3344 pu-

261 3371 435 3420 tasse.
524 3351 791 3424 Primum
850 3363 927 3423 de
981 3366 1232 3424 somniis
1287 3362 1451 3444 quod
1514 3362 1693 3436 dicit,
1738 3382 2023 3444 quorsum
