2150 3814
200 209 365 271 111²
757 223 994 268 mnan
1048 223 1413 269 ruamus.

199 354 335 416 154.
389 372 574 436 quum
617 351 901 413 Aetoliae
946 362 1006 411 et
1049 353 1428 414 Acarnaniae
1470 356 1656 415 situm
1703 373 1975 418 enarras-

193 467 286 515 set
325 466 386 514 et
412 469 768 514 communes
805 452 1050 530 utrique
1084 452 1335 528 incolas,
1372 451 1645 529 Curetes,
1678 455 1791 515 hac
1835 455 1978 516 data

192 555 509 614 occasione
564 571 660 610 res
720 547 1032 610 Cureticas
1078 588 1161 596 —-
1204 554 1282 614 τὰ
1340 554 1694 636 Κουρητικά
1749 592 1834 601 —-
1879 574 1977 614 co-

188 656 425 735 piosius
471 652 738 731 exponit.
837 650 1087 711 Praeter
1122 651 1295 725 illos,
1340 655 1570 732 inquit,
1616 657 1720 736 qui
1763 654 1840 715 ab
1886 655 1978 714 hi-

188 754 429 813 storicis
474 751 855 832 temporibus
901 761 963 810 et
1005 770 1044 811 a
1086 761 1299 811 nostra
1342 755 1688 831 cognitione
1718 758 1980 836 propius

190 852 430 926 absunt,
475 851 647 911 aliud
688 851 808 911 fuit
850 843 1144 912 Curetum
1188 864 1377 929 genus
1423 856 1738 931 augustius
1783 865 1845 914 et
1888 855 1978 915 fa-

187 952 466 1012 bulosius
480 995 500 1026 ,
555 944 663 1033 qui
716 947 973 1013 deorum
1028 952 1247 1012 Matris
1303 961 1365 1011 et
1417 950 1595 1015 Jovis
1649 956 1825 1034 pueri
1885 973 1981 1014 as-

188 1055 387 1115 seclae
429 1046 866 1134 perhibentur,
922 1073 1233 1114 sacrorum
1276 1050 1709 1131 Phrygiorum'
1733 1062 1796 1112 et
1839 1051 1982 1113 Cre-

186 1158 450 1216 ticorum
496 1152 883 1227 administri,
928 1173 1084 1235 quae
1127 1153 1425 1213 obeuntes
1482 1173 1620 1214 cum
1666 1153 1980 1232 cymbalo—

134 1249 138 1259 “
184 1273 326 1316 rum
369 1249 932 1333 tympanorumque
975 1265 1036 1315 et
1078 1255 1370 1314 tibiarum
1413 1256 1677 1349 strepitu
1721 1255 1840 1315 diis
1867 1273 1981 1335 pa-

36 3289 166 3315 s'lff

184 1357 321 1414 triis
363 1355 586 1412 armati
615 1353 1065 1433 tripudiarunt;
1107 1354 1418 1434 iidemque
1446 1365 1703 1435 propter
1732 1356 1849 1415 hoc
1875 1373 1980 1414 en-

184 1454 400 1513 theum
443 1461 506 1511 et
531 1454 981 1513 tumultuosum
1012 1453 1393 1515 sacrificandi
1418 1471 1608 1531 genus
1635 1474 1771 1515 cum
1799 1452 1979 1515 Cabi-

185 1558 291 1629 riS,
334 1554 622 1632 Dactylis
667 1563 729 1613 et
755 1551 1210 1630 Corybantibus
1254 1567 1708 1637 componuntur
1749 1575 1810 1636 p.
1842 1555 1979 1617 156.

188 1654 442 1717 Curetes
484 1663 694 1714 autem
729 1664 984 1716 vocatos
1023 1666 1221 1737 putat,
1265 1658 1412 1737 quia
1434 1643 1588 1716 haec
1609 1656 1845 1716 ludicra
1871 1651 1980 1715 ob-

185 1758 559 1816 lectamenta
577 1755 876 1833 juvenilis
902 1757 1296 1836 potissimum
1324 1760 1544 1817 aetatis
1567 1759 1812 1836 ingenio
1841 1774 1981 1816 con-

184 1859 458 1929 veniant,
502 1857 689 1915 armis
729 1856 957 1915 affabre
992 1857 1189 1932 factis,
1233 1860 1464 1919 vestitu
1490 1859 1662 1918 lauto
1691 1869 1752 1917 et
1773 1857 1979 1937 splen-

186 1957 368 2032 dido,
426 1957 694 2017 caesarie
751 1955 974 2018 decora
1016 1960 1172 2019 mire
1215 1958 1536 2037 gaudentis
1550 1979 1565 2033 3
1608 1977 1721 2018 nec
1764 1976 1831 2017 se
1866 1951 1978 2016 du-

184 2059 384 2119 bitare
429 2058 783 2138 profitetur,
841 2061 984 2139 quin
1044 2059 1369 2119 bellicosae
1413 2053 1979 2139 quoqueAetoliae

186 2169 248 2219 et
301 2158 688 2220 Acarnaniae
742 2168 952 2236 gentes
1012 2158 1088 2218 ab
1144 2161 1262 2219 hoc
1305 2160 1638 2220 floridioris
1676 2168 1738 2218 et
1779 2175 1978 2238 prope

183 2259 505 2337 virginalis
560 2268 811 2319 ornatus
867 2258 1076 2319 studio
1135 2256 1438 2320 Curetum
1483 2277 1711 2319 nomen
1780 2267 1980 2317 traxe-

185 2361 311 2420 rint
329 2360 417 2441 [Ἴ.
504 2359 823 2420 Postremo
867 2379 993 2420 non
1036 2371 1284 2441 praeter
1323 2360 1511 2420 fidem
1546 2379 1698 2433 esse,
1741 2360 2008 2439 priscos

187 2459 446 2519 deorum
518 2461 781 2519 cultores
854 2479 992 2519 cum
1061 2460 1416 2539 plausibuS,
1488 2459 1857 2521 clamoribus
1919 2467 1982 2516 et

186 2561 408 2643 quibus
466 2560 604 2620 aliis
660 2560 820 2620 festa
874 2559 1115 2619 laetitia
1169 2559 1516 2638 indulgeat,
1574 2578 1748 2620 sacra
1802 2576 1978 2639 pere-

184 2665 373 2741 gisse3
429 2679 694 2741 namque
751 2660 1012 2720 deorum
1071 2661 1375 2720 solemnia
1429 2679 1555 2720 non
1611 2651 1813 2720 solum
1869 2676 1979 2719 va-

187 2744 368 2823 cuum
412 2780 452 2822 a
494 2763 654 2822 curis
699 2760 1075 2842 quotidianis
1120 2771 1364 2843 tempus
1408 2760 1520 2821 sed
1564 2762 1751 2820 etiam
1787 2759 1977 2819 animi
2062 2815 2068 2821 .

275 2918 344 2975 [⁰]
378 2916 496 2968 εἰκὸς
525 2917 576 2962 δὲ
606 2916 689 2972 τὴν
717 2914 929 2962 ἐνόπλιον
959 2913 1147 2976 ὄρχησιν
1175 2915 1264 2961 ὑπὸ
1297 2921 1387 2962 τῶν
1416 2917 1684 2975 ἠσκημένων
1714 2911 1831 2959 οὕτω
1861 2913 1970 2973 περὶ

190 2973 339 3035 κόμην
368 2979 445 3019 καὶ
489 2975 653 3022 στολὴν
691 2979 875 3036 πρῶτον
915 2978 1202 3033 εῖςαχθεῖσαν
1240 2977 1427 3021 ἐκείνων
1461 2971 1708 3032 Κουρήτων
1748 2974 1976 3030 καλουμέ-

186 3032 1210 3154 3350K2912²21
1247 3032 1601 3152 &affixas
1640 3031 1975 3134 {aragia

186 3152 252 3195 Ae
302 3151 430 3208 hylus
475 3152 558 3195 hoc
597 3154 765 3196 nomine
810 3151 1031 3214 ἀκούρους
1071 3153 1163 3196 sive
1203 3157 1478 3214 κουριῶντας
1515 3151 1757 3208 significat,
1797 3149 1971 3205 Agatho

186 3226 240 3255 κο
274 3214 445 3272 ρίμους.
526 3211 594 3253 De
624 3212 863 3266 Pronacte,
914 3228 1037 3269 quem
1078 3212 1152 3255 hic
1189 3216 1417 3265 memorat,
1457 3217 1630 3269 praeter
1669 3209 1972 3251 casaubonum

235 3269 276 3312 d.
306 3270 507 3312 Perizon.
539 3270 596 3312 ad
625 3271 792 3314 Aelian.
822 3273 877 3314 V.
908 3272 966 3315 H.
998 3272 1075 3314 IV.
1109 3269 1149 3312 5.
1192 3275 1236 3313 et
1272 3271 1416 3314 Schol.
1456 3270 1578 3312 Pind.
1619 3269 1743 3312 Nem.
1779 3265 1858 3309 IX.
1901 3265 1972 3308 30.

187 3328 263 3371 ubi
292 3341 371 3385 pro
400 3330 600 3386 Πρῶναξ
630 3327 913 3383 ἀποθνήσκει
943 3328 1032 3375 ὑπὸ
1058 3327 1346 3391 Ἀμφιαράου
1376 3331 1673 3377 κατασταθείς
1706 3324 1971 3369 scribendum

189 3394 264 3434 est,
286 3390 700 3437 ὂεαταστασιασθείς.
