2184 3840
825 199 1278 244 ORPHICA.
1817 188 1945 248 829

162 336 364 394 locum
423 335 571 392 haec
622 330 775 390 nihil
833 329 984 388 lucis
1029 328 1326 401 afferunt,
1370 330 1435 387 in
1480 344 1599 407 quo
1645 327 1805 387 duae
1848 351 1945 391 res

163 434 635 494 obscurissimae
690 438 864 504 sunt3
918 430 1220 510 primum,
1281 427 1449 508 quod
1495 428 1761 487 Eubulei
1804 446 1946 489 sues

159 540 302 597 ταῖν
342 537 531 596 θεαῖν
575 534 1149 617 συγκαταποθεῖσαι
1193 528 1494 601 dicuntur,
1539 527 1765 587 deinde
1812 547 1946 589 ver-

160 634 304 693 bum
347 632 718 718 μεγαοίζειν.
764 632 941 691 Prius
984 629 1139 691 illud
1185 629 1271 689 ita
1314 632 1702 709 interpretor,
1737 628 1947 696 Eubu-

156 734 353 806 leum,
416 751 605 812 quum
666 733 826 792 forte
860 733 1138 792 'amissas
1192 749 1333 790 sues
1387 739 1706 811 quaereret
1761 728 1946 792 deve-

156 835 320 893 nisse
374 835 441 893 in
484 834 662 893 illum
707 834 943 906 locum,
1002 831 1108 892 ubi
1152 831 1378 891 Libera
1422 846 1543 890 una
1586 848 1724 890 cum
1770 838 1948 910 parte

156 936 352 1012 gregis
417 944 617 994 terrae
686 935 979 1011 voragine
1045 941 1227 1010 rapta
1284 941 1650 1002 evanuerat,
1708 931 1948 1009 locique

157 1034 451 1094 indicium
495 1035 713 1093 fecisse
758 1030 998 1104 Cereri,
1043 1049 1199 1109 quae
1243 1049 1354 1110 per
1397 1029 1662 1089 eundem
1707 1030 1947 1089 hiatum

154 1134 235 1195 ad
269 1134 493 1194 Orcum
530 1131 878 1206 descendit,
923 1140 995 1192 ut
1034 1129 1260 1191 dicitur
1300 1132 1361 1189 in
1402 1130 1633 1212 Orphei
1671 1129 1752 1190 H.
1784 1129 1945 1191 XLI.

296 1247 533 1315 νηστείαν
568 1246 896 1308 κατέπαυσας
925 1245 1211 1307 Ἐλευσῖνος
1244 1244 1520 1314 γυάλοισιν.

295 1325 455 1401 ἦλθές
491 1332 532 1386 τ’
572 1334 643 1395 εἷς
668 1331 848 1402 Ἀΐδην
885 1331 1016 1402 πρὸς
1051 1330 1250 1401 ἀγαυὴν
1286 1328 1687 1402 Περσεφόνειαν.

151 1433 316 1494 unde
372 1452 512 1494 sues
558 1433 1141 1521 συγκαταποθείσας
1192 1440 1338 1497 ταῖν
1384 1438 1569 1498 θεαῖν
1615 1433 1767 1507 dici,
1813 1444 1946 1493 tan-

152 1554 340 1615 quam
386 1534 604 1595 eodem
650 1535 953 1615 delapsas,
1016 1533 1290 1594 Verbum
1335 1545 1545 1593 autem
1590 1535 1946 1621 μεγαρίζειν
2023 1568 2025 1572 ·

152 1634 560 1695 Schneiderus
621 1637 687 1695 in
743 1635 968 1694 Lexico
1013 1645 1218 1694 censet
1258 1633 1427 1694 idem
1469 1635 1681 1696 valere
1724 1653 1796 1695 ac
1836 1636 1947 1718 με’-

148 1762 317 1822 γαρα
361 1743 592 1809 ποιεῖν,
637 1736 754 1794 hoc
797 1745 1004 1794 autem
1047 1733 1196 1814 quid
1240 1735 1322 1794 sit
1363 1752 1490 1794 non
1534 1733 1816 1814 explicat.
1872 1735 1946 1796 In

150 1836 493 1896 Pausaniae
544 1835 680 1894 loco
736 1833 844 1895 IX.
901 1834 960 1894 8.
1017 1853 1198 1915 quem
1256 1837 1544 1914 apponit:
1604 1834 1806 1918 δρῶσι
1839 1835 1947 1898 καὶ

149 1940 304 2000 ἄλλα
348 1937 441 2020 (in
484 1935 756 2016 quodam
793 1931 1032 1995 Cereris
1065 1935 1450 2016 Liberaeque
1494 1933 1695 2014 sacro)
1737 1935 1844 1999 καὶ
1885 1938 1953 2006 ἐς

148 2039 226 2102 τὰ
295 2039 540 2124 μέγαρα
594 2034 948 2118 καλούμενα
1004 2037 1268 2119 ἀφιᾶσιν
1328 2033 1402 2108 ὗς
1458 2045 1588 2100 τῶν
1643 2044 1945 2123 νεογνῶν,

149 2157 444 2200 cavernas
501 2148 702 2197 terrae
755 2137 1083 2215 significari
1127 2147 1389 2217 apparet
1431 2157 1508 2198 ex
1550 2136 1944 2216 sequentibus

150 2238 359 2300 verbis
403 2237 743 2317 quamlibet
787 2238 1118 2317 corruptis:
1159 2238 1306 2308 τοὺς
1349 2232 1418 2301 δὲ
1463 2233 1536 2308 ὗς
1570 2234 1834 2307 τούτους
1858 2243 1944 2307 εἰς

150 2339 267 2419 τὴν
322 2342 619 2402 ἐπιοῦσαν
674 2345 788 2400 τοῦ
834 2340 1009 2406 ἔτους
1053 2338 1227 2418 ὥραν
1272 2342 1338 2401 ἐν
1383 2336 1667 2418 Δωδώνῃ
1711 2337 1939 2420 φασίν·

151 2439 249 2501 ἐπὶ
292 2435 458 2523 λόγῳ
500 2436 663 2520 τῷδε
708 2439 890 2507 ἄλλος
932 2435 1055 2499 πού
1097 2462 1191 2507 τις
1235 2435 1782 2519 ἀναπεισθήσεται.
1826 2437 1942 2497 Pa-

146 2547 239 2599 tet
290 2539 479 2616 igitur
533 2538 1004 2597 commemorari
1058 2536 1177 2598 hoc
1229 2538 1367 2600 loco
1424 2557 1558 2599 rem
1599 2537 1784 2619 plane
1826 2539 1942 2599 mi-

145 2638 409 2699 rabilem
453 2647 518 2698 et
559 2639 658 2698 cui
700 2637 1037 2698 Pausanias
1081 2636 1329 2698 credere
1372 2639 1562 2712 nolit,
1617 2639 1774 2699 hanc
1826 2658 1941 2720 pu-

146 2750 240 2802 to:
287 2737 540 2800 eosdem
583 2738 906 2820 porcellos,
949 2757 1105 2819 quos
1147 2739 1369 2800 Boeoti
1413 2740 1792 2800 solemnibus
1827 2737 1941 2800 Ce-

145 2839 413 2901 realibus
455 2839 521 2900 in
564 2857 813 2919 megara
854 2840 965 2901 illa
1008 2840 1332 2902 demittere
1375 2840 1689 2915 solebant,
1744 2840 1939 2901 altero

148 2959 310 3001 anno
367 2950 514 3022 post
567 2940 845 3002 indidem
901 2960 1114 3002 rursus
1159 2961 1467 3020 emergere
1511 2943 1728 3016 vivos,
1772 2941 1939 3023 quod

147 3051 217 3101 ut
272 3060 311 3102 a
352 3041 604 3104 Boeotis
648 3041 1030 3117 crederetur,
1085 3043 1266 3102 facile
1308 3043 1630 3124 impetrari
1672 3052 1936 3124 poterat.

149 3140 320 3202 Haec
362 3152 570 3204 autem
613 3145 918 3204 sententia
962 3142 1286 3215 efficietur,
1330 3143 1386 3203 si
1427 3162 1542 3224 pro
1589 3147 1656 3208 ἐν
1699 3142 1937 3207 Δωδώ-

150 3267 261 3322 νῃ,
327 3245 493 3325 quod
547 3263 687 3305 mea
742 3243 990 3326 quidem
1050 3245 1344 3325 opinione
1401 3243 1550 3304 ferri
1592 3246 1808 3326 nequit
1839 3241 1934 3326 [²¹]‚

266 3364 327 3424 [b]
371 3368 557 3414 Siebelis
602 3372 651 3415 V.
695 3371 763 3414 Cl.
805 3371 964 3415 retinet
1006 3363 1153 3414 vocem
1192 3369 1292 3414 mihi
1346 3375 1617 3430 suspectum,
1669 3371 1934 3428 verbumque
