2150 3814
229 201 354 262 906
778 214 1004 261 LIBER
1043 213 1450 259 SECUNDUS.

229 347 336 417 οὓς
379 347 785 410 ἀνατιθέασιν
839 347 906 406 ἐν
957 350 1084 414 τοῖς
1142 346 1330 423 ἱεροῖς,
1376 342 1737 424 ποιήσαντες
1791 345 1998 426 τροχί-

229 467 412 516 σκους
449 447 742 547 χαλκέορς
784 469 850 505 τε
891 442 997 504 καὶ
1041 442 1362 522 σιδηροῦς,
1424 446 1619 522 magis
1664 442 1745 503 ad
1798 441 2000 502 oblec-

227 546 521 604 tationem
578 545 891 604 oculorum
951 560 1134 620 quam
1190 540 1270 600 ad
1324 560 1503 601 usum
1557 543 2000 603 introeuntium

226 646 563 723 comparati
621 640 925 702 videntur.
1008 639 1246 718 Hisque
1287 659 1412 700 non
1455 642 1764 702 absimiles
1807 642 2000 702 fuisse

226 742 406 802 credo
473 743 609 800 illas
675 740 897 816 Iyngas
964 737 1286 815 Magorum
1354 760 1452 821 ap.
1510 741 1857 802 Philostrat.
1924 741 1996 800 V.

223 841 428 919 Apoll.
450 841 495 898 Ι.
529 838 633 899 25.
669 838 768 899 34.
805 844 1044 921 χρυσαῖ
1067 837 1137 901 δὲ
1162 842 1369 924 ἴυγγες
1395 841 1855 922 ἄποκρέμανται
1885 849 2000 903 τοῦ

223 938 463 1022 ὀρόφου
506 940 823 1020 τέσσαρες,
882 938 997 1017 τὴν
1030 936 1428 1022 Ἀδράστειαν
1473 940 1644 1020 αὐτῷ
1698 941 1862 1016 (regi
1900 941 2001 1016 ju—

223 1038 476 1119 dicanti)
519 1046 957 1124 παρεγγυῶσαι
997 1038 1103 1100 καὶ
1144 1039 1214 1100 τὸ
1257 1039 1343 1119 μὴ
1388 1039 1540 1122 ὑπὲρ
1568 1038 1715 1108 τοὺς
1740 1036 2000 1120 ἀνθρώ-

221 1127 375 1209 πους
431 1143 738 1222 αἴρεσθαι.
846 1135 1090 1207 Ταύτας
1150 1140 1208 1201 οἱ
1261 1136 1484 1223 Μάγοι
1524 1146 1782 1201 καλοῦσι
1823 1143 1998 1201 θεῶν

218 1236 530 1323 γλώσσας·
589 1257 745 1318 quae
795 1238 1150 1298 Huschkius
1207 1246 1270 1296 et
1311 1238 1655 1298 Boeckhius
1699 1237 1781 1298 ad
1823 1236 1997 1296 Pind.

215 1338 459 1415 Fragm.
513 1356 574 1415 p.
620 1336 762 1398 569.
818 1357 954 1398 cum
1010 1337 1134 1396 alio
1177 1337 1532 1396 Philostrati
1572 1338 1708 1396 loco
1751 1336 1853 1395 VI.
1902 1337 1998 1396 11.

215 1438 360 1498 247.
420 1438 738 1496 conferunt
791 1437 900 1496 ubi
957 1433 1296 1496 Celedones
1354 1455 1607 1509 aureae,
1667 1454 1814 1515 quas
1858 1436 1999 1495 Pin-

218 1536 403 1596 darus
448 1555 487 1596 a
528 1536 800 1596 Vulcano
822 1578 825 1582 »
844 1538 909 1595 in
952 1534 1309 1593 summitate
1352 1537 1569 1614 templi
1612 1536 1897 1615 Delphici
1925 1531 1995 1613 [b]

217 1637 542 1696 collocatas
615 1653 748 1695 esse
812 1642 1052 1707 narrat,
1113 1639 1352 1716 χρυσαῖ
1409 1639 1616 1719 ἰὐγγες
1678 1645 1998 1706 vocantur,

216 1735 542 1819 Σειρήνων
566 1758 709 1798 τινα
736 1735 1058 1814 ἐπέχουσαι
1101 1733 1170 1813 (f.
1211 1737 1570 1813 ἐπηχοῢσαι)
1612 1731 1833 1797 πειθώ.
1881 1732 2023 1792 Ve-·

211 1856 349 1897 rum
393 1836 490 1894 his
532 1843 776 1914 praeter
817 1852 1043 1893 nomen
1083 1833 1239 1891 nihil
1282 1851 1604 1894 commune
1657 1842 1766 1892 est.
1849 1834 2000 1893 Illae

213 1933 720 2020 ἡφαιστότευκτοι
793 1931 1127 1992 Celedones
1143 1975 1161 2005 ,
1242 1934 1376 1994 sive
1432 1952 1579 1996 aves
1635 1941 1809 1993 erant
1861 1935 1996 1995 sive

213 2038 482 2114 virgines
553 2036 877 2107 cantriceS‚
947 2043 1110 2093 certe
1174 2051 1300 2092 non
1365 2032 1445 2091 ob
1503 2034 1690 2093 aliam
1749 2051 1993 2093 causam

211 2138 431 2214 Iynges
481 2144 811 2207 vocantur,
857 2151 1046 2212 quam
1091 2134 1235 2212 quia
1275 2143 1734 2212 praetereuntes
1777 2133 1994 2193 modo—

210 2255 350 2296 rum
393 2235 700 2297 suavitate
743 2234 1055 2293 allicerent
1100 2241 1163 2292 et
1204 2235 1564 2308 retinerent3
1608 2251 1758 2312 quas
1787 2243 1995 2293 autem

211 2336 652 2399 Philostratum
695 2345 903 2394 narrat
946 2334 1060 2394 sub
1103 2335 1255 2411 regii
1299 2333 1622 2394 tribunalis
1664 2335 1824 2393 lecto
1861 2351 1992 2393 sus-

210 2452 437 2515 pensas
480 2434 671 2494 fuisse
711 2436 969 2511 IyngaS,
1027 2453 1140 2492 nec
1192 2451 1448 2492 canorae
1492 2441 1667 2491 erant
1707 2452 1820 2492 nec
1862 2435 1992 2492 ani—

211 2544 492 2595 mantum
534 2534 800 2606 simileS‚
844 2533 953 2592 sed
997 2533 1206 2612 quales
1249 2551 1430 2610 sagae
1472 2532 1831 2606 versabant,
1877 2535 1989 2592 cir-
2024 2546 2028 2550 ’

212 2635 334 2695 culi
387 2633 648 2694 mobiles
704 2634 859 2692 alter
902 2634 1108 2706 alteri,
1150 2641 1222 2692 ut
1261 2634 1326 2691 in
1369 2634 1632 2712 sphaera
1674 2634 1988 2707 armillari‚

209 2736 455 2809 inserti,
500 2741 829 2814 omnesque
871 2733 1121 2793 assidua
1161 2734 1462 2811 vertigine
1502 2735 1709 2807 rotati,
1751 2752 1877 2794 non
1918 2743 1989 2793 ut

212 2835 318 2894 illa
359 2843 695 2910 automata,
740 2835 817 2895 de
858 2834 1076 2915 quibus
1118 2833 1481 2894 Aristoteles
1511 2844 1832 2907 memorat,
1875 2832 1984 2893 sed

214 2943 343 2994 arte
369 2937 619 3012 magica.
659 2937 743 2996 Et
766 2935 882 2996 hoc
901 2938 1039 3017 ipso
1067 2944 1239 2995 motu
1266 2953 1378 2995 suo
1407 2944 1468 2994 et
1488 2936 1679 3012 figura
1701 2934 1985 2994 fortunae
2029 2986 2036 2999 ,

334 3139 403 3196 [b]
449 3140 730 3184 Occasionem
760 3141 946 3198 fingendi
977 3141 1164 3184 antefixa
1194 3141 1440 3198 templorum
1470 3139 1639 3182 dedisse
1659 3140 1870 3192 videntur,
1902 3140 1978 3182 hu-

215 3212 379 3242 manam
406 3198 452 3240 in
481 3202 665 3256 speciem
694 3204 890 3244 formata.
907 3201 1150 3257 Hesychius
1173 3195 1443 3259 Ἀκρωτήρια
1471 3197 1526 3242 τὰ
1555 3195 1708 3242 ἐπάνω
1737 3200 1828 3242 τῶν
1856 3200 1980 3242 ναῶν

216 3255 349 3315 ζῴδια
380 3255 695 3317 ἀνατιθέμενα.
729 3276 767 3302 ν.
799 3259 1044 3304 Schneider.
1075 3259 1131 3303 ad
1160 3259 1329 3302 Vitruv.
1361 3259 1418 3301 T.
1449 3257 1506 3301 Π.
1534 3255 1634 3301 224.
1663 3272 1726 3315 sq.
