2150 3814
231 183 358 245 924
775 197 1009 241 LIBER
1052 197 1478 241 SECUNDUS.

230 331 352 388 nis
408 326 726 387 medius
825 330 1097 408 Itaque
1154 332 1535 408 pingitur,
1594 331 1722 408 qui
1779 349 1992 390 voca-

227 441 350 488 tur
393 433 670 492 IXTON
707 427 1197 512 Πυθαγόρα[“’],
1243 441 1323 488 ut
1365 428 1621 488 media
1665 428 1867 488 coeli
1909 448 1991 489 ac

225 541 480 588 terrae
567 528 778 585 linea
855 526 1183 586 ducatur
1261 529 1470 587 infra
1545 527 1989 587 umbilicum

222 648 355 708 per
423 626 500 684 id
572 644 716 704 quo
773 624 1285 700 discernitur,
1351 645 1507 686 mas
1563 647 1649 686 an
1705 627 1992 686 femina

221 729 354 799 sit,
442 723 574 782 ubi
647 734 863 784 ortus
939 726 1316 784 humanus
1394 727 1680 785 similis
1758 736 1839 785 ut
1911 728 1990 785 in

219 822 533 886 mundo.
621 824 866 883 Etenim
922 825 1192 884 tabulam
1249 825 1404 906 hanc
1461 844 1586 883 non
1646 825 1989 885 absimilem

218 927 276 983 ei
330 923 519 983 fuisse
574 923 866 998 arbitror,
934 944 1116 1004 quam
1171 914 1555 983 Robertus
1610 923 1989 984 Fluddius

215 1023 297 1083 ad
362 1024 938 1103 repraesentandam
1010 1025 1410 1084 Macrocosmi
1478 1034 1540 1082 et
1601 1023 1989 1083 Microcosmi

214 1124 682 1184 similitudinem
730 1124 1081 1197 delineavit,
1126 1125 1342 1203 hisque
1385 1123 1590 1183 ‘verbis
1629 1123 1987 1184 illustravit:

213 1223 483 1285 Mundi
542 1225 958 1283 circularis
1016 1233 1353 1282 centrum
1413 1234 1531 1283 est
1583 1235 1822 1296 terra,
1866 1224 1987 1282 hu-

209 1343 478 1384 manae
551 1343 736 1384 vero
805 1323 1328 1382 rotunditatis
1397 1333 1760 1403 punctum
1823 1342 1984 1381 cen-

211 1423 412 1480 trale
494 1431 609 1481 est
674 1422 1092 1482 secundum
1162 1422 1527 1502 quosdam
1598 1425 1675 1482 in
1744 1422 1983 1481 umbi-

206 1522 377 1602 lico.
478 1521 624 1581 Sed
679 1540 816 1580 nos
875 1523 1144 1600 potius
1188 1522 1397 1580 illud
1441 1524 1644 1581 circa
1685 1526 1983 1600 genita—

205 1621 317 1695 lia
380 1621 822 1700 ponendum
888 1639 1059 1702 esse
1129 1628 1494 1699 putamus
1550 1631 1659 1681 etc.
1717 1621 1794 1680 de
1851 1622 1983 1680 Ma—

207 1739 358 1782 croc.
418 1723 462 1781 I.
523 1722 718 1781 Tract.
774 1721 843 1779 L.
898 1722 1003 1779 111.
1047 1742 1105 1800 p.
1150 1721 1249 1779 66.
1295 1730 1356 1779 et
1398 1741 1458 1800 p.
1504 1722 1605 1780 82.
1662 1720 1817 1781 -Sed
1861 1721 1979 1780 cla-

201 1822 328 1880 rius
373 1819 832 1900 distinctiusque
874 1821 1292 1878 testimonium
1336 1820 1590 1899 praebet
1613 1820 1978 1898 Anonymus

202 1920 275 1979 V.
319 1921 496 1997 Pyth.
542 1941 601 2000 p.
635 1921 772 1988 114.
816 1919 1035 1979 Kiessl.
1072 1920 1144 1983 ‘O
1188 1922 1525 2002 ἄνθρωπος
1568 1923 1791 2003 μικρὸς·
1828 1920 1976 1984 κόσ-

200 2047 316 2102 μος
361 2022 627 2104 λέγεται,
686 2022 799 2098 οὐχ
854 2021 948 2082 ὅτι
994 2025 1058 2081 ἐκ
1099 2019 1419 2103 τεσσάρων
1465 2022 1779 2102 στοιχείων
1824 2019 1975 2106 σύγ-

201 2144 394 2181 κειται
452 2123 660 2196 (τοῦτο
724 2120 847 2204 γὰρ
903 2120 1008 2182 καὶ
1064 2122 1322 2183 ἕκαστον
1377 2129 1508 2184 τῶν
1576 2120 1778 2198 ζώων)
1847 2123 1972 2183 ἀλλ’

201 2220 296 2281 ὅτι
351 2217 552 2289 πάσας
614 2222 731 2298 ἔχει
772 2219 884 2288 τὰς
927 2227 1039 2282 τοῦ
1084 2218 1322 2301 κόσμου
1368 2219 1693 2302 δυνάμεις·
1741 2225 1808 2284 ἐν
1850 2222 1972 2306 γὰρ

197 2328 287 2411 τῳ
342 2317 556 2400 κόσμῳ
610 2320 726 2380 εἰσὶ
778 2319 951 2392 θεοὶ,
1010 2322 1138 2381 ’ἔστι
1194 2319 1262 2382 δὲ
1305 2320 1410 2381 καὶ
1451 2321 1529 2382 τὰ
1577 2323 1773 2405 ἄλογα
1818 2320 1970 2395 ζῶα,

200 2421 327 2479 ἔστι
390 2419 495 2480 καὶ
562 2416 758 2499 φυτά·
828 2417 1031 2487 πάσας
1096 2418 1165 2480 δὲ
1219 2418 1451 2487 ταύτας
1503 2421 1615 2489 τὰς
1673 2418 1970 2499 δυνάμεις

200 2521 317 2597 ἔχει
381 2519 413 2580 ὅ
485 2520 848 2600 ἄνθρωπος·
924 2520 1041 2596 ἔχει
1106 2518 1229 2601 γὰρ
1285 2517 1472 2580 θείαν
1525 2518 1642 2598 μὲν
1696 2515 1971 2599 δύναμιν

195 2619 309 2696 τὴν
364 2617 643 2702 λογικὴν,
703 2618 820 2695 ἔχει
872 2617 987 2695 τὴν
1044 2624 1177 2680 τῶν
1249 2617 1563 2697 στοιχείων
1630 2619 1968 2701 θρεπτικὴν

313 2785 383 2843 [b]
429 2786 565 2828 Codd.
607 2790 651 2827 et
688 2784 800 2827 Edd.
843 2784 1038 2828 ichton
1078 2787 1410 2842 pythagora
1453 2790 1497 2828 et
1539 2801 1565 2828 a
1602 2788 1965 2843 pythagora3
2007 2831 2011 2834 ζ

197 2845 420 2887 emendant
459 2843 486 2897 ἡ
517 2840 676 2901 χθών,
716 2843 831 2900 quod
870 2845 1048 2900 probari
1077 2845 1252 2900 nequit,
1297 2859 1376 2886 nec
1405 2844 1550 2900 placet
1580 2845 1596 2886 i
1610 2860 1633 2886 c
1647 2860 1671 2886 o
1684 2858 1711 2885 n
1746 2845 1783 2887 P
1795 2859 1825 2899 y
1835 2852 1853 2887 t
1867 2844 1894 2886 h
1907 2859 1965 2887 a-

196 2917 226 2958 g
238 2917 262 2944 o
277 2917 298 2944 r
311 2918 336 2945 a
347 2918 395 2954 e;
436 2905 474 2945 A
486 2918 513 2945 n
524 2910 541 2945 t
552 2904 567 2945 i
580 2917 602 2944 c
614 2903 641 2943 h
652 2907 671 2944 t
684 2916 707 2943 o
722 2917 748 2943 n
777 2902 1046 2945 Hermannus
1075 2904 1244 2959 probat.
1303 2903 1465 2946 Dubito
1497 2917 1551 2944 an
1580 2903 1768 2958 ejusdem
1797 2903 1963 2960 Pytha-

196 2974 327 3015 gorae
356 2961 507 3003 tabula
536 2961 593 3003 sit
622 2960 675 3002 de
705 2974 790 3016 qua
817 2961 956 3004 Varro
997 2962 1050 3003 Ι
1080 2962 1157 3003 IV.
1203 2977 1243 3018 p.
1288 2961 1356 3003 13.
1430 2960 1620 3002 Omnis
1660 2966 1866 3003 natura
1908 2961 1963 3003 in

85 3052 104 3056 β
196 3019 408 3061 coelum
452 3025 506 3062 et
544 3027 752 3062 terram
793 3019 985 3062 divisa
1028 3026 1142 3071 est;
1189 3020 1271 3062 sic
1315 3019 1528 3062 coelum
1571 3019 1625 3061 in
1664 3020 1962 3074 regiones,

195 3081 353 3119 terra
381 3077 438 3119 iu
466 3078 650 3120 Asiam
691 3083 745 3120 et
782 3077 1059 3135 Europam
1100 3103 1158 3112 —·
1196 3105 1254 3111 —
1289 3091 1516 3132 quorum
1555 3077 1851 3132 imaginem
1896 3092 1961 3120 ex

195 3148 328 3177 aere
377 3135 739 3192 Pythagoras
781 3135 1023 3180 Tarenti
1066 3137 1222 3180 fecit.
1294 3135 1536 3178 Martianus
1577 3135 1685 3191 Cap.
1714 3135 1766 3177 L.
1795 3136 1831 3177 I.
1865 3134 1961 3177 197.

194 3199 383 3236 terrae
428 3194 717 3250 regionum
761 3193 990 3238 habitus
1029 3194 1294 3253 prodidit
1333 3193 1698 3236 doctissimus
1740 3193 1958 3249 Pytha-

195 3265 380 3306 goras
