2150 3814
710 227 1254 272 SAMOTHnAcm.
1729 224 1889 285 1263

120 359 345 435 partim
402 357 638 417 scenico
695 353 961 433 quodam
1015 358 1271 416 artificio
1334 358 1669 439 disposita,
1749 385 1897 443 quo-

117 457 283 514 niam
344 455 506 515 bona
559 472 703 533 pars
761 455 1079 516 hominum
1127 457 1277 516 nihil
1321 459 1517 536 magis
1561 478 1744 539 quam
1789 463 1896 521 ob-

115 556 430 634 stupefieri
472 563 640 613 amat
684 563 747 612 et
787 555 1037 634 pavidis
1081 558 1137 616 si
1180 557 1475 618 membra
1499 555 1723 619 timore
1754 562 1895 633 hor-

112 663 392 742 ruerunt,-
455 655 510 712 si
563 663 696 713 toto
753 673 1010 735 corpore
1066 658 1314 734 sanguis
1370 659 1527 737 fugit
1580 670 1643 719 et
1698 661 1896 722 hirsu-

113 763 212 811 tae
256 751 559 829 diriguere
603 770 814 813 comae
832 801 849 831 ‚
904 765 1034 816 tum
1077 757 1456 835 fi‘iguttiunt‚
1500 769 1631 819 tum
1675 779 1742 820 se
1784 762 1895 822 ali,-

111 850 261 930 quid
342 852 644 931 praeclari
726 854 985 935 adeptos
1050 867 1289 937 putant.
1386 859 1600 938 Ipsum
1654 860 1894 922 Eleusi-

109 953 282 1011 nium
361 970 600 1013 sacrum
672 951 951 1016 Clemens
1032 958 1247 1039 δρᾶμα
1309 958 1614 1038 μυστικόν
1682 972 1893 1036 vocat;

109 1050 276 1130 quod
318 1052 582 1113 fortasse
623 1056 808 1114 nimis
855 1066 1110 1133 anguste
1151 1058 1633 1134 interpretantur
1675 1062 1779 1137 qui
1814 1061 1894 1118 ad

106 1153 375 1230 speciem
432 1155 706 1212 scenicae
761 1155 1020 1212 actionis
1075 1154 1364 1213 referunt.
1467 1155 1592 1215 Sed
1645 1159 1713 1216 in
1766 1159 1891 1218 illis

104 1253 447 1325 mysteriis,
504 1271 661 1331 quae
714 1251 1066 1312 Alexander
1121 1253 1200 1313 ad
1259 1255 1611 1335 exemplum
1653 1256 1893 1318 Eleusi-

102 1351 348 1410 niorum
391 1353 691 1426 instituit,
734 1354 799 1412 in
843 1363 1174 1433 conspectu
1218 1355 1605 1435 ponebantur
1640 1356 1890 1419 divinae

103 1450 361 1510 Selenae
416 1471 555 1512 cum
612 1456 848 1514 amasio
868 1455 1006 1513 'suo
1054 1453 1435 1515 clandestina
1479 1451 1887 1528 conversatio,

104 1550 398 1626 Glyconis
459 1562 674 1631 partus
731 1554 974 1634 aliaque
1031 1554 1419 1617 credulorum
1459 1557 1727 1617 ludibria
1768 1559 1888 1619 Lu-

105 1651 257 1709 cian.
313 1651 382 1710 T.
438 1650 510 1710 V.
570 1651 624 1732 ξ.
681 1653 780 1713 39.
836 1673 897 1733 p.
942 1654 1042 1714 99.
1130 1655 1213 1714 Et
1254 1659 1321 1714 in
1367 1659 1555 1716 sacris
1602 1657 1888 1738 Orphicis

101 1767 226 1809 non
281 1750 495 1810 dubito
552 1754 699 1831 quin
754 1753 969 1830 Zagrei
1025 1753 1240 1812 caedes
1295 1773 1656 1835 quocunque
1698 1756 1887 1815 modo

101 1849 466 1912 adumbrata
530 1851 731 1910 fuerit.
831 1851 1059 1911 Verum
1117 1855 1181 1911 in
1236 1855 1548 1928 mysteriis
1604 1855 1886 1935 publiciS,

98 1950 215 2009 hoc
270 1961 363 2010 est
416 1950 494 2008 iis
552 1969 707 2030 quae
763 1958 878 2030 pro
922 1953 1159 2033 populo
1202 1953 1486 2012 instituta
1529 1963 1700 2029 sunt,
1752 1958 1885 2016 nul-

96 2050 227 2110 lum
296 2051 600 2129 reperitur
653 2061 781 2109 tam
837 2051 1007 2110 foedi
1070 2053 1403 2132 spectaculi
1457 2053 1753 2114 indicium
1814 2076 1885 2116 ac

97 2169 175 2209 ne
217 2152 437 2209 mortis
483 2149 730 2229 quidem
777 2152 1042 2210 vicariae
1088 2171 1377 2230 expressa
1420 2153 1642 2229 imago.
1722 2155 1881 2214 Nam

97 2249 253 2308 illud
307 2248 474 2329 quod
528 2248 605 2307 de
660 2250 953 2330 Lupercis
1010 2260 1221 2310 narrat
1275 2251 1632 2311 Plutarchus
1689 2254 1754 2312 in
1809 2253 1881 2312 V.

99 2351 272 2409 Rom.
331 2370 378 2409 c.
435 2348 602 2408 XXI.
661 2348 1046 2432 σφάττουσιν
1102 2352 1314 2436 αἶγας,
1372 2352 1501 2414 εἶτα
1543 2353 1880 2434 μειρακίων

97 2521 358 2591 thriacdrum
417 2561 440 2589 r
468 2549 713 2591 bationibus
744 2534 933 2591 nonnulli
955 2549 1222 2591 Becanorum
1252 2549 1504 2591 vexationes
1533 2534 1749 2606 repetunt,
1782 2550 1876 2607 qui-

103 2607 184 2649 bus
211 2607 356 2649 seculo
386 2564 508 2653 3111.
539 2613 585 2651 et
612 2607 731 2650 XIV.
769 2612 814 2649 et
844 2607 918 2649 diu
947 2612 1046 2663 post
1074 2607 1262 2649 bursarii
1305 2608 1446 2662 gavisi
1488 2614 1586 2649 sunt
1600 2641 1611 2661 ‚
1652 2613 1875 2664 totumque

100 2665 377 2722 depositionis
408 2667 678 2709 academicae
708 2666 835 2708 ritum
850 2698 862 2719 ,
904 2680 1028 2722 quem
1057 2666 1291 2709 Arnoldtus
1322 2680 1375 2706 ex
1405 2671 1552 2707 vetere
1583 2666 1759 2721 liturgia
1800 2667 1874 2708 de—

100 2723 251 2766 scribit
278 2723 563 2766 Histoi-ie
603 2723 701 2766 der
735 2721 974 2781 Ke‘inigs
990 2723 1143 2781 berg.
1180 2721 1501 2765 Universit.
1545 2723 1603 2766 T.
1634 2724 1672 2765 I.
1701 2722 1799 2766 414.
1832 2732 1876 2767 et

96 2783 238 2826 facete
267 2783 575 2840 interpretatus
606 2790 674 2826 est
700 2783 918 2826 Lutherus
947 2784 992 2825 in
1037 2783 1076 2826 J.
1108 2782 1326 2824 Dinckelii
1365 2782 1476 2823 libro
1521 2781 1552 2822 d
1562 2795 1584 2822 e
1630 2795 1654 2822 o
1668 2795 1691 2823 r
1706 2781 1840 2838 igin
1857 2797 1879 2823 e

101 2846 157 2881 et
196 2841 548 2885 ceremoniis
593 2840 774 2884 illim
815 2840 971 2898 ritus
1015 2840 1115 2897 qui
1168 2840 1227 2882 in
1285 2838 1514 2882 scholis
1573 2839 1876 2895 depositio

100 2900 453 2953 appellatur
482 2902 533 2943 A.
567 2899 907 2944 MDLXXVIII.
986 2901 1090 2943 Est
1134 2900 1268 2941 haec
1308 2901 1585 2954 praesens
1615 2899 1780 2942 larva
1818 2906 1873 2941 et

101 2957 412 3014 depositio,
450 2960 518 3002 mi
557 2973 715 3017 puer,
764 2959 902 3002 nihil
951 2974 1114 3016 quam
1164 2956 1387 3000 initium
1432 2962 1646 3000 tantum
1685 2971 1873 3000 earum

103 3015 541 3072 depositionum,
593 3031 741 3074 quae
782 3018 1087 3066 restabunt
1135 3016 1246 3058 tibi
1293 3028 1390 3071 per
1430 3029 1632 3058 omnem
1672 3017 1843 3058 vitam
1859 3049 1870 3068 ‚

104 3087 132 3115 a
173 3087 256 3129 quo
296 3074 418 3117 initio
458 3076 715 3131 symbolicas
766 3089 967 3119 cornuum
978 3109 990 3129 ‚
1034 3075 1238 3117 dolabrae
1252 3108 1263 3129 ,
1313 3073 1517 3116 runcinae
1530 3105 1543 3126 ,
1587 3073 1788 3116 velsellae
1829 3080 1874 3116 et

104 3136 340 3175 ceterorum
367 3133 740 3177 instrumentorum
758 3167 772 3187 ‚
815 3148 926 3190 quae
955 3134 1137 3177 scholari
1169 3132 1330 3175 novitio
1368 3132 1660 3188 applicantur,
1705 3132 1873 3188 signifi-

106 3189 296 3232 cationes
334 3192 604 3247 persequitur
613 3225 627 3246 ,
679 3208 764 3236 non
804 3206 911 3249 quas
961 3198 1134 3250 putaret
1180 3191 1337 3247 primos
1384 3191 1509 3246 hujus
1549 3188 1705 3233 ludicri
1742 3191 1870 3233 moris

103 3253 300 3290 auctores
328 3249 466 3291 animo
495 3251 738 3307 complexos
767 3265 861 3293 esse
891 3251 966 3293 sed
997 3266 1108 3308 quae
1138 3250 1286 3292 auditu
1311 3249 1527 3304 jucundae
1557 3255 1601 3291 et
1631 3248 1686 3291 ad
1714 3248 1870 3291 docen-

102 3306 201 3347 dum
230 3311 359 3362 aptae
402 3307 659 3352 viderentur.
718 3310 874 3367 Neque
904 3310 989 3352 alia
1018 3309 1184 3352 ratione
1216 3314 1383 3351 veteres
1415 3321 1560 3350 sacros
1590 3307 1699 3351 ritus
1729 3312 1773 3348 et
1803 3308 1869 3347 fa-

105 3363 227 3405 bulas
256 3365 524 3422 interpretati
554 3372 665 3409 sunt.
1546 3401 1548 3405 ,
