2150 3814
757 242 1207 314 ofnpnch.
1735 241 1859 303 995

102 429 208 470 rus
275 407 647 486 singulorum
712 396 971 457 deorum
1036 394 1354 453 historiam
1421 401 1692 465 enarrat,
1756 392 1862 452 ubi

102 522 404 569 terrarum
448 505 581 571 nati
623 516 772 580 quas
813 514 911 556 res
964 494 1258 573 gesserint
1309 502 1372 552 et
1412 512 1592 572 quem
1636 494 1865 553 exitum

100 608 438 668 habuerint.
491 587 552 664 ἐν.
605 598 807 676 Heyn.
864 594 940 654 de
991 594 1171 653 Font.
1225 591 1474 653 LXXV.
1533 593 1651 654 His
1688 592 1867 653 ‘fabu-

102 705 398 768 latoribus
451 706 896 768 successerunt‚
952 696 1057 774 qui
1112 695 1339 754 omissa
1392 691 1572 755 Creta
1614 707 1676 756 et
1716 698 1868 758 Pan-

101 807 288 867 chaea
341 813 403 862 et
453 797 686 880 Utopia
711 814 713 817 ·
737 786 1046 856 Atlantica
1100 792 1249 854 deos
1304 813 1551 872 graecos
1594 798 1660 856 in
1701 818 1870 876 reges

99 905 498 982 Assyriorum
570 896 1016 974 Medorumque
1097 895 1619 971 transfigurarent,
1693 898 1873 958 Thal-

102 1007 198 1065 lus
215 1005 312 1086 [⁰],
355 999 712 1078 Abydenus,
753 991 1103 1057 Alexander
1143 992 1513 1069 Polyhistor‚
1559 994 1875 1078 Cephalio,

105 1107 278 1184 cujus
331 1103 492 1162 hunc
542 1100 782 1167 locum,
838 1094 969 1172 quir
999 1091 1079 1150 ad
1133 1109 1230 1150 res
1273 1102 1473 1169 gestas
1515 1093 1724 1158 Liberi
1766 1101 1877 1160 Pa-

105 1207 216 1265 tris
260 1202 577 1283 pertinet,
647 1193 923 1255 servavit
979 1190 1297 1268 Syncellus
1353 1211 1414 1273 p.
1476 1193 1613 1255 167.
1678 1203 1879 1280 Βῆλος

106 1302 459 1387 ἐβασίλευσε
514 1303 644 1360 τῶν
678 1291 1018 1372 Ἀσσυρίων
1059 1291 1168 1353 καὶ
1212 1293 1560 1374 ἀφικνεῖται
1602 1281 1883 1384 Πὲρσεύς

106 1405 139 1467 ὅ
186 1397 438 1479 Δανάης
492 1402 575 1466 εἰς
629 1393 744 1474 τὴν
791 1389 1012 1474 χώραν
1067 1393 1293 1454 αὐτοῦ’
1355 1395 1666 1483 ἔφυγε-δὲ
1710 1405 1879 1485 Περ-

108 1503 247 1573 σεὺς
314 1500 427 1563 τὸν
493 1493 806 1559 Διόνυσον
871 1492 985 1554 τὸν
1040 1493 1312 1572 Σεμέλης
1365 1496 1500 1578 υἱέα
1557 1505 1668 1557 etc,
1727 1521 1883 1581 quae
1946 1533 1956 1542 ,

108 1621 246 1663 cum
288 1599 503 1659 ceteris
546 1596 746 1655 ionice
786 1591 1031 1671 scriptis
1071 1591 1138 1648 in
1180 1590 1519 1652 Eusebium
1562 1614 1743 1659 suum
1795 1621 1889 1661 re-

112 1701 256 1762 tulit
312 1698 579 1774 Scaliger
634 1693 1013 1773 praescripto
1069 1690 1358 1750 lemmate
1401 1697 1467 1755 ἐκ
1507 1703 1638 1759 τῶν
1677 1708 1889 1783 Κεφα-
1947 1691 1949 1694 ⁴

113 1801 391 1868 λαίωνος.
476 1797 758 1856 Fuerunt·
811 1799 1016 1849 autem
1074 1787 1198 1848 duo
1241 1790 1425 1868 hujus
1468 1788 1734 1858 nominis
1776 1801 1890 1860 Hi-

114 1900 349 1973 storici3
421 1913 579 1956 unus
650 1890 942 1969 Gergitho
1011 1888 1339 1964 oriunduS‚
1418 1911 1598 1972 quem
1665 1896 1890 1960 Strabo

116 1999 279 2062 ΧΙΠ.
323 1996 465 2057 589.
517 1994 781 2068 Dionys.
837 1989 980 2050 Hal.
1037 1989 1083 2047 I.
1127 1989 1227 2049 49.
1286 2001 1348 2051 et
1390 1993 1491 2053 82.
1535 1995 1894 2061 Parthenius

118 2103 290 2161 Erot.
333 2097 436 2158 IV.
481 2103 543 2154 et
583 2090 870 2152 XXXIV.
915 2090 1136 2149 Festus
1179 2109 1239 2170 p.
1282 2089 1430 2152 453.
1485 2094 1789 2159 Eusebius
1831 2103 1896 2161 in

120 2202 367 2277 Fragm.
417 2216 455 2255 a
506 2192 676 2270 Majo
722 2189 889 2249 edito
932 2208 992 2268 p.
1035 2187 1220 2249 LXV.
1265 2190 1613 2271 Stephanus
1657 2195 1897 2260 duobus

121 2300 272 2360 locis
331 2306 394 2355 et
445 2295 658 2370 Etym.
702 2309 748 2351 s.
793 2288 1052 2369 Καπύη,
1110 2287 1188 2347 de
1231 2284 1637 2368 TroJ‘anorum
1679 2278 1903 2377 migrass

125 2402 296 2460 tione
340 2405 402 2454 et
443 2393 693 2453 Aeneae
734 2391 802 2450 in
842 2389 1088 2449 Italiam
1133 2388 1405 2451 adventu
1449 2395 1764 2473 scripsisse
1811 2408 1897 2458 te-

122 2507 391 2569 stantur,
448 2491 736 2571 idemque
776 2488 934 2548 liber
975 2487 1142 2548 haud
1185 2487 1372 2548 dubie
1414 2492 1783 2569 significatur
1824 2500 1901 2559 ab

126 2600 450 2662 Athenaeo
507 2591 611 2652 IX.
657 2588 799 2650 393.
859 2588 939 2648 D.
996 2588 1029 2651 ὅ
1085 2588 1163 2651 τὰ
1208 2591 1607 2672 Κεφαλίωνος
1650 2599 1902 2683 ἐπιγρα-

130 2698 377 2784 φόμενα
431 2691 687 2761 συνθεὶς
731 2685 1109 2774 Ἡγησιάναξ
1165 2688 1198 2751 ὅ
1245 2691 1687 2776 Ἀλεξανδρεύς.
1783 2698 1905 2760 Hic

131 2808 194 2860 et
244 2793 549 2858 Eusebius
595 2788 1033 2871 Cephalionem
1087 2797 1301 2863 vocat,
1362 2793 1545 2850 ceteri
1607 2790 1905 2877 Cephalo-

131 2917 304 2971 nem,
357 2912 470 2955 nec
522 2889 702 2951 facile
758 2886 1081 2967 dijudicari
1135 2898 1341 2968 potest
1391 2889 1706 2954 librariine
1748 2916 1910 2959 erra-

133 2998 338 3060 verint
377 2994 451 3074 [1’]
534 3009 614 3052 an
697 2989 1025 3070 scriptores
1095 2990 1218 3069 ipsi
1291 2989 1475 3049 solita
1540 2991 1660 3052 sibi
1726 2994 1907 3056 licen-

255 3164 333 3222 [0]
378 3162 466 3206 Hic
492 3161 644 3205 Belum
672 3157 896 3216 Assyrium
931 3173 1024 3203 cum
1065 3159 1252 3202 Saturno
1292 3164 1337 3202 et
1379 3160 1610 3204 Titanibus
1648 3167 1798 3207 contra
1834 3166 1909 3209 Jo-

144 3238 238 3268 vem
266 3235 482 3281 pugnasse
508 3221 647 3264 refert
677 3217 908 3276 Theophil.
939 3218 993 3261 ad
1024 3218 1223 3274 Autolyc.
1267 3218 1348 3260 III.
1388 3218 1459 3261 29.
1498 3218 1598 3263 399.
1657 3221 1725 3265 De
1765 3229 1910 3268 aetate

144 3284 239 3339 ejus
268 3296 309 3324 v.
337 3279 549 3324 Niebuhr.
580 3279 814 3322 Comment.
854 3276 988 3320 Acad.
1019 3276 1160 3320 Berol.
1194 3276 1317 3319 1820.
1347 3291 1389 3333 p.
1420 3275 1489 3320 57.

262 3360 334 3417 [P]
377 3359 496 3403 Inter
526 3362 751 3414 utramque
781 3357 959 3399 formam
987 3355 1199 3398 fluctuant
1239 3355 1361 3399 codd.
1390 3355 1562 3413 Joseph.
1592 3356 1710 3399 XIV.
1739 3356 1781 3401 3.
1811 3358 1909 3402 686.

150 3419 425 3475 similiterque
453 3412 624 3461 Λύσων
665 3419 712 3459 et
738 3417 929 3459 Λυσίων
961 3413 1143 3457 Lucian.
1177 3414 1343 3459 Toxar.
1375 3429 1412 3458 c.
1446 3415 1516 3459 12.
1557 3420 1602 3458 et
1632 3414 1702 3458 15.
1748 3417 1913 3460 Nomen

1430 3486 1589 3547 14*
