2150 3814
750 229 1290 274 sAMO'rHRAclA.
1755 217 1918 281 1253

106 362 382 444 ,Camilli
437 371 548 424 aut
605 358 866 420 Vulcani
919 357 1069 418 filii‘l
1141 377 1249 431 an,
1307 377 1461 441 quos
1519 359 1802 422 Mnaseas
1861 374 1923 423 et

103 445 603 541 ‘Dionysodotus
683 459 1157 533 substituerunt,
1238 459 1639 541 Proserpina,
1708 461 1922 535 OrcuS‚

130 543 511 625 Mercurius?
553 561 691 621 Imo
737 561 898 620 clare
941 559 1278 620 Pausanias
1316 558 1678 623 Cabirorum
1722 565 1924 623 nomi-

128 684 209 725 ne
261 664 561 740 significat
613 662 809 740 gentis
870 663 1313 722 intermortuae
1368 670 1647 723 auctores
1663 705 1681 737 ‚
1725 680 1924 723 sacro-

126 781 266 822 rum
335 759 686 823 Cerealium
755 760 1103 828 couditores
1172 771 1319 843 post
1372 773 1638 823 mortem
1695 760 1924 825 divinis

125 862 465 923 honoribus
509 871 894 924 consecratos
938 871 1001 921 et
1042 863 1109 921 in
1153 865 1532 924 consortium
1577 865 1711 942 ejus
1751 862 1925 937 deae,

130 982 312 1043 quam
343 950 493 1026 'vivi
536 963 902 1036 coluissent,
945 970 1259 1042 receptos,
1313 966 1545 1043 pariter
1589 973 1661 1022 ut
1703 962 1925 1024 Idaeos

127 1064 464 1142 Dactylos‚
509 1062 797 1138 Curetes,
840 1072 1197 1141 ceterosque
1246 1061 1506 1122 deorum
1563 1063 1924 1124 familiares.

126 1164 254 1225 Nec
303 1165 592 1244 *suspicio
663 1162 838 1222 abest
903 1162 1050 1241 quin
1121 1168 1184 1220 et
1250 1160 1397 1220 urbs
1457 1162 1569 1221 illa
1627 1159 1927 1223 Cabiraea

126 1263 558 1322 commenticia
601 1269 664 1321 et
703 1279 936 1322 nomen
971 1257 1337 1322 cabirorum
1381 1260 1460 1322 ad
1488 1264 1725 1342 priscos
1753 1265 1926 1342 igno-

124 1371 342 1444 tosque
383 1363 603 1424 heroes
617 1405 635 1435 ,
679 1363 786 1442 qui
829 1362 1155 1440 conjuncta
1196 1361 1495 1423 haberent
1539 1381 1677 1423 cum
1705 1361 1927 1425 Cerere

126 1482 332 1537 sacra,
387 1461 741 1524 traductum
798 1463 880 1522 sit
936 1480 1010 1522 ea
1066 1471 1298 1537 aetate,
1357 1482 1478 1544 qua
1531 1465 1715 1543 hujus
1772 1464 1927 1526 deae

126 1563 390 1623 asseclas
436 1560 696 1623 Cabiros
740 1560 938 1624 dictos
983 1581 1118 1624 esse
1161 1563 1617 1644 percrebuerat.
1706 1563 1926 1627 Cetera

126 1672 517 1742 argumenta,
572 1662 794 1744 quibus
851 1665 973 1725 viri
1029 1663 1198 1725 docti
1241 1683 1555 1725 sacrorum
1600 1665 1927 1727 Thebano-

124 1783 265 1825 rum
333 1774 396 1824 et
459 1764 1030 1824 Samothraciorum
1097 1763 1469 1824 affinitatem>
1518 1767 1927 1847 comprobare

126 1863 411 1938 student,
467 1865 826 1944 perinfirma
868 1874 1029 1924 sunt.
1118 1864 1181 1923 P.
1226 1863 1556 1943 Knightius
1599 1870 1928 1948 proposuit

126 1966 493 2024 sententiam
551 1963 816 2024 calidam
875 1975 939 2025 et
995 1984 1070 2025 ex
1123 1966 1400 2046 periculo
1456 1968 1721 2047 petitam
1768 1965 1927 2029 Cad-

123 2083 299 2125 mum
355 2063 721 2125 Thebanum
780 2065 1046 2126 eundem
1103 2083 1239 2125 esse
1297 2062 1649 2127 Cadmilum
1705 2067 1926 2130 Samo-

124 2166 429 2224 thracium
510 2167 646 2227 sive
711 2165 1087 2226 Mercurium
1155 2165 1426 2244 Prolegg.
1501 2164 1556 2247 §.
1600 2168 1702 2227 78.
1773 2189 1925 2250 quo-

126 2284 268 2325 rum
337 2283 497 2326 unus
564 2264 642 2326 ab
704 2267 900 2326 altero
957 2269 1330 2326 immensum
1386 2277 1680 2346 quantum
1737 2267 1928 2331 distat

129 2373 302 2439 ortu,
374 2385 627 2444 genere,
699 2366 1012 2446 dignitate.
1123 2367 1484 2427 Welckerus
1554 2367 1807 2448 quidem
1851 2372 1923 2452 [⁰]

127 2463 433 2526 Cadmum
499 2467 856 2528 numinibus
928 2469 1403 2545 cosmogonicis,
1461 2478 1530 2528 ut
1589 2468 1778 2530 hodie
1834 2471 1927 2531 lo-

129 2575 399 2648 quuntur
415 2611 434 2641 ‚
476 2568 748 2628 inserere
792 2577 1049 2630 conatur
1091 2567 1376 2628 Pisandri
1421 2565 1796 2632 Camirensis
1838 2582 1927 2631 te-

129 2667 460 2741 stimonio,
517 2687 640 2749 quo
698 2667 1186 2749 olympiodorus
1230 2670 1426 2728 utitur
1470 2668 1554 2728 ad
1596 2670 1822 2732 Phaed.
1862 2693 1928 2754 p.

125 2764 273 2832 251.
334 2767 412 2827 ed
456 2767 774 2846 Wyttenb.
833 2767 1137 2830 Cadmum
1196 2770 1450 2849 ejusque
1491 2771 1653 2831 filias
1695 2773 1925 2854 inepte,

130 2876 200 2926 ut
242 2869 489 2946 assolet,
533 2869 614 2930 ad
659 2870 1014 2948 allegoriam
1059 2888 1385 2931 revocans:
1428 2869 1691 2955 Κάδμος
1734 2875 1767 2938 ὃ
1799 2876 1920 2939 ὑπὸ

134 2966 383 3048 σελήνης
441 2969 674 3054 κόσμος
732 2971 816 3041 ὥς
860 2969 1301 3041 Διονυσιακός·
1348 2971 1446 3034 διὸ
1492 2972 1598 3035 καὶ
1632 2974 1925 3059 Ἁρμονίᾳ

136 3065 384 3131 σύνεστι
440 3079 515 3151 τῇ
570 3076 735 3155 θεῷ·
784 3067 966 3153 δηλοῖ
1004 3072 1073 3135 δὲ
1117 3072 1222 3135 καὶ
1266 3071 1660 3157 Πείσανδρος
1702 3080 1923 3140 θεολο-

134 3175 267 3250 γῶν
321 3170 400 3232 τὰ
457 3172 614 3236 κατὰ
678 3169 943 3255 Κάδμον
999 3177 1065 3236 ἐν
1122 3180 1210 3254 τῷ
1265 3171 1491 3256 μύθῳ,
1551 3178 1617 3240 ἐν
1675 3172 1726 3259 ᾧ
1769 3199 1923 3262 φησι

257 3395 325 3451 [⁰]
381 3394 526 3440 Ucber
555 3398 649 3444 cine
680 3401 895 3445 kretische
926 3402 1107 3445 Colonie
1136 3402 1192 3445 in'
1213 3402 1392 3447 Theben
1423 3419 1464 3462 p.
1497 3403 1569 3448 33.
