2150 3814
217 171 342 234 950
765 186 988 231 LIBER
1034 185 1439 231 SECUNDUS.

222 323 482 387 πλοῦτος
555 313 1020 401 μεγαλόφρονος
1085 314 1219 383 υἱὸς
1286 316 1504 395 ὃπηδῇ.
1588 313 1694 373 ubi
1774 331 1995 374 nomen

224 426 425 501 ψυχῆς
469 415 710 476 excidit.
1524 449 1536 459 κ

391 517 462 576 V.
549 517 619 575 In
664 515 1011 590 fragmento
1054 511 1410 572 Hermetioo
1455 511 1624 595 apud
1669 511 1838 573 Stob.
1873 512 2000 571 Ecl-

227 617 329 676 Ph.
385 618 431 675 I.
475 636 535 696 p.
585 613 724 672 121.
781 614 857 693 (c.
914 610 1014 671 53.
1059 610 1204 674 954.
1259 612 1470 690 Heer.)
1531 613 1815 693 querelae
1874 613 2002 672 ani·

224 733 462 775 marum
508 716 862 794 importune
905 714 1137 771 inserta
1179 721 1322 771 sunt
1363 712 1554 774 verba
1589 713 1848 795 Orphei:
1891 713 2005 776 τὸν

227 819 467 877 ἑαυτῶν
508 811 822 900 πρόγονον
866 811 1141 895 οὐρανὸν
1172 813 1410 896 ὁρῶσαι
1441 813 1812 895 στενάξομεν
1838 817 2034 876 ἔστιν.

226 912 324 976 ὁτὲ
369 913 474 976 καὶ
516 915 591 977 οὗ
633 914 950 997 βλέψομεν
995 916 1212 991 [ἔνθεν
1247 911 1512 995 Ὀρφεὺς

365 1029 439 1100 τῷ
475 1029 692 1101 λαμπρῷ
726 1026 1009 1094 βλέπομεν,
1047 1032 1157 1087 τοῖς
1193 1023 1244 1077 ‹5'
1286 1022 1515 1092 ὄμμασιν
1550 1022 1698 1079 οὐδὲν
1732 1022 1948 1096 ὁρῶμεν]

229 1128 447 1191 ἄθλιαι
487 1127 610 1214 γὰρ
654 1127 1109 1212 κατεκρίθημεν
1150 1126 1256 1190 καὶ
1297 1127 1368 1190 τὸ
1412 1128 1662 1205 βλέπειν
1702 1128 1852 1209 ἡμῖν
1897 1127 2010 1188 οὐκ

229 1228 531 1310 ἐχαρίσθη
542 1275 563 1302 ,
610 1230 705 1292 ὅτι
740 1227 934 1312 χωρὶς
973 1235 1088 1291 τοῦ
1133 1227 1342 1311 φωτὸς
1382 1227 1534 1310 ἡμῖν
1577 1228 1648 1291 τὸ
1694 1229 1853 1311 ὃρᾷν
1897 1227 2010 1289 οὔκ

228 1326 439 1406 ἐδόθη.

398 1426 498 1486 VI.
568 1425 870 1486 Stobaeus
912 1425 1162 1486 Anthol.
1206 1424 1491 1486 LXXIX.
1538 1427 1638 1486 28.
1685 1423 1828 1486 455.
1866 1428 2009 1509 Ὀρ-

230 1526 390 1607 φέως

313 1635 317 1638 ’
368 1637 501 1701 Ζεὺς
537 1637 588 1689 δ’
630 1637 795 1709 ἐφορᾷ
829 1636 1015 1708 γονέων
1051 1633 1233 1690 ὁπόσοι
1269 1637 1436 1690 τίουσι
1471 1636 1743 1704 θέμιστας,
1806 1708 1808 1711 Ι

369 1721 447 1790 ἠδ’
488 1721 600 1775 ὅσοι
637 1722 726 1776 οὐκ
762 1722 1026 1792 ἀλέγουσιν
1062 1721 1272 1774 ἀναιδέα
1306 1723 1483 1790 θυμὸν
1519 1721 1732 1790 ἔχοντες.

370 1809 454 1859 καὶ
489 1815 596 1870 τοῖς
630 1809 723 1875 μὲν
758 1804 1008 1879 πρόφρων
1043 1827 1096 1859 τε
1132 1807 1217 1858 καὶ
1251 1805 1401 1876 ’ἤπιος
1436 1806 1603 1861 ἐσθλὰ
1639 1810 1835 1874 δίδωσι,

372 1899 479 1953 τοῖς
515 1893 572 1945 δὲ
606 1892 738 1945 κακὰ
773 1892 1004 1964 φρονέων
1039 1891 1344 1958 νεμεσίζεται
1380 1895 1730 1959 Εὐμενίὸεσσι.

372 1978 529 2030 δειναὶ
562 1976 660 2047 γὰρ
696 1976 826 2029 κατὰ
860 1985 1012 2046 γαῖαν
1049 1973 1266 2046 ἕριννύες
1301 1978 1394 2030 εἶσι
1431 1975 1646 2046 τοκήων.

236 2093 344 2152 ubi
396 2093 732 2171 Elmslejus
786 2110 902 2173 pro
942 2091 1355 2174 Εὗμενίὸεσσι
1397 2092 1489 2174 (id
1534 2103 1627 2152 est
1669 2096 1851 2176 ἀραῖς
1893 2122 2013 2159 πα-

233 2191 486 2278 τρῴαις)
527 2194 773 2275 reponit
815 2191 1067 2275 ἐμμενὲς
1111 2191 1244 2254 αἰεί.

401 2293 534 2354 VII.
620 2293 1036 2354 Tertullianus
1089 2291 1170 2351 de
1211 2291 1416 2352 Anim.
1458 2291 1594 2353 XV.
1639 2291 1781 2355 576.
1868 2298 2014 2356 Ille

237 2412 511 2457 versus
571 2392 859 2474 Orphei
911 2393 1038 2454 vel
1080 2392 1611 2472 Empedoclis:
1669 2395 2013 2478 Namque

237 2491 574 2563 hominis
672 2492 1007 2570 sanguis
1104 2492 1813 2555 circumcordialis
1896 2506 2017 2557 est
2127 2519 2129 2523 ⁴

238 2611 525 2653 sensu&
609 2591 739 2653 Alii
780 2590 942 2653 huno
982 2610 1234 2654 versum

377 2701 510 2772 αἷμα
542 2703 639 2776 γὰρ
675 2702 972 2784 ἀνθρώποις
1006 2702 1328 2776 περικάρδιόν
1364 2705 1472 2760 ἔστι
1505 2702 1676 2774 νόημα

237 2804 604 2886 Empedocli
655 2806 947 2866 tribuunt.
1001 2825 1062 2869 v.
1106 2807 1304 2868 Sturz.
1346 2827 1408 2888 p.
1449 2807 1595 2869 442.
1648 2809 2014 2870 sententiam

239 2906 536 2985 pluribuS.
566 2926 626 2970 v.
649 2905 1055 2988 Kulenkamp.
1083 2907 1287 2968 Emm.
1311 2911 1378 2968 in
1404 2909 1613 2986 Etym.
1637 2927 1698 2987 p.
1722 2906 2009 2968 XXVIII.

240 3005 562 3067 Heindorf.
617 3007 698 3068 ad
739 3007 1046 3069 Phaedon.
1105 3028 1166 3089 p.
1210 3009 1311 3070 96.
1354 3010 1422 3071 Β.
1483 3007 1703 3068 Gatak.
1761 3008 1842 3068 ad
1881 3010 2010 3068 An-

243 3115 368 3166 ton.
410 3127 472 3188 p.
516 3108 616 3167 98.
663 3109 871 3168 Simili
910 3127 1113 3168 errore
1156 3109 1524 3172 scholiastes
1566 3109 1698 3169 MS.
1741 3109 1806 3169 in
1838 3108 2009 3190 Aph-

243 3208 438 3267 thonii
493 3208 703 3287 Progg.
759 3228 857 3289 ap.
914 3209 1094 3271 Gesn.
1154 3229 1213 3289 p.
1270 3209 1412 3271 411.
1467 3208 1729 3293 Ὀρφεὺς
1772 3210 1806 3272 ὃ
1858 3207 2006 3274 Οἰά-

244 3334 396 3393 γρου
442 3309 633 3392 φησὶν
677 3314 740 3374 ἐν
786 3308 984 3393 λόγοις
