2184 3840
271 235 400 299 844
802 254 1041 299 LIBER
1085 254 1511 300 SECUNDUS.

267 382 509 442 hostico⁴
546 380 815 443 domum
840 402 1162 457 revocare,
1219 386 1314 442 sin
1358 401 1532 443 secus
1577 383 2037 463 facerentfozp-

264 484 454 567 γυρὲᾳ
499 484 706 544 εὔλακι
751 481 1024 552 εὐλάξειν
1070 481 1342 557 Thucyd.
1395 482 1458 540 V.
1509 482 1603 542 16.
1661 481 1808 561 quid
1867 480 2037 540 aliud

266 591 446 662 quam
492 582 866 661 metaphora·
897 598 1043 639 usus
1088 583 1211 652 est,
1270 582 1412 646 trita
1454 581 1714 640 fortasse
1758 597 2041 640 sermone

263 682 581 762 populari,
640 690 747 738 aut
800 676 1206 738 tritis¹¹simili
1243 677 1336 759 [¹¹]
1392 690 1551 738 certe
1584 681 1687 739 -ad
1741 682 2034 759 interpre-

262 781 527 841 tandum
562 797 684 837 non
731 775 1115 849 difficillima,
1177 777 1257 835 ad
1301 792 1618 838 summum
1662 785 1752 839 ita
1795 797 2039 858 compa·

261 890 422 952 rata,
459 879 671 950 Δ11ῐρῡεί
698 874 923 957 ἳΡειιιΙῑΙο
967 877 1332 936 insolentius
1377 877 1466 935 ad
1501 897 1677 938 aures
1719 880 2037 937 hominum

261 976 582 1051 accida-et,-
621 977 736 1036 hoc
779 972 951 1057 quasi
996 978 1207 1036 aculeo
1254 960 1609 1055 languentes
1654 979 1893 1037 animos
1936 997 2039 1036 ex-

261 1080 475 1138 citaret
510 1087 722 1157 atque·
741 1079 1024 1155 erigeret3
1060 1076 1245 1156 quod
1300 1079 1506 1157 ipsum
1561 1079 1682 1136 nisi
1738 1076 1854 1136 deo
1913 1076 2039 1136 del·

260 1178 442 1259 phico
498 1178 886 1258 propositum
952 1177 1100 1250 fuit,
1158 1187 1226 1236 ut
1277 1171 1457 1257 putat
1499 1175 1881 1237 Jamblichus
1921 1173 2036 1258 [⁵]‚

261 1289 422 1338 certe
457 1295 578 1337 ‘sua
630 1287 879 1357 spontess
905 1284 1343 1357 consequutum
1402 1287 1510 1335 est.
1557 1300 1560 1303 ’
1611 1275 1888 1357 Namque
1934 1292 2039 1336 res

261 1381 350 1438 ita
407 1395 473 1438 se
527 1378 745 1450 habet,
796 1377 1126 1457 vquomodo
1183 1377 1604 1453 Hieronymus
1667 1376 1819 1435 dicit
1877 1377 2036 1456 Opp.

262 1476 323 1534 S.
357 1472 453 1533 'V.
511 1494 570 1555 p.
622 1478 758 1542 170.
790 1477 1274 1556 “utfaliquid
1328 1493 1475 1556 ‘per
1531 1476 2037 1554 allegoricam

257 1576 955 1652 significationem
975 1571 1420 1634 intimatum
1478 1576 1691 1654 plus
1703 1586 2040 1648 moveat,

258 1675 436 1754 plus
484 1674 872 1747 delectet,-
910 1675 1110 1754 plus
1167 1675 1630 1748 honoretur,
1699 1692 1916 1754 quam
1971 1677 2045 1734 si

256 1774 519 1834 verbis
589 1774 978 1854 propriis
1026 1774 1427 1832 diceretur
1513 1775 2039 1852 apertissime.

256 1873 675 1951 Alle'goricum
712 1885 917 1932 autem
966 1870 1237 1946 dicitur,
1263 1872 1560 1952 quidquid
1596 1890 1644 1931 a
1690 1873 1927 1949 vulgari
1979 1884 2040 1931 et

255 1974 553 2053 simplici·
590 1966 856 2032 ratione*
879 1970 1194 2032 deflexum
1252 1982 1375 2045 est3
1445 1991 1627 2051 quam
1703 1975 1876 2052 sequi
1929 1992 2040 2053 per

256 2073 465 2133 omnia
502 2092 620 2132 nec
662 2074 804 2133 licet
845 2092 956 2132 nec
998 2073 1149 2132 libet
1191 2091 1316 2131 non
1360 2072 1616 2131 eruditis
1672 2073 1874 2132 solum
1929 2073 2039 2132 sed

257 2190 343 2232 ne
389 2175 576 2250 vulgo
615 2173 896 2253 quidem.
922 2171 924 2173 ’
1001 2171 1245 2245 Quid?
1259 2173 1366 2231 ille
1423 2173 1683 2252 Gylippi
1737 2174 2039 2246 servulus,

256 2275 362 2353 qui
406 2273 672 2353 Ephoris
719 2272 812 2331 de
834 2269 1168 2332 imminuta
1205 2275 1439 2351 argenti
1479 2291 1728 2332 summa
1764 2262 2040 2351 satagen-

166 2403 172 2408 ·
255 2372 440 2432 tibus
459 2373 699 2446 locum,
765 2375 842 2430 in
886 2392 1008 2452 quo
1066 2373 1355 2432 dominus
1411 2375 1762 2452 pecuniam
1788 2375 2038 2434 atticam

256 2471 679 2531 absconditam
725 2471 1007 2546 habebat,
1060 2475 1148 2531 sie
1191 2472 1507 2533 indicavit·
1530 2482 1600 2530 ut
1644 2471 1876 2530 diceret
1917 2473 2036 2535 ὑπὸ

254 2581 343 2654 τῷ
386 2571 636 2655 κεράιιιῳ
679 2569 1077 2645 κοιτάζεσθαι
1131 2571 1358 2640 πολλὰς
1400 2580 1674 2656 γλαῦκας
1732 2571 2035 2631 Plutarch.

257 2673 328 2731 V.
374 2672 530 2749 Lys.
564 2693 614 2730 c.
655 2670 819 2730 XVI.
870 2669 1006 2729 151.
1055 2666 1122 2728 Τ.
1169 2670 1274 2728 III.
1318 2688 1521 2729 nonne
1566 2671 1824 2747 Pythiae
1865 2689 2038 2730 more

257 2772 565 2852 modoque
611 2771 898 2850 loquutus
944 2769 1074 2828 05th
1160 2770 1350 2849 Atqui
1393 2771 1499 2828 ille
1543 2780 1791 2848 argutus
1826 2773 2035 2851 potius

259 2891 440 2950 quam
487 2871 780 2930 obscurus
824 2868 1022 2930 videri
1069 2870 1282 2929 voluit.
1372 2870 1671 2930 Similiter
1723 2889 1864 2948 ergo
1923 2871 2036 2947 Py-

376 3039 442 3095 [h]
487 3041 720 3082 oraculum
760 3039 958 3096 Philippo
1010 3039 1168 3081 editum
1218 3038 1475 3098 Ἀργυρέαις
1518 3035 1674 3096 λιόγχα
1665 3051 1725 3081 σι
1763 3035 1915 3096 μάχου
1957 3042 2033 3081 καὶ

260 3095 651 3213 ζῐιιξὲέἑῗᾶραῖἕὲκτὴσει
651 3116 676 3147 ς
715 3104 920 3141 memorat
948 3098 1117 3145 Suidas.
1152 3096 1370 3155 Ἀργυρέα
1400 3093 1528 3154 λιμός
1558 3097 1786 3153 exponitur
1817 3112 1843 3139 a
1873 3098 2034 3139 Paroe—

378 3226 445 3285 [i]
479 3231 559 3285 Ap.
591 3230 714 3299 S'tob
746 3229 945 3273 LXXIX.
977 3224 1074 3270 471.
1121 3225 1143 3270 ὁ
1177 3227 1225 3270 ἐν
1257 3229 1455 3298 Δελφοῖς
1484 3227 1592 3277 θεὸς
1622 3224 1720 3272 οὔτε
1751 3230 1895 3285 λέγων
1931 3227 2030 3270 καθ’

256 3283 545 3359 Ηράκλειτον
576 3283 674 3330 οὔτε
706 3283 914 3344 κούπτων
943 3284 1054 3329 ἀλλὰ
1085 3289 1318 3357 σημαίνων
1347 3284 1424 3334 τὰς
1451 3289 1687 3356 μαντείας,
1705 3284 1890 3358 ἐχείρει
1919 3283 2034 3344 πρὸς

263 3343 541 3399 διαλεκτικὴν
571 3342 859 3402 ἀνερεύνησιν
887 3343 988 3393 τοὺς
1014 3342 1231 3398 ἐπηκόους
1261 3347 1350 3389 τῶν
1373 3346 1609 3402 χρησμῶν,
1643 3342 1717 3401 ὑφ’
1753 3345 1804 3396 ἧς
1826 3343 2029 3401 ἀμφιβο-

263 3407 309 3446 λ’
293 3420 336 3446 α
368 3406 439 3447 καὶ
474 3402 711 3461 ὁμωιυαία
742 3405 841 3461 ἔκρί
838 3409 999 3456 θησαν.
