2150 3814
210 186 338 246 960
751 195 983 240 LIBER
1027 198 1458 245 SECUNDUS.

330 375 332 378 -
375 331 570 392 XXV.
657 329 900 390 Nicetas
981 328 1108 408 (vel
1177 328 1436 410 Psellus)
1517 328 1855 391 Comment.
1923 337 1989 393 in

210 434 458 512 Gregor.
517 431 618 490 Or.
677 428 866 489 XLII.
930 426 1110 486 1731.
1154 427 1234 489 D.
1292 431 1356 488 si
1404 428 1705 511 Orpheo
1752 431 1989 492 credi-

207 552 367 595 mus
412 540 486 591 et
528 528 968 589 Platonicis
1012 534 1088 584 et
1130 526 1370 602 Lycio
1414 530 1991 610 philosopho..-

205 642 480 695 natura
525 629 650 688 dei
695 644 818 685 ars
862 624 1232 706 quaedam
1277 637 1407 687 est.
1453 627 1670 690 Cetera
1712 649 1838 689 non
1881 630 2011 699 ad-‚

203 733 401 794 scribo
449 731 594 808 quia
635 746 748 786 nec
791 725 869 785 ab
916 725 1165 806 Orpheo
1210 725 1375 787 dicta
1416 729 1738 803 videntur,
1792 750 1990 812 neque

202 831 459 907 intelligi
502 835 780 908 possunt.

373 928 601 990 XXVI.
691 924 994 1006 Cruquius
1051 925 1131 984 ad
1188 925 1406 986 Horat.
1462 928 1537 986 II.
1595 927 1710 986 Od.
1772 928 1868 990 19.
1924 950 1984 1010 p.

207 1032 346 1093 132.
390 1030 597 1091 Haec
641 1027 782 1087 ode
826 1027 1122 1107 scripta
1166 1036 1282 1086 est
1325 1026 1415 1087 ad
1461 1029 1989 1090 imitationem

202 1142 560 1195 veterum
603 1178 606 1180 ,
651 1135 1061 1209 poetarum
1144 1129 1269 1206 qui
1346 1127 1688 1207 Orphica
1763 1129 1987 1190 nobis

203 1233 650 1311 Ogygiaque
754 1234 1177 1308 praecepta
1285 1226 1792 1288 tradiderunt
1898 1229 1987 1290 de

203 1334 348 1394 deo
407 1340 481 1390 et
534 1326 847 1399 mundo,
904 1325 992 1385 de
1047 1327 1376 1386 honesta
1432 1329 1627 1400 vita,
1671 1328 1761 1387 de
1804 1349 1986 1408 poe-
2108 1344 2111 1346 ·

197 1436 319 1493 nis
389 1431 810 1511 impiorum
880 1425 1084 1506 apud
1139 1410 1441 1485 inferos
1498 1426 1814 1486 luendis
1873 1427 1986 1488 de—

199 1550 340 1612 que
383 1533 688 1611 piorum
733 1527 1125 1607 praemiis
1187 1526 1362 1586 Haec
1406 1544 1650 1606 quoque
1693 1529 1861 1613 ῧπαρ
1907 1547 1987 1589 an

196 1637 354 1717 ὄναρ
396 1631 504 1691 ille
546 1628 807 1700 viderit,
850 1627 1074 1685 nescio.

365 1730 622 1793 XXVII.
667 1726 1156 1790 Democritus
1203 1735 1275 1784 et
1312 1725 1660 1806 Orpheus
1697 1737 1772 1787 et
1804 1729 1984 1788 mul-

196 1836 261 1893 ti
315 1830 1019 1910 Pythagoricorum
1078 1825 1550 1885 coelestium
1605 1829 1820 1888 vires
1877 1830 1984 1888 in-

194 1935 691 2011 ferorumque
757 1935 1077 1986 naturas
1148 1924 1764 2001 diligentissime
1820 1948 1983 2009 per-

194 2034 532 2094 scrutati
590 2029 839 2089 omnia
895 2026 1128 2107 plena
1185 2024 1340 2085 diis
1402 2044 1568 2086 esse
1614 2025 1983 2088 dixerunt

195 2172 280 2179 —
316 2132 504 2192 deos
550 2139 803 2190 autem
845 2124 1239 2186 vocabant
1281 2126 1623 2185 virtutes
1670 2126 1981 2188 divinas

194 2231 557 2308 inrebus
617 2227 995 2298 diffusaS,
1063 2243 1245 2304 quas
1303 2225 1721 2286 Zoroaster
1776 2226 1981 2288 divi-

192 2352 327 2394 nas
384 2331 682 2403 illices,
742 2327 1121 2404 Synesius
1179 2325 1658 2402 symbolicas
1710 2327 1982 2387 illece-

194 2435 408 2506 bras,
454 2431 596 2490 alii
637 2432 850 2490 vitas
893 2425 1404 2484 nominabant
1444 2425 1722 2507 Agrippa
1747 2426 1978 2486 Occult.

194 2535 348 2594 Phil.
391 2534 439 2592 I.
488 2530 584 2590 14.
629 2548 690 2609 p.
740 2527 835 2586 19.

362 2630 650 2692 XXVIII.
735 2626 1152 2703 Longinianus
1220 2627 1288 2683 in
1347 2625 1463 2705 Ep.
1511 2625 1602 2706 ‚ad
1655 2625 1976 2705 Augustin.

192 2736 355 2817 Epp.
414 2726 807 2792 CCXXXIV.
863 2746 925 2806 p.
981 2725 1126 2787 641.
1184 2723 1253 2783 T.
1298 2726 1372 2784 II.
1418 2735 1727 2786 memorat
1768 2745 1976 2807 prae-

195 2843 426 2915 cepta
471 2829 809 2911 Orphica
854 2826 1226 2904 Tagetica
1270 2835 1344 2885 et
1388 2825 1977 2903 Trismegistica

194 2934 348 2993 diis
405 2928 863 3008 auctoribus
920 2936 1175 2999 enata,
1231 2924 1340 2985 sed
1386 2924 1465 2984 de
1506 2926 1755 2985 illorum
1799 2945 1974 3004 argu-

190 3034 416 3093 mentis
459 3032 612 3090 nihil
657 3030 820 3089 dicit.
1086 3076 1089 3078 .

360 3131 593 3192 XXIX.
677 3131 749 3190 In
803 3127 958 3189 Bibl.
1010 3125 1241 3185 Matrit.
1297 3145 1358 3205 p.
1414 3123 1555 3183 346.
1626 3134 1972 3183 recensetur

196 3234 378 3294 Sine
434 3231 677 3292 titulo
736 3230 1003 3290 brevis
1060 3247 1100 3286 n
1119 3227 1385 3285 otitia:
1442 3221 1891 3304 Σαχωνιάθων
1934 3224 1968 3285 ὁ

195 3333 466 3417 Βηρύτιο
471 3359 500 3402 ς
570 3332 683 3411 τὴν
752 3329 1069 3394 Φοινίκων
1123 3325 1459 3410 θεολογίαν
1515 3324 1804 3396 ἐξέδωκεν
1814 3371 1835 3397 ,
1890 3324 1968 3400 ἣν
