2150 3814
232 215 398 278 1258
795 229 1031 274 LIBER
1075 231 1441 277 TERTIUS.

224 363 338 432 τὰς
393 360 700 443 ὑπωρείας
756 367 869 422 τοῦ
909 358 1225 442 Ὀλύμπου
1241 380 1254 391 ·
1315 366 1371 426 οἱ
1414 365 1483 427 δὲ
1529 367 1704 449 ἱερεῖς
1744 365 2009 441 τούτων,

225 464 335 533 οὓς
391 461 906 531 ἅνακτοτελέστας
963 469 1215 524 καλοῦσι
1233 509 1254 535 ,
1310 466 1658 549 Καβείρους
1699 467 1847 537 τοὺς
1887 474 1957 529 K
1983 507 2013 514 -

224 561 543 645 ρύβαντας
585 568 917 632 καλοῦντες
959 562 1065 642 καὶ
1095 563 1342 641 τελετὴν
1367 567 1745 651 Καβειρι-κὴν
1778 591 2012 653 καταγ-

219 664 541 748 γέλλουσιν
556 683 570 698 ·
629 660 802 724 αὐτοὺ
858 662 981 748 γὰρ
1039 662 1082 724 ὃ
1081 661 1119 741 ὴ
1175 661 1387 726 τούτω
1436 666 1526 728 τιὸ
1571 667 2014 751 ἅδελφοκτόνω

219 762 333 841 τὴν
387 761 606 850 κίστην
621 809 639 834 ,
698 766 764 825 ἐν
818 758 858 842 ᾗ
908 762 984 825 τὸ
1043 762 1288 826 αἰδοῖον
1342 774 1456 829 τοῦ
1503 767 1816 832 Διονύσου
1863 771 2011 831 ἅπέ-

215 887 399 935 κειτο,
444 868 529 933 ἔίς
579 860 926 943 Τυῤῥηνίαν
970 862 1346 949 κατήγαγον,
1393 867 1602 930 αἰδοῖα
1646 869 1753 930 καὶ
1794 869 2012 948 κίστην

219 961 592 1045 θρησκεύειν
633 966 1123 1047 παρατιθέαενοι
1158 971 1514 1047 Τυρρηνοῖς,
1558 969 1637 1031 δι’
1653 995 1667 1008 ·
1681 970 1762 1049 ἣν
1805 969 2015 1032 αἰτίαν

218 1066 334 1128 οὐκ
389 1062 728 1136 ἀπεικότως
781 1066 896 1129 τὸν
940 1065 1256 1131 Διόνυσον
1297 1069 1525 1131 ”Αττιν
1567 1067 1981 1156 προςαγορεύε
1996 1108 2014 1116 —

223 1171 379 1230 σθαι
438 1167 733 1230 θέλουσιν
791 1166 1054 1230 αἰδοίων
1110 1170 1530 1249 ἐστερημένον.
1627 1167 1802 1229 Haec
1858 1169 2014 1228 San-

216 1269 451 1327 crucius
519 1266 599 1327 ad
666 1267 1094 1327 Samothracia
1148 1270 1447 1344 mysteria
1502 1270 1834 1330 transferre
1887 1288 2016 1329 non

217 1376 532 1429 cunctatur
575 1386 636 1447 p.
684 1364 784 1426 55.
830 1377 928 1426 un
971 1377 1195 1425 autre
1239 1387 1276 1427 o
1294 1368 1502 1447 bject
1557 1370 1690 1429 des
1733 1367 2014 1446 myste-

213 1488 336 1529 res
393 1467 485 1527 de
532 1467 1044 1526 Samothrace
1101 1467 1307 1527 etoit
1362 1469 1435 1527 la
1487 1479 1694 1528 mort
1727 1456 2011 1528 ¹cabiri-

216 1590 361 1651 que
429 1567 792 1628 celebree
861 1587 950 1627 en
1019 1569 1359 1648 quelque
1425 1579 1640 1628 sorte
1692 1587 1847 1650 *par
1900 1568 2013 1628 les

213 1672 481 1752 pleurs
565 1679 638 1728 et
693 1670 805 1729 les
878 1669 1434 1747 gemissemens
1506 1670 1642 1730 des
1709 1668 2013 1729 inities.

215 1769 313 1831 Ce
355 1790 445 1830 ne
489 1772 833 1851 pouvoit
881 1770 1050 1829 etre
1095 1789 1237 1851 que
1281 1772 1354 1830 la
1397 1781 1649 1831 morte
1693 1769 1789 1830 du
1832 1771 2015 1851 plus

205 1873 446 1951 jeune
518 1869 608 1930 de
677 1867 1036 1943 Cabires,
1127 1868 1552 1946 Cadmssle,
1620 1870 2011 1931 massacre

212 1994 256 2055 p
272 1992 351 2033 ar
407 1991 437 2032 s
451 1990 528 2031 es
586 1969 627 2029 d
642 1990 675 2029 e
690 1989 731 2029 u
747 1988 789 2030 x
827 1970 897 2029 fr
913 1965 946 2027 ὲ
962 1990 994 2029 r
1009 1989 1100 2030 es.
1188 1968 1366 2031 Unde
1410 1973 1797 2051 Boettigerus
1842 1968 2014 2031 colii-

213 2076 302 2152 git
343 2073 519 2132 illum
565 2071 735 2154 ἱερὸν
779 2069 987 2155 λόγον,
1033 2072 1139 2151 qui
1181 2073 1248 2130 in
1292 2072 1628 2132 liberorum
1662 2072 2013 2131 Fabrorum

213 2175 463 2235 secretis
519 2170 684 2232 tradi
742 2171 903 2232 solet
957 2170 1036 2230 de
1094 2173 1294 2231 occiso
1340 2171 1639 2249 Magistro
1685 2171 2012 2256 (Hieramo

214 2286 277 2335 et
321 2272 594 2351 Christo)
655 2291 842 2353 super
898 2281 993 2331 ter
1035 2273 1209 2332 mille
1253 2282 1396 2331 ante
1442 2291 1636 2332 annos
1680 2275 1746 2332 in
1792 2273 2013 2335 Samo-

211 2376 491 2436 thracum
561 2375 874 2451 mysteriis
929 2362 1326 2454 propositum
1384 2392 1517 2433 esse
1534 2394 1548 2433 :
1619 2370 1669 2433 C
1683 2393 1722 2434 a
1735 2392 1765 2434 s
1777 2393 1841 2434 m
1855 2373 1914 2435 il
1928 2392 1966 2432 o
1981 2391 2011 2432 s

213 2494 378 2538 war
420 2474 612 2534 nach
656 2475 872 2533 einer
915 2492 1080 2550 mys
1097 2475 1405 2534 tischen
1449 2474 1642 2553 Sage
1676 2473 2009 2534 erschla-

214 2639 286 2676 tur
327 2631 378 2674 le
390 2645 410 2673 s
452 2629 526 2673 lit
538 2644 559 2671 s
599 2628 773 2686 mysti
786 2642 813 2685 q
826 2641 923 2670 ues
963 2627 1022 2671 T.
1051 2629 1087 2670 Ι.
1127 2627 1228 2671 320.
1270 2634 1314 2671 et
1357 2630 1434 2672 hos
1474 2630 1682 2686 mysticos
1725 2630 1861 2673 lectos
1874 2664 1888 2685 ,
1934 2633 2008 2687 qui

214 2690 321 2734 nulli
351 2695 452 2733 sunt
492 2688 687 2740 omnino,
729 2687 910 2730 tertio
953 2687 1275 2730 Eleusiniorum
1307 2688 1376 2730 die
1406 2688 1642 2732 instructos
1670 2703 1767 2732 esse
1796 2695 1842 2732 et
1870 2689 2008 2746 virgi-

213 2751 393 2794 nitatem
419 2747 710 2805 Proserpinae
738 2745 955 2804 nupturae
985 2746 1252 2803 significasse
1283 2747 1425 2790 docet.
1457 2747 1510 2790 Id
1548 2747 1655 2790 nihil
1694 2747 1914 2791 haesitans
1936 2763 2007 2791 re-

214 2809 333 2867 cepit
372 2808 618 2851 Creuzerus
657 2803 715 2848 Τ.
741 2804 822 2848 IV.
859 2803 958 2849 526.
997 2806 1088 2862 jam
1130 2805 1354 2849 Hoeckius
1395 2806 1515 2848 Cret.
1558 2805 1616 2851 T.
1657 2806 1742 2850 111.
1785 2806 1887 2851 233.
1927 2823 2007 2865 pro

215 2872 433 2926 comperto
462 2869 637 2908 narratz
687 2863 796 2907 Das
824 2862 1138 2908 Brautbetrt
1167 2879 1244 2907 am
1275 2865 1492 2907 dritten
1524 2866 1683 2921 Tage
1713 2865 1813 2908 der
1840 2866 2008 2910 Eleu-

215 2928 411 2970 sinien
450 2926 632 2980 bezog
671 2920 789 2966 sich
840 2925 940 2966 auf
964 2922 1050 2966 die
1080 2924 1469 2980 Vermahlung
1508 2924 1601 2966 der
1639 2924 2007 2983 Persephone

214 2987 316 3030 mit
359 2985 479 3029 dem
519 2982 728 3027 Hade's.
788 2981 888 3025 Hoc
917 2995 1043 3025 unum
1073 2997 1098 3026 e
1128 2985 1320 3026 centenis
1350 2983 1588 3039 exemplum
1619 2988 1711 3036 est,
1756 2998 1840 3041 quo
1871 2986 2005 3043 ephe-

211 3046 294 3088 bos
336 3049 507 3087 nostros
561 3042 790 3085 admonere
849 3041 966 3084 volui
1015 3046 1064 3085 ut
1102 3041 1209 3084 nulli
1259 3043 1535 3086 scribentium
1587 3042 1862 3099 inexplorate
1904 3058 2000 3087 cre-

214 3105 320 3147 dant
349 3103 425 3146 sed
454 3101 623 3144 minime
653 3100 1054 3158 myster-iographis.
1114 3100 1260 3144 Cistas
1290 3103 1496 3158 mysticas
1526 3115 1648 3144 nemo
1677 3102 1878 3158 ignorat3
1933 3119 2005 3147 sa-

215 3159 382 3206 crorum
410 3159 636 3205 involucra
666 3160 877 3216 quomodo
907 3163 1138 3213 vocentur,
1175 3161 1304 3204 docet
1333 3159 1600 3217 Hesychius:
1637 3159 1925 3222 Ἰστριανίδες
1954 3165 2004 3206 αἱ

214 3221 430 3267 σκυθικαὶ
459 3218 616 3263 στολαὶ
645 3219 723 3261 καὶ
762 3217 889 3279 παρὰ
920 3218 1175 3274 Ἀθηναίοις
1212 3218 1266 3262 τὰ
1306 3216 1605 3277 σκεπάσματα
1645 3215 1713 3270 οἷς
1749 3218 2004 3266 ἐκάλυπτον

213 3279 269 3326 τὰ
297 3275 411 3340 ἱερά.
469 3278 569 3320 Illas
599 3276 848 3334 significant
876 3277 1159 3322 Grammatici
1198 3280 1245 3323 in
1274 3279 1483 3337 Excerpt.
1525 3278 1716 3322 Bekkeri
1755 3280 1918 3324 Anecd.
1958 3297 2000 3338 p.

215 3339 344 3384 1384.
385 3339 617 3382 ῗσπνιᾶται
645 3341 796 3396 σειραί
822 3339 912 3382 ὅσι’.Δ
932 3336 1173 3398 ’Ῑστριαναὶ
1203 3340 1344 3398 ζειραί
1380 3354 1413 3382 s.
1456 3343 1626 3397 σειραί,
1666 3344 1712 3382 et
1737 3337 1999 3401 Ἰστρηνίδες

213 3396 538 3455 (Ἰστριηνίδες)
565 3399 807 3441 Σκυθικαί.
