2184 3840
288 186 412 246 892
816 197 1050 241 LIBER
1095 198 1521 242 SECUNDUS.

288 347 444 408 quae
499 304 744 401 eadem.
801 331 853 388 si
898 348 935 388 a
976 330 1348 410 philosopho
1394 329 1736 391 dicerentur
1778 347 1905 389 non
1949 333 2053 391 ob-

286 428 552 489 lectandi
607 445 787 488 causa
843 427 953 487 sed
1007 429 1267 490 docendi
1310 439 1371 490 et
1414 430 1903 504 demonstrandi,
1951 430 2056 490 fri-

283 546 394 606 gus
438 528 737 587 afferrent.
824 526 982 588 Nam
1025 531 1340 608 utriusque
1383 531 1529 589 artis
1571 531 1847 607 regiones
1889 528 1980 585 ita
2022 545 2060 586 a

285 636 504 686 natura
558 626 852 685 discretae
906 638 1078 701 sunt,
1134 638 1204 687 ut
1255 646 1452 707 neque
1493 638 1744 708 poetam
1788 628 2057 686 feramus

283 728 775 785 ratiocinatorem
831 743 1026 805 neque
1076 727 1446 807 philosopho
1501 728 1713 802 liceat,
1759 746 1915 807 quae
1960 745 2058 785 co-

283 824 533 902 gitando
564 875 566 877 .
600 827 886 904 consequi
951 844 1075 884 non
1139 828 1368 907 possit,
1427 826 1781 886 mentiendo
1839 825 2058 885 adum-

283 924 476 983 brare
595 922 868 996 Quarum
930 946 1134 986 rerum
1203 926 1558 987 confusione
1614 934 1764 1006 quot
1821 925 2056 1004 opinio-

283 1041 431 1082 num
485 1033 771 1102 portenta
822 1034 970 1085 nata
1022 1028 1175 1099 sint,
1237 1027 1519 1110 exempla
1561 1025 2060 1108 praesentissima
2123 1105 2127 1110 '

283 1121 518 1182 docent.

1060 1357 1113 1437 ξ.
1205 1357 1299 1418 14.

451 1525 698 1584 Etenim
752 1527 807 1584 si
860 1528 995 1606 quis
1051 1527 1384 1588 secundum
1444 1527 1758 1606 Orpheum
1804 1535 2063 1585 ceteros-

285 1643 401 1703 que
464 1626 863 1702 mysticarum
918 1627 1284 1704 religionum
1339 1634 1679 1707 sequestres
1722 1627 1918 1684 vitam
1963 1643 2061 1684 su-

283 1726 646 1802 perstitione
705 1727 1015 1806 opplevit,
1070 1746 1393 1807 rerumque
1447 1727 1819 1787 naturalium
1872 1726 2062 1784 scien-

286 1824 437 1882 tiam
494 1823 574 1883 ad
630 1823 1081 1887 divinationem
1124 1828 1473 1900 revocavit,
1532 1830 1586 1885 is
1631 1833 1793 1884 certe
1836 1824 2061 1901 Pytha--

285 1942 462 2001 goras
518 1923 667 1997 fuit,
731 1926 902 2002 cujus
944 1926 1275 1986 fanaticam
1320 1929 1383 1986 in
1427 1925 1922 2006 philosophando
1966 1944 2061 1985 ra-

285 2025 517 2083 tionem
573 2034 634 2083 et
681 2034 914 2086 veteres
959 2026 1229 2087 cavillati
1272 2036 1414 2086 sunt
1427 2023 1500 2106 [¹]
1547 2035 1608 2084 et
1649 2025 1835 2085 hodie
1859 2035 2061 2085 osten-

287 2133 450 2197 tant,
505 2141 661 2203 quae
714 2125 772 2182 ei
828 2123 1208 2199 tribuuntur,
1268 2126 1657 2206 prodigiosae
1702 2136 1764 2184 et
1804 2126 2062 2206 inexpli-

287 2223 512 2282 cabiles
556 2226 896 2283 sententiae
940 2234 1121 2305 atque
1166 2244 1499 2304 congruum
1539 2226 1634 2285 his
1679 2224 1922 2294 dicendi
1963 2245 2063 2304 ge-

285 2342 400 2382 nus
455 2323 628 2384 velut
686 2344 764 2383 ex
818 2324 1010 2402 adyto
1070 2336 1131 2385 et
1186 2326 1446 2408 tripode.
1542 2320 1781 2387 Harum
1826 2335 2064 2386 senten-

287 2426 510 2482 tiarum
567 2433 753 2502 quota
804 2442 949 2503 pars
994 2424 1070 2484 ab
1113 2427 1223 2484 illo
1266 2428 1404 2506 ipso
1449 2427 1888 2504 Pythagoricae
1927 2426 2064 2506 phi-

288 2524 607 2603 losophiae
659 2525 936 2604 principe
990 2525 1267 2605 profecta
1321 2527 1434 2599 sit,
1500 2524 1841 2586 discernere
1895 2524 2062 2584 haud

285 2695 533 2764 terpretans
573 2688 779 2747 τοιαύτην
818 2690 941 2749 τινά,
997 2694 1159 2750 inquit,
1203 2698 1379 2747 παίζειν
1419 2693 1610 2738 παιδιὰν
1651 2693 1731 2738 τὸν
1769 2695 1932 2739 ἑαυτοῦ
1970 2696 2060 2737 Δία

285 2747 568 2821 ιΗροέκλειτος
595 2753 731 2809 λέγει,
759 2750 807 2794 id
835 2756 902 2794 est
941 2750 1270 2811 εὐφραίνεσθαι
1299 2757 1351 2815 τῇ
1379 2750 1596 2808 διοικήσει
1623 2768 1714 2798 των
1743 2755 1894 2796 καλῶν
1922 2753 1977 2795 cf.
2007 2753 2059 2799 P.

289 2810 423 2853 Petit.
465 2810 651 2854 observ.
693 2825 730 2854 c.
775 2809 979 2854 18.137.
1037 2811 1227 2856 Deorum
1270 2802 1337 2855 de
1355 2814 1501 2856 Marte
1544 2818 1589 2855 et
1627 2813 1795 2855 Venere
1834 2811 2061 2854 cachinnos

291 2868 436 2911 mundi
468 2869 865 2913 consummationem
893 2869 1139 2926 significare
1166 2871 1427 2916 Heraclidae
1455 2871 1645 2914 suboluit
1672 2886 1709 2912 c.
1738 2869 1809 2912 69.

411 2937 493 2996 [¹]
536 2939 774 3011 Σωκράτης
803 2939 1055 3016 φασμάτων
1084 2945 1160 2986 καὶ
1190 2944 1547 3014 δεισιδαιμονίας
1575 2943 1756 3011 ἕμπλεω
1778 2943 2061 3000 φιλοσοφίαν

294 2995 383 3040 ἀπὸ
415 2996 694 3060 Πυθαγόρου
726 3002 802 3044 καὶ
826 3000 1179 3060 Ἐμπεδοκλέους
1215 3000 1458 3059 δεξάμενος
1497 2994 1548 3044 εὗ
1584 2997 1675 3058 μάλ
1680 3017 1708 3043 α
1751 3003 2057 3070 βεβακχευμέ-

294 3070 379 3109 νην
419 3056 638 3101 Plutarch.
670 3060 782 3102 Gen.
813 3061 935 3103 Socr.
965 3059 1043 3103 IX.
1074 3060 1173 3103 312.
1216 3062 1272 3103 Τ.
1300 3061 1354 3104 Χ.
1392 3062 1671 3118 Pythagorae
1711 3074 1758 3102 τε
1737 3057 1938 3112 εατώδη
1976 3071 2058 3102 σο-

295 3117 409 3171 φίαν
438 3116 611 3170 sugillat
637 3118 874 3175 Xenophon
902 3120 948 3161 in
975 3116 1124 3175 Ep.1.
1157 3120 1211 3162 ad
1242 3120 1499 3175 Aeschin.p
1548 3118 1612 3160 17.
1657 3118 1723 3160 ed.
1799 3117 1890 3160 rell.
1935 3130 2058 3172 quem

295 3173 431 3215 locum
459 3177 677 3233 excerpsit
705 3177 968 3220 'lheodorea
999 3177 1188 3248 Therap.
1219 3178 1318 3221 XII.
1358 3194 1416 3248 Ρ.
1433 3177 1557 3220 1052.
1595 3181 1640 3219 et
1677 3176 1873 3218 Timonis
1912 3190 2059 3218 versus

297 3246 365 3317 ap.
395 3231 507 3274 Plut.
530 3233 584 3276 V
608 3236 735 3278 Num.
760 3252 796 3278 c.
821 3237 944 3280 VIII.
975 3234 1253 3297 Πυθαγόρην
1283 3237 1333 3282 δὲ
1362 3233 1523 3295 γόητας
1552 3232 1835 3279 ἀποκλίναντ
1870 3235 1946 3277 ἐπὶ
1974 3230 2056 3278 δό-

297 3296 395 3345 ξ,ας
442 3288 559 3351 θήρῃ
606 3293 672 3337 ἐπ’
723 3292 980 3354 ἀνθρώπων
1030 3298 1280 3356 σεμνηγορί
1270 3311 1329 3345 ας
1373 3290 1597 3354 ὀαριστήν.
1672 3293 1741 3336 Cf.
1790 3292 2054 3336 Doederlein.

299 3349 519 3393 Animadv
550 3350 603 3393 de
632 3351 803 3396 Thalet.
834 3358 878 3397 et
906 3355 1036 3410 Pyth.
1067 3369 1107 3411 p.
1141 3353 1235 3397 175.
