2150 3814
837 238 1292 282 oRPHICA.
1798 223 1964 287 1045

188 373 448 433 dictus
514 365 896 448 estquod
964 368 1042 427 in
1111 365 1325 425 bello
1382 364 1761 444 Giganteo
1819 387 1965 429 non

188 471 701 553 apparuisset
783 476 859 526 et
925 465 1319 550 (Jupiter)
1387 464 1771 526 credidit
1800 479 1964 529 eum

187 573 666 650 discerptum
745 585 785 658 a
858 566 1331 646 Gigantibus
1399 573 1478 625 et
1542 564 1749 626 dixit
1817 566 1964 627 heu

183 674 318 732 ion
385 666 578 753 (υἱόν)
646 666 727 727 id
799 678 921 727 est
984 668 1354 728 miserum
1410 653 1713 739 filium,
1799 666 1965 746 quod

179 769 419 852 paullo
461 767 639 833 aliter
705 766 867 827 Acro
926 776 991 827 et
1043 767 1246 828 Schol.
1306 763 1499 846 Cruq..
1542 764 1624 825 ad
1678 764 1832 826 Hor.
1887 767 1964 826 11.

180 870 297 931 od.
365 869 474 930 XI.
546 867 643 928 17.
741 868 988 929 Evius
1057 867 1292 927 Liber
1356 866 1584 926 Pater
1640 864 1965 940 dicitur,

180 969 385 1051 quod
456 963 686 1049 quum
751 967 864 1027 dii
930 967 1215 1028 bellum
1272 984 1434 1026 cum
1492 965 1964 1055 Gigantibus

178 1078 572 1150 gererent,
653 1070 733 1128 in
800 1067 1100 1126 leonem
1167 1054 1600 1125 conversus
1671 1053 1965 1124 occidit

180 1172 622 1248 Gigantem,
679 1185 768 1225 ex
823 1183 970 1245 quo
1026 1164 1237 1229 facto
1281 1159 1603 1245 Jupiter
1647 1182 1812 1223 eum
1854 1165 1965 1223 ita

177 1269 540 1346 laudavit
607 1264 675 1330 εὖ
742 1266 866 1345 υἱέ,
937 1265 1077 1328 hoc
1152 1273 1268 1325 est
1339 1263 1529 1325 bene
1602 1263 1750 1323 fili.
1808 1271 1966 1344 'quac

173 1380 314 1430 utut
354 1371 598 1448 inepta,
657 1375 871 1426 tamen
924 1374 989 1424 et
1032 1366 1326 1425 Scholion
1368 1365 1614 1425 Barocc.
1658 1364 1970 1424 illustrant

173 1481 582 1548 veteremque
627 1467 1188 1548 interaspirationis
1246 1463 1752 1525 consuetudinem
1797 1483 1966 1527 novo

177 1568 583 1649 comprobant
626 1567 910 1647 exemplo
932 1561 1019 1647 [Ἴ.

345 1669 446 1729 De
490 1667 846 1727 nominibus
892 1667 1103 1744 Hyes
1148 1675 1210 1726 et
1252 1665 1464 1726 Attis
1508 1665 1660 1725 haec
1691 1661 1967 1725 notanda

176 1770 483 1833 videntur.
527 1766 757 1828 Anecd.
800 1766 992 1826 Bekk.
1040 1787 1098 1848 p.
1144 1767 1287 1826 202.
1318 1769 1496 1845 Ἄτης
1537 1767 1680 1846 ὕης,
1735 1765 1806 1826 τὸ
1850 1763 1968 1846 μὲν

176 1873 289 1951 ῧης
355 1867 523 1941 υἱός,
577 1867 649 1929 τὸ
705 1865 777 1932 δὲ
833 1869 983 1946 ἄτης
1038 1866 1191 1937 θεὸς
1245 1865 1588 1948 Σαβάζιος.
1636 1867 1839 1927 ’Ἀλλοι
1898 1861 1968 1926 δὲ

175 1971 328 2050 ⁰an
367 1970 483 2033 τὸν
527 1965 843 2031 Διόνυσον
875 2004 961 2013 ·-
993 1962 1104 2030 ὗσε
1147 1954 1271 2051 γὰρ
1319 1965 1679 2050 ἀμβροσίαν
1724 1966 1810 2027 ἐπ’
1859 1965 1970 2027 ati-⁴

174 2078 266 2153 τῷ
321 2071 354 2133 ὃ
414 2067 604 2142 Ζεύς,
662 2065 828 2148 quod
884 2067 1148 2126 fortasse
1205 2068 1413 2125 fictum
1471 2087 1506 2125 e
1549 2067 1800 2124 nomine
1846 2061 1971 2121 diei

174 2170 318 2229 festi
366 2156 740 2253 Ἀμβροσία,
794 2185 919 2247 >quo
976 2165 1382 2225 Athenienses
1437 2166 1732 2225 Liberum
1775 2164 1971 2222 hono-

173 2278 407 2331 rarunt.
462 2287 525 2329 v.
581 2268 790 2344 Etym.
845 2265 929 2325 M.
987 2285 1034 2326 s.
1089 2262 1425 2346 Ληναιών,
1485 2274 1593 2324 aut
1646 2265 1790 2344 quia
1845 2279 1972 2320 una

175 2371 486 2428 nutricum
530 2367 864 2428 Ambrosia
907 2365 1072 2426 dicta
1113 2364 1446 2442 Pherecyd.
1482 2385 1544 2445 p.
1586 2361 1725 2424 115.
1770 2361 1970 2423 Nonn.

174 2469 345 2530 XXI.
402 2470 503 2529 20.
564 2469 669 2529 vel
725 2467 1135 2527 assimilatum
1196 2475 1291 2525 est
1333 2465 1521 2524 imbri
1565 2483 1787 2538 aureo,
1849 2480 1970 2542 quo

173 2567 417 2650 Jupiter
470 2586 596 2627 non
649 2568 850 2627 solum
906 2567 1167 2626 Danaae
1221 2565 1332 2625 sed
1391 2567 1581 2638 etiam
1637 2565 1973 2624 Alcmenae

176 2669 524 2731 divinitatis
582 2687 732 2728 suae
787 2667 973 2727 fidem
1031 2667 1180 2726 fecit
1237 2666 1412 2725 Pind.
1467 2655 1678 2726 Isthm.
1734 2664 1867 2723 VII.
1912 2662 1970 2722 6.
2073 2678 2080 2685 ·

173 2771 461 2847 Dionyso
517 2768 880 2849 Euphorion
934 2787 1176 2848 quoque
1218 2767 1335 2826 hoc
1378 2785 1603 2825 nomen
1647 2765 1865 2823 tribuit
1905 2764 1973 2821 in

180 2870 381 2962 Schol.
425 2869 596 2930 Arat.
659 2870 797 2929 172.
853 2869 965 2951 ‘'qu
1007 2869 1425 2951 ταυροκέρωτι
1468 2864 1758 2947 Διονύσῳ
1802 2865 1971 2926 κοτέἈ

182 2990 361 3034 σασα.
450 2968 614 3030 Juno
659 2970 921 3043 scilicet,
978 2980 1048 3030 ut
1094 2971 1228 3048 jam
1275 2968 1424 3026 olim
1472 2965 1633 3040 dixi,
1688 2966 1972 3046 privigno

184 3183 643 3288 gffioejgxad1pmt'
675 3184 890 3243 Apophth.
923 3184 988 3227 Re
965 3199 1032 3240 e.g
1067 3198 1107 3240 p.
1144 3182 1266 3225 1071.
1309 3179 1362 3223 τὰ
1399 3174 1509 3224 [cvra
1551 3182 1653 3223 urbs
1690 3178 1972 3223 Macedoniae

304 3325 383 3384 [ί]
430 3329 586 3373 Latina
623 3329 693 3373 Eu
695 3331 751 3387 hy
754 3330 819 3373 dri
787 3345 918 3381 ιιιι,ιι
960 3330 1030 3371 Eu
1034 3329 1086 3371 he
1063 3343 1145 3371 enu
1210 3332 1255 3369 et
1296 3326 1382 3369 alia
1421 3327 1508 3369 aeff
1510 3332 1610 3370 runt
1652 3326 1874 3370 Munckcr.
1918 3323 1971 3365 ad

191 3385 356 3442 Hygi-n
388 3399 429 3442 p
459 3385 529 3429 81.
570 3388 848 3432 Scihnedeir
853 3389 1002 3431 nGra
1018 3403 1100 3431 n.m
1134 3387 1234 3429 Lat.
1268 3386 1302 3430 Ι.
1337 3384 1436 3427 192.
