2150 3814
220 184 383 246 1346
773 193 1010 239 LIBER
1053 193 1422 239 TERTIUS.

217 329 592 410 Porphyrius
636 346 735 407 ap.
778 326 1001 387 Euseb.
1031 326 1141 388 ⁴⁴Pr.
1186 325 1302 388 Ev.
1342 325 1412 385 L.
1455 325 1558 385 ΠΙ.
1603 344 1650 386 c.
1692 328 1752 387 7.
1795 347 1856 409 p.
1881 330 1981 390 98.

215 429 584 508 multiplices
638 445 964 508 corporum
1015 424 1582 487 mathematicorum
1599 424 1613 437 “
1637 426 1988 488 similitudi-

215 544 325 587 nes
368 545 713 607 exponens,
770 528 1059 587 circulum
1103 527 1295 586 aeoni
1350 535 1769 587 consecratum
1804 527 1989 602 -dicit,

220 645 440 687 conum
485 627 636 701 soli,
692 636 892 687 terrae
949 625 1328 704 cylindrum,
1388 636 1588 710 σπορᾷ
1631 627 1701 692 δὲ
1742 652 1848 690 και
1879 652 1992 713 γε·-

219 729 380 791 νέσει
437 726 684 809 φάλητα
738 752 845 790 και
893 728 965 790 τὸ
1009 726 1318 812 τρίγωνον
1361 735 1591 808 σχῆμα
1608 728 1713 791 διὰ
1757 728 1834 791 τὸ
1873 726 1993 850 μό-

221 851 359 909 ριον
398 834 508 906 τῆς
549 827 802 907 θηλείας
832 824 932 909 [¹¹].

389 925 658 1004 Trigono
701 926 1066 1006 subjungam
1110 924 1308 985 multo
1350 925 1651 997 illustrius
1703 934 1996 1008 pentago-

218 1041 366 1084 num
410 1026 919 1105 Pythagoricum,
964 1024 1133 1106 quod
1176 1024 1563 1085 delineat-unt
1605 1025 1873 1086 Solanus
1912 1025 1999 1085 ad

223 1123 472 1186 Lucian.
517 1146 634 1208 pro
687 1127 842 1211 laps.
901 1125 954 1206 ξ.
1000 1123 1057 1185 5.
1113 1145 1176 1206 Ρ.
1220 1123 1365 1185 589.
1421 1125 1491 1185 T..
1534 1125 1658 1184 111..
1699 1135 1761 1184 et
1812 1123 1997 1203 hujus

221 1227 552 1286 immemor
607 1226 986 1286 Villoisonus
1028 1225 1300 1302 Prolegg.
1342 1223 1531 1284 Hom.
1573 1243 1652 1304 p.
1677 1223 1819 1284 XX.
1858 1223 2000 1284 Hoc

218 1325 560 1403 pentalpha
610 1343 650 1384 a
703 1326 1102 1403 Pythagoreis
1143 1325 1384 1409 ὑγίειαν
1425 1333 1716 1385 vocatum
1759 1333 1821 1383 et
1862 1324 2002 1386 vul-

222 1442 298 1498 go
343 1422 630 1482 amuletis
686 1434 748 1484 et
789 1426 996 1484 numis
1036 1425 1394 1501 insignitum
1441 1440 1572 1482 esse
1615 1440 1661 1481 a
1697 1424 1849 1483 viris
1892 1422 2004 1482 do-

225 1523 336 1581 ctis
380 1524 629 1604 saepius
674 1523 1038 1584 adnotatum
1082 1534 1174 1584 est
1200 1541 1278 1585 ν.
1320 1522 1539 1582 Marm.
1601 1518 1786 1585 Taur.
1841 1521 1914 1581 T.
1954 1524 2001 1582 Ι.

220 1641 282 1701 Ρ.
327 1622 470 1682 221.
547 1623 638 1683 Le
690 1623 922 1702 Moyne
977 1623 1145 1685 Nott.
1199 1624 1268 1682 in
1323 1621 1496 1681 Varr.
1559 1621 1723 1684 Sacr.
1777 1640 1840 1702 p.
1881 1623 2003 1682 87.

221 1740 312 1801 sq.
400 1723 636 1783 Pierius
703 1723 1111 1804 Hieroglyph.
1185 1741 1233 1782 c.
1284 1722 1389 1782 47.
1448 1741 1510 1803 Ρ.
1568 1722 1668 1780 31.
1753 1720 2004 1782 Eckhel.

221 1821 436 1881 Doctr.
480 1823 662 1883 Num.
707 1825 778 1883 T.
821 1825 897 1883 Π.
939 1843 1001 1903 Ρ.
1044 1822 1188 1884 476.
1222 1817 1331 1902 [⁵].
1427 1820 1554 1880 Sed
1595 1821 2006 1902 explicatione

225 1932 403 1997 egent
481 1941 638 2002 quae
718 1922 1027 1981 Gesnerus
1102 1921 1360 1980 Luciani
1426 1921 1563 1979 loco
1643 1920 2001 2002 adscripsit:

226 2017 650 2093 „Ceterum
707 2022 999 2081 mansit
1059 2021 1541 2100 superstitio
1607 2022 1814 2080 inter
1871 2019 2005 2081 Ju-

226 2114 466 2179 daeos
510 2131 585 2179 et
619 2119 1141 2194 Christianos3
1187 2119 1601 2178 Germania
1641 2123 2006 2201 superior

227 2221 593 2300 appellat
668 2222 1198 2298 Pentagonum
1266 2219 1471 2279 illud
1541 2219 1689 2279 den
1759 2221 2007 2281 Drui-

228 2320 640 2399 denfuss“.
781 2318 979 2399 Cujus.
1062 2320 1498 2400 appellationis
1592 2317 1822 2400 duplex
1918 2321 2007 2380 af-

227 2516 361 2559 ficare
390 2517 532 2573 potuit
560 2516 617 2560 ob
656 2514 970 2567 similitudinem
1007 2515 1138 2558 litera
1176 2518 1382 2568 Gramma,
1430 2515 1542 2561 unde
1584 2517 1760 2586 Lipsius
1797 2517 1908 2562 Exc.
1950 2517 2006 2561 ad

228 2575 569 2619 Ann.x111.2.
613 2575 885 2618 Suetonio
925 2578 1255 2631 gammatam
1296 2587 1504 2617 manum
1547 2575 1750 2618 restituit.

348 2631 423 2690 [ΙΙ]
477 2634 623 2677 Minus
650 2633 875 2689 vulgatum
905 2639 973 2675 est
1011 2632 1127 2688 quod
1154 2631 1364 2674 Proculus
1402 2633 1450 2674 in
1490 2633 1606 2677 Tim.
1636 2633 1688 2675 L.
1717 2633 1776 2678 H.
1807 2631 1908 2676 138.
1952 2633 2006 2676 de

228 2692 541 2748 diagrammate
571 2691 755 2748 quodam
785 2705 1008 2747 cosmogra
1039 2690 1137 2734 hico
1166 2691 1329 2743 refert3
1379 2694 1465 2734 εἴτε
1507 2707 1571 2740 τις
1610 2689 1723 2749 μήτε
1766 2691 1844 2735 ἕνα
1883 2693 2005 2764 λέγει

228 2750 308 2795 τὸν
338 2749 514 2820 κόσμον
541 2749 653 2809 μήτε
685 2749 916 2821 ἀπείρους
928 2748 1040 2792 ἄλλα
1077 2743 1272 2798 πολλοὺς
1299 2751 1376 2793 καὶ
1386 2754 1783 2820 πεπερασμένους
1820 2773 1878 2781 -—
1917 2748 2006 2805 ήδη

227 2805 400 2860 ἥκουσα
432 2807 563 2864 δόξης
588 2811 860 2879 βαρβαρικῆς
890 2804 946 2863 ἢν
974 2804 1318 2882 Πλούταρχοςι
1301 2804 1536 2882 ἱστόρησεν
1565 2806 1589 2852 ὁ
1622 2804 1858 2880 Χερωνεύς
1893 2809 2004 2864 (sic)

230 2869 282 2911 ἓν
311 2869 380 2912 ἑνὶ
408 2866 612 2940 τριγώνῳ
642 2847 918 2940 ἰσοπλεύρῳ
934 2863 1046 2910 κατὰ
1084 2866 1171 2925 μὲν
1207 2865 1257 2910 τὸ
1297 2871 1441 2940 μέσον
1482 2882 1520 2910 ει
1508 2863 1597 2910 ναι
1635 2864 1685 2910 τὸ
1724 2863 1887 2921 νοητὸν
1927 2870 2006 2910 καὶ

230 2925 331 2968 καθ’
366 2924 557 2980 ἑκάστην
584 2924 803 2997 πλευρὰν
814 2924 918 2984 παρ’
962 2927 1123 2995 ἐκείνῳ
1156 2921 1358 2996 κόσμους
1392 2922 1618 2996 ἑξήκοντα
1643 2926 1720 2968 καὶ
1757 2923 1857 2967 καθ’
1901 2922 2006 2970 ἑκά

232 2997 341 3038 στην
369 2989 543 3042 γωνίαν
571 2986 651 3029 ἕνα
681 2981 909 3034 τοιούτους
943 3001 981 3028 ο
968 2986 1064 3033 ‘'ovs-
1102 2980 1126 3027 ὃ
1160 2980 1283 3056 ἡμᾶς
1297 2988 1544 3057 περιέχων
1584 2980 1689 3032 ὥςτε
1730 2978 1848 3026 εἶναι
1886 2988 2006 3056 τρεῖς

233 3040 461 3114 ἡγεμόνας
479 3046 555 3087 καὶ
576 3048 695 3117 τρεῖς
715 3040 931 3098 ἑξήκοντα
961 3039 1122 3092 ἄλλους
1149 3039 1221 3086 ὑπ’
1256 3041 1430 3093 αὐτούς·
1473 3040 1886 3112 ᾑγεμονικωτέρους
1912 3041 2004 3110 γὰρ

233 3099 337 3150 τοὺς
374 3100 626 3161 γωνιακοὺς
666 3104 757 3146 τῶν
803 3103 1082 3171 πλευρικῶν,
1140 3115 1318 3158 quorum
1355 3117 1434 3144 nec
1471 3101 1518 3143 in
1556 3101 1739 3157 integris
1779 3100 2004 3144 Plutarchi

236 3159 358 3203 libris
398 3162 555 3204 mentio
597 3165 664 3204 est
701 3174 839 3217 neque
867 3160 912 3203 in
939 3160 1191 3216 fragmentis
1222 3174 1248 3202 a
1278 3159 1616 3216 Wyttenbachio
1649 3158 1858 3202 collectis.

354 3216 420 3275 [ἱ]
474 3221 558 3262 His
588 3233 725 3276 nuper
754 3219 936 3262 accessit
964 3219 1158 3275 Langius
1187 3219 1232 3261 in
1260 3218 1477 3275 Bottigeri
1505 3217 1734 3275 Ephemer.
1775 3216 2002 3260 Archaeol.

237 3276 296 3318 T.
324 3275 360 3318 I.
401 3292 444 3334 p.
480 3277 551 3320 56.
610 3279 704 3321 Nos
744 3292 856 3334 quae
893 3278 1137 3334 scripsimus
1175 3278 1352 3333 primum
1392 3277 1510 3322 edita
1543 3282 1644 3321 sunt
1682 3276 1738 3320 ad
1776 3275 2002 3319 indicenda

236 3335 440 3380 solemnia
469 3336 633 3381 XVIII.
664 3336 861 3381 Januarii
876 3334 1248 3381 MDCCCXXIX.
