2150 3814
843 207 1293 279 oRPHICA.
1797 193 1952 257 1091

171 345 374 424 Atque
417 343 564 410 haee
604 353 885 415 sagatum
929 353 1068 403 cum
1090 334 1296 406 Diana
1339 336 1702 397 commercia
1738 337 1952 414 religio

174 441 519 503 Christiana
559 456 683 497 non
724 437 969 516 penitus
1013 435 1277 495 sustulit.
1323 432 1461 506 Jam
1507 432 1741 510 dudum
1786 434 1951 507 Wje-

171 546 299 603 rius
355 541 432 600 de
485 537 772 614 Praestig.
829 555 890 616 p.
950 532 1092 594 235.
1151 555 1186 593 e
1242 531 1470 594 Concil.
1527 534 1751 612 Ancyr.
1795 535 1952 593 hunc

170 643 370 704 locum
426 620 662 702 attulit}
733 633 1128 708 Quaedam
1197 636 1633 695 sceleratae
1690 634 1952 694 mulie-

166 759 286 799 res
329 748 540 797 retro
583 745 762 816 post
805 718 1167 811 Satanan}
1213 755 1636 799 conversae
1679 771 1764 806 -r
1809 754 1951 794 cre-

166 838 355 898 dunt
409 857 489 897 se
557 846 632 896 et
698 837 1196 917 profitentur
1264 837 1679 894 nocturnis
1736 827 1950 894 horis

166 958 332 999 cum
387 939 646 1006 Diana
699 955 1182 1017 paganorum
1241 934 1385 994 dea
1429 944 1504 992 et
1546 937 1952 1003 innumera

163 1037 676 1105 multitudine
750 1038 1109 1115 equitare
1181 1054 1316 1118 per
1387 1033 1758 1112 quasdam
1827 1035 1952 1093 be-

162 1135 482 1218 stias[¹].
567 1135 807 1204 Eadem
843 1138 929 1201 ‚in
970 1134 1299 1214 Augustini
1342 1132 1502 1192 libro
1546 1135 1953 1215 suppositicio

164 1237 242 1306 de
294 1237 525 1298 Anima
583 1245 644 1294 et
699 1235 935 1318 Spiritu
991 1235 1112 1312 legi
1172 1233 1352 1292 docet
1415 1233 1953 1309 Buonarotti„.0s-
2017 1282 2019 1286 Α

161 1355 322 1406 serv.
384 1355 431 1394 S.
477 1320 607 1395 alc.
643 1321 807 1394 Med.
863 1355 923 1414 p.
978 1335 1080 1394 46.
1135 1352 1394 1413 eamque
1451 1320 1952 1415 superstitionem

161 1457 196 1495 e
242 1437 406 1496 cultu
452 1437 692 1495 Dianae
745 1433 1068 1504 Ἱπποσόας
1127 1445 1325 1493 ortam
1370 1443 1566 1513 putat.
1656 1433 1780 1494 Sed
1825 1443 1953 1509 tam

161 1537 340 1614 longe
402 1555 707 1595 arcessere
749 1553 876 1594 non
923 1553 1078 1614 opus
1124 1543 1234 1594 est.
1325 1534 1385 1594 S.
1430 1535 1742 1603 Maximus
1786 1534 1953 1592 Tau-

158 1639 324 1696 rinas
380 1639 448 1696 in
505 1636 702 1701 Serm.
757 1623 1012 1701 XXXII.
1068 1636 1172 1714 qui
1230 1633 1307 1693 de
1361 1634 1547 1695 idolis
1605 1633 1953 1696 auferendis

160 1736 238 1795 de
263 1738 550 1821 ‘propriis
584 1734 1078 1814 possessionibus
1107 1735 1482 1793 inscribitur:
1531 1734 1764 1806 Quum
1813 1734 1954 1792 cel-

161 1837 305 1902 lam
350 1822 756 1913 ingresSus
799 1835 1085 1906 fueriS,
1130 1836 1481 1912 reperies
1526 1837 1604 1892 in
1663 1815 1953 1914 capal-

158 1937 409 1994 lentes
467 1937 812 2014 cespites
868 1943 1370 2013 mortuosque
1430 1917 1805 1992 carbones
1868 1970 1950 1979 —-

157 2037 226 2096 si
270 2035 363 2094 ad
397 2018 658 2112 agrum
703 2019 1230 2113 processeris⁹
1277 2036 1535 2092 cernis
1582 2053 1754 2093 aras
1799 2034 1952 2111 lig-

161 2154 345 2194 neas
403 2143 476 2193 et
531 2133 963 2192 simulacra
1019 2133 1336 2211 lapidea
1392 2168 1474 2179 --
1531 2153 1753 2212 quum
1812 2152 1956 2191 ma-

162 2236 420 2297 turius
464 2232 945 2311 vigilaveris
991 2241 1064 2289 et
1108 2231 1410 2291 videris
1456 2234 1806 2291 saucium
1851 2234 1955 2292 vi-

162 2354 256 2395 no
300 2335 712 2405 rusticum,
767 2340 900 2391 aut
954 2331 1422 2391 Dianaticus
1453 2331 1546 2412 [¹¹¹]
1607 2342 1740 2391 aut
1783 2351 1956 2391 aru-

163 2452 353 2513 spex
397 2443 528 2494 est.
601 2434 967 2492 Insanum
1012 2433 1214 2503 enim
1258 2450 1534 2491 numen
1579 2442 1955 2514 amentem

162 2534 368 2594 solet
422 2532 708 2601 habere
761 2531 1234 2612 pontificem
1293 2569 1376 2578 -—
1435 2531 1652 2593 Talis
1712 2551 1956 2592 sacer-

163 2633 299 2698 dos
356 2643 583 2715 parat
636 2651 714 2693 se
768 2634 949 2695 vino
1006 2629 1098 2691 ad
1152 2631 1424 2711 plagas
1482 2631 1634 2691 deae
1677 2651 1828 2691 suae
1872 2667 1957 2676 —-

166 2744 283 2804 est
362 2737 431 2793 ei
513 2733 995 2795 adulterinis
1077 2733 1490 2791 criniculis
1557 2733 1956 2791 hirsutum

165 2815 400 2914 caput
433 2871 516 2879 ——
559 2835 856 2893 ferrum
902 2841 1184 2910 gestat,
1227 2834 1294 2891 in
1337 2833 1663 2891 Muratorii
1687 2832 1953 2891 Raccolt.

166 2933 237 2992 T.
270 2933 371 2992 IV.
418 2944 480 2993 et
525 2932 807 2994 Galland.
854 2933 1011 2992 Bibl.
1058 2933 1127 2994 T.
1166 2932 1274 2991 IX.
1310 2932 1454 2991 401.
1503 2931 1653 3004 Quis
1697 2932 1797 2991 hic
1830 2949 1955 2990 non

162 3033 584 3095 Bellonarium
641 3044 748 3094 aut
807 3034 1141 3094 fanaticum
1200 3031 1278 3090 de
1323 3030 1474 3090 aede
1517 3032 1778 3110 Magnae
1821 3030 1955 3090 Ma·-

286 3218 350 3275 [l]
402 3236 440 3262 v.
470 3220 622 3263 Baluz.
657 3220 847 3277 Capitul.
888 3219 945 3261 T.
977 3219 1037 3262 ΙΙ.
1071 3216 1174 3260 365.

290 3303 377 3359 [¹¹¹]
421 3305 563 3349 Diana
593 3311 637 3350 et
666 3307 813 3350 ebrius
843 3307 1001 3349 crudus
1041 3306 1133 3363 qui
1166 3304 1390 3347 divinat
1421 3309 1617 3347 rotans
1649 3319 1761 3347 cum
1800 3304 1953 3358 ligno

171 3361 400 3404 bifurco
440 3372 726 3410 memorantur
753 3366 798 3409 in
828 3367 1011 3408 obscuro
1044 3363 1337 3407 Commodiani
1367 3362 1460 3406 loco
1490 3364 1692 3407 Instruct.
1727 3378 1764 3406 c.
1803 3362 1868 3404 19.
