2184 3840
796 223 1246 266 onpnch.
1784 218 1909 277 867

124 354 471 412 inchoatum
514 370 644 412 esse
674 351 908 430 primiS,
953 351 1056 429 qui
1087 369 1271 429 quum
1299 354 1388 412 ita
1412 363 1765 430 statuerent,
1806 379 1906 419 re—

124 471 258 512 rum
306 452 607 511 vocabula
650 450 958 509 naturalia
1001 467 1132 508 esse
1177 463 1238 510 et
1283 472 1357 512 ex
1402 455 1663 513 veritate
1708 454 1906 530 ducta,

126 569 495 629 consequens
538 560 668 608 erat
713 557 802 621 ut,
849 567 969 628 qua
1012 548 1089 608 de
1136 569 1319 612 causa
1363 552 1631 632 quidque
1674 556 1762 614 ita
1801 575 1907 636 ap-

123 650 453 729 pellaretur
510 650 817 729 explicata
873 651 1141 709 nominis
1198 653 1429 729 origine
1472 653 1724 732 planum
1770 655 1907 715 red-

124 748 267 808 dere
311 759 690 809 conarentur.
768 751 930 828 Ergo
977 768 1196 830 corpus
1240 752 1571 813 humanum
1619 763 1907 834 corrupto

122 868 274 908 sono
333 858 514 931 σῶμα
570 849 691 909 dici
751 851 1107 922 voluerunt,
1168 851 1330 930 quod
1378 864 1538 911 esset
1582 854 1773 913 animi
1815 872 1908 914 se-

121 949 280 1028 pulti
323 951 499 1028 quasi
544 958 740 1031 σῆμα,
797 950 1056 1008 Loxiam
1102 960 1307 1009 autem
1354 951 1431 1009 ab
1479 970 1551 1009 eo
1598 951 1762 1030 quod
1806 962 1909 1017 zo*

121 1050 231 1127 ξὴν
276 1047 380 1112 ῑάν
423 1051 695 1120 mitteret
739 1059 799 1107 et
843 1059 1042 1108 cetera
1085 1049 1455 1126 hujusmodi.
1545 1050 1701 1122 Sed,
1760 1069 1908 1130 quo-

122 1150 288 1208 niam
334 1147 578 1207 difficile
621 1157 753 1209 erat
797 1150 1071 1210 omnium
1117 1147 1447 1208 verborum
1487 1149 1687 1209 dicere
1720 1152 1909 1209 ratio-

122 1266 262 1320 neS,
323 1245 608 1324 Cratylus
650 1247 757 1306 ille
802 1248 1269 1326 Pythagoricus,
1327 1267 1504 1327 quem
1552 1249 1727 1308 Plato
1772 1269 1910 1329 per-

120 1349 392 1426 stringit,
446 1349 843 1427 potissimum
887 1348 1137 1409 divinae
1182 1348 1428 1407 dialecti
1472 1349 1907 1428 speciminibus

119 1449 350 1507 insistit
393 1448 471 1507 ab
516 1447 790 1508 Homero
835 1448 1119 1527 proditiS,
1164 1448 1330 1528 quod
1373 1451 1602 1507 nemini
1649 1448 1907 1508 dubium

122 1566 255 1606 esse
297 1551 515 1627 possit,
562 1549 712 1609 deos
755 1548 1109 1609 nominibus
1154 1550 1246 1608 uti
1290 1550 1386 1620 iis,
1433 1567 1591 1627 quae
1640 1551 1909 1608 maxime

123 1649 246 1706 sint
311 1625 603 1728 quusque
668 1651 760 1708 rei
830 1650 1113 1728 propria,
1187 1667 1464 1728 quaeque
1535 1649 1775 1726 optima
1849 1658 1910 1707 et

123 1750 663 1826 praestantissima.
706 1747 919 1826 Neque
961 1749 1236 1808 novitios
1282 1746 1551 1816 demum,
1595 1754 1665 1803 ut
1696 1746 1910 1806 Astius

123 1856 326 1925 putat,
373 1847 898 1924 PythagoreoS,-a
942 1847 1199 1907 deorum
1245 1846 1506 1905 dialecto
1553 1855 1910 1934 argumenta

126 1944 371 2006 duxisse
426 1948 528 2008 vel
587 1946 953 2025 Pherecydis
1009 1948 1366 2007 testimonio
1413 1954 1681 2018 constat,
1727 1964 1911 2025 quem

126 2046 434 2125 Diogenes
491 2048 720 2108 dixisse
774 2048 961 2106 refert
1017 2049 1111 2111 ὅτι
1157 2051 1214 2110 οἱ
1256 2047 1397 2109 θεοὶ
1439 2045 1554 2125 τὴν
1597 2032 1911 2127 τράπεζαν

127 2148 386 2228 θυωρὸν
443 2155 716 2210 καλοῦσι.
821 2147 921 2206 De
977 2166 1096 2226 quo
1154 2146 1416 2226 probare
1472 2163 1596 2202 non
1653 2163 1910 2223 possum

129 2245 292 2323 quod
338 2245 618 2306 Sturzius
661 2247 924 2324 scripsit,
968 2245 1322 2325 philosophi
1366 2243 1730 2303 sententiam
1773 2262 1910 2323 per-

130 2363 306 2404 verse
347 2355 661 2425 acceptam
706 2364 856 2419 esse,
901 2365 1162 2424 eumque
1205 2363 1329 2403 non
1373 2342 1711 2422 quamlibet
1741 2361 1911 2402 men-

126 2460 259 2502 sam
315 2446 564 2502 nomine
618 2443 873 2526 θυωρός
926 2445 1260 2522 significare
1317 2442 1593 2502 voluisse
1649 2442 1757 2501 sed
1804 2461 1909 2501 an-

128 2542 390 2602 clabrem
435 2543 607 2603 Pher.
652 2544 751 2602 Fr.
796 2563 857 2623 p.
902 2544 1002 2603 89.
1049 2548 1133 2623 (p.
1178 2542 1306 2623 83.)
1349 2541 1508 2603 Nam
1553 2542 1670 2601 hoc
1704 2549 1908 2601 sumto

126 2643 365 2702 nullum
421 2643 619 2704 divini
673 2654 735 2704 et
790 2644 1045 2703 humani
1101 2645 1400 2703 sermonis
1445 2642 1772 2702 discrimen
1815 2659 1908 2697 re-

132 2743 444 2823 linquitur,
488 2762 674 2824 quum
702 2743 971 2827 ,θυωρός
1013 2746 1078 2803 in
1123 2744 1362 2821 vulgari
1391 2760 1633 2821 quoque
1657 2758 1910 2800 consue-

130 2898 285 2941 Glauci
316 2903 455 2942 autem
484 2876 622 2942 herba
651 2899 797 2943 divina
825 2905 969 2942 tantus
998 2890 1066 2942 est
1096 2905 1315 2942 auctorum
1357 2878 1586 2940 consensus
1624 2901 1672 2938 ut
1700 2895 1780 2938 ‘vel
1824 2894 1906 2953 hoc

132 2958 452 3001 aestimantibus
481 2965 692 3015 appareat
731 2958 964 3015 rejicienda
998 2961 1099 3000 ‘esse
1141 2972 1251 3014 quae
1293 2956 1438 2999 Schol.
1479 2955 1591 2997 Plat.
1636 2969 1677 3010 p.
1708 2953 1807 2996 421.
1851 2952 1905 2995 de

131 3017 250 3058 fonte
279 3016 613 3060 immortalitatis
642 3024 816 3070 narrat3
857 3031 996 3074 neque
1025 3016 1099 3058 illa
1137 3030 1276 3058 annua
1314 3015 1498 3057 lamenta
1539 3012 1725 3068 antiquis
1757 3012 1901 3053 Grae-

133 3073 196 3116 cis
236 3075 440 3118 exaudita
476 3076 610 3118 fuisse
652 3077 852 3120 arbitror.
927 3075 1127 3118 ceterum
1184 3076 1235 3117 de
1279 3073 1488 3128 Polyido,
1537 3071 1732 3123 Glauco,
1785 3068 1903 3141 TJ¹⁰

135 3131 334 3176 Maeonio
365 3133 515 3177 fabula
545 3133 717 3188 eadem3
749 3135 855 3191 Tyli
883 3134 1132 3178 medicinam
1163 3134 1340 3176 Nonnus
1363 3130 1497 3174 XXV.
1529 3128 1628 3172 526.
1679 3132 1789 3177 Διος
1817 3140 1903 3172 αν-

134 3193 215 3239 θος
243 3198 395 3245 vocat,
435 3191 652 3237 Xanthum
680 3193 849 3250 Lydum
882 3208 1081 3250 sequens,
1124 3198 1172 3234 ut
1212 3196 1332 3248 patet
1364 3202 1389 3232 e
1419 3189 1528 3232 Plin.
1571 3187 1708 3230 XXV.
1750 3186 1791 3229 5.
1832 3185 1907 3228 ubi

137 3248 268 3291 herba
299 3250 443 3294 balis
472 3251 641 3308 (Etym.
673 3252 736 3296 M.
768 3252 866 3296 186.
895 3251 990 3308 33.)
1020 3252 1143 3294 homo
1175 3249 1398 3305 Thylen
1427 3247 1680 3290 nominatur.
1738 3244 1904 3288 Eadem

135 3306 315 3350 fortasse
355 3315 421 3352 est
468 3310 687 3354 Baaras
726 3311 976 3368 prodigiosa
1015 3311 1160 3367 planta
1201 3322 1310 3363 quae
1351 3306 1572 3349 daemonia
1612 3304 1791 3361 expellit
1832 3302 1906 3344 Jo-

137 3364 251 3419 seph.
281 3365 389 3408 Bell.
421 3368 519 3411 Jud.
550 3369 648 3411 VII.
680 3369 724 3411 6.
750 3368 790 3412 3.

1448 3439 1488 3495 6
1535 3441 1567 3479 *
