2150 3814
764 219 1334 265 sAMo’anAmA.
1764 209 1928 270 1303

141 354 319 434 Spec.
376 352 454 413 11.
499 350 747 428 Quaest.
803 349 977 410 Scen.
1034 367 1096 428 p.
1142 349 1267 426 20.)
1327 347 1405 408 ab
1465 366 1539 407 eo
1595 347 1929 413 Herculem
2026 375 2029 378 ’

141 455 590 514 carminantem.
623 449 1042 510 introductum
1080 467 1238 508 esse.
1321 448 1532 529 Neque
1573 440 1932 511 incredibile

140 553 390 616 videtur
446 570 589 623 eos,
651 551 758 631 qui
814 547 1117 630 Cercopes
1176 548 1255 609 ab
1309 548 1578 609 Hercule
1634 550 1714 610 ob
1771 552 1905 611 face

143 656 263 714 tias
307 653 596 712 dimissos
639 660 703 710 et
747 649 1094 730 Omphalae
1136 649 1518 710 condonatos
1564 669 1698 711 esse
1740 654 1932 733 scrip-

139 762 385 826 serunt,
455 749 721 812 eandem
780 751 858 811 iis
913 752 1286 830 imposuisse
1351 769 1684 830 personam
1746 771 1932 833 quam

136 855 204 911 in
246 870 459 930 regum
504 851 663 910 aulis
707 851 858 913 olim
901 868 1150 910 scurrae
1195 851 1610 913 obtinuerunt.
1682 854 1932 913 Etenim

138 952 288 1031 Agis
331 952 439 1010 ille
481 953 617 1013 sive
655 950 911 1029 Agesias
939 953 1044 1032 [¹¹¹]
1089 951 1316 1011 nobilis
1349 953 1512 1010 inter
1539 953 1935 1036 Ἀλεξανδρο-

137 1051 435 1127 κόλακας,
513 1070 707 1132 quum
773 1071 884 1112 rex
950 1069 1196 1111 scurrae
1265 1050 1590 1127 cujusdam
1663 1054 1932 1113 verniles

142 1152 475 1212 blanditias
517 1153 799 1231 praemio
843 1150 1053 1229 amplo
1099 1161 1586 1224 remunerasset,
1639 1170 1753 1230 per
1794 1169 1935 1230 spe-

140 1254 298 1310 ciem
344 1249 758 1330 exprobrandi
787 1248 1059 1309 domino
1104 1249 1437 1309 vaferrime
1480 1250 1769 1311 adulatus
1813 1261 1935 1326 est3
1981 1250 1983 1252 ’

137 1371 282 1412 nam
326 1352 766 1428 interrogatus.
795 1345 874 1409 ab
933 1367 1008 1408 eo
1038 1347 1214 1428 quid
1272 1351 1787 1427 stomacharetur,
1839 1371 1936 1411 re-

139 1451 396 1532 spondit
451 1452 738 1536 ὁμολογῶ
784 1452 1109 1531 ἄχθεσθαι
1164 1451 1271 1513 καὶ
1327 1452 1707 1537 ἀγανακτεῖν
1763 1453 1935 1536 ὁρῶν

139 1554 305 1634 ὑμᾶς
358 1552 506 1623 τοὺς
558 1555 625 1614 ἐκ
675 1551 826 1622 Διὸς
878 1548 1215 1637 γεγονότας
1270 1550 1523 1624 κόλαξιν
1569 1551 1935 1637 ἀνθρώποις

137 1653 245 1715 καὶ
285 1651 766 1739 καταγελάστοις
811 1652 1180 1734 χαίροντας·
1238 1653 1345 1716 καὶ
1386 1654 1510 1738 γὰρ
1556 1654 1589 1718 ὅ
1628 1655 1933 1738 Ἡρακλῆς

137 1753 435 1837 Κέρκωψί
489 1776 615 1817 τισι
667 1754 774 1817 καὶ
828 1758 1152 1830 Σειληνοῖς
1208 1754 1240 1815 ὅ
1289 1752 1598 1824 Διόνυσος
1652 1757 1932 1837 ἐτέρπετο

138 1855 244 1915 καὶ
285 1853 456 1934 παρὰ
503 1853 602 1915 σοὶ
643 1851 906 1922 τούτους
957 1852 1113 1915 ἰδεῖν
1158 1856 1327 1917 ἐστιν
1370 1854 1935 1937 εὖὸοκιμουμένους

138 1953 442 2013 Plutarch.
487 1951 565 2011 de
607 1951 793 2012 Adul.
857 1961 920 2011 et
973 1951 1114 2012 Am.
1157 1952 1357 2014 Discr.
1402 1953 1627 2016 XXVI.
1679 1956 1817 2015 195.
1863 1955 1933 2016 Τ.

138 2053 270 2116 VH.
330 2054 503 2132 cujus
562 2053 707 2113 dicti
751 2055 894 2115 vim
938 2056 1176 2113 acutius
1222 2057 1447 2115 sentiet
1491 2058 1597 2135 qui
1640 2059 1938 2125 memine-

138 2156 222 2213 rit
262 2172 436 2231 reges
491 2151 896 2212 Macedoniae
951 2154 1029 2213 ab
1089 2153 1358 2214 Hercule
1425 2167 1487 2215 et
1539 2156 1764 2216 Libero
1822 2157 1936 2217 Pa-

140 2265 235 2312 tre
267 2256 340 2332 [¹¹]
400 2272 591 2332 genus
649 2251 934 2328 duxisse,
993 2254 1159 2314 unde
1214 2275 1461 2315 scurrae
1513 2256 1608 2316 illi
1665 2257 1746 2317 ad
1794 2258 1936 2317 Phi-

139 2356 382 2434 lippum
427 2364 490 2414 et
531 2353 956 2417 Alexandrum
1004 2357 1175 2417 velut
1215 2358 1358 2436 jure
1413 2356 1786 2417 hereditario
1833 2357 1936 2418 de-

139 2455 386 2515 fluxisse
429 2454 722 2516 videntur
747 2456 842 2537 [⁰].

310 2555 594 2635 Denique
639 2553 983 2637 Cercopum
1027 2574 1256 2616 nomen
1296 2559 1467 2638 ipsas
1514 2559 1702 2618 etiam
1745 2557 1937 2618 Athe-

140 2674 253 2716 nas
304 2655 675 2716 translatum
731 2666 841 2715 est.
928 2657 1291 2718 Eustathius
1350 2678 1411 2738 p.
1463 2659 1643 2719 1430.
1700 2656 1802 2718 35.
1857 2657 1936 2738 ἦν

141 2757 245 2832 δὲ,
290 2756 480 2840 φασὶ,
524 2755 632 2820 καὶ
674 2755 874 2843 ἀγορὰ
918 2756 1275 2841 Κερκώπων
1324 2758 1623 2840 Ἀθήνῃσι
1668 2758 1932 2838 πλησίον

137 2857 412 2928 Ἡλιαίας
465 2860 628 2921 ἔνθα
689 2858 768 2921 τὰ
821 2865 1160 2942 κλοπιμαῖα
1218 2851 1609 2925 ἑπωλοῦντο·“
1663 2867 1936 2923 τοιοῦτοι

91 3044 95 3048 ⁴
144 2957 269 3043 γὰρ
314 2960 372 3020 ὸὶ
407 2960 732 3043 Κέρκωπες
774 2959 1178 3044 περιᾴδονται
1220 2961 1471 3024 κλέπται
1514 2961 1621 3024 καὶ
1661 2969 1936 3043 πανοῦρ-

268 3141 374 3198 [¹¹¹]
429 3142 538 3199 Agis
567 3158 594 3187 a
624 3143 779 3187 Curtio
809 3151 993 3189 vocatur
1022 3152 1067 3189 ct
1096 3146 1309 3198 Arrian03
1341 3147 1522 3191 cundem
1551 3147 1742 3204 Agesian
1773 3136 1799 3191 u
1828 3148 1933 3191 Plu—

147 3199 299 3244 tarcho
331 3215 370 3244 c.
401 3198 470 3245 36.
501 3203 711 3247 nominari
740 3203 1052 3249 Freinsheimio
1083 3204 1295 3248 assentior
1325 3206 1381 3248 ad
1413 3206 1537 3250 Curt.
1567 3207 1693 3251 VIII.
1722 3206 1764 3250 5.
1795 3208 1838 3251 8.

269 3258 334 3314 [¹¹]
383 3274 428 3303 v.
460 3260 661 3318 Satyrum
691 3277 762 3319 ap.
793 3263 949 3307 Justin.
979 3279 1017 3308 c.
1049 3264 1221 3321 Tryph.
1250 3279 1292 3321 p.
1323 3264 1424 3309 355.

269 3317 337 3374 [ο]
390 3333 432 3360 v.
463 3318 655 3376 Floegel'.
687 3321 951 3368 Geschichte
980 3324 1059 3367 der
1088 3324 1335 3368 Hosnarrcn
1364 3339 1406 3383 p.
1440 3324 1535 3368 114.
1596 3326 1662 3369 De
1704 3325 1851 3370 Medio
1892 3340 1931 3367 v.

151 3378 457 3434 wyttenbach.
490 3378 545 3422 ad
573 3379 690 3423 Plnt‘.
719 3396 762 3438 p.
791 3379 892 3426 503.
