2150 3814
825 215 1280 265 ournlcs.
1398 255 1401 258 ⁴
1815 205 1941 268 975

160 356 428 418 sedecim
472 352 839 433 tragicorum
881 350 1070 409 series
1113 366 1152 408 a
1190 348 1397 428 primo
1434 346 1711 427 Epigene
1752 362 1945 428 usque

162 457 245 518 ad
304 456 641 535 Thespius
672 450 738 510 in
792 468 926 529 >qua
992 450 1104 510 vix
1160 447 1438 507 vdubitari
1496 456 1733 528 potest,
1797 450 1993 527 quin·

164 557 386 626 Arion,
453 555 558 632 qui
620 569 662 610 a
731 549 967 609 Tzetza
1025 548 1296 627 Tragicis
1355 548 1825 621 adnumeratur,
1883 557 1946 606 et

161 657 302 715 huic
343 653 576 713 similes
631 652 740 711 alii
802 651 1084 710 collocati
1137 650 1382 710 fuerint.
1476 648 1780 729 Equidem
1836 667 1945 708 ve-

158 773 298 814 reor
356 773 434 812 ne
497 752 605 811 ille
659 750 967 831 Epigenes
1026 750 1351 826 Sicyonius
1410 750 1740 809 cothurnos
1792 767 1944 808 suos

157 854 236 914 ab
280 853 694 932 Anagraphae.
732 851 1062 929 Sicyoniae
1105 860 1315 910 sutore
1358 850 1679 929 acceperit,
1723 850 1944 930 choros

159 955 594 1031 Sicyoniorum
638 953 899 1031 tragicos
941 949 1299 1022 recordato,
1359 951 1464 1028 qui
1519 950 1674 1008 mihi
1728 968 1767 1008 a
1822 959 1945 1010 tra-

158 1053 377 1133 goedia
421 1061 661 1112 tantum
715 1051 931 1111 abesse
987 1049 1280 1111 videntur
1331 1057 1628 1128 quantum
1683 1047 1946 1126 Aegine-

156 1164 362 1213 tarum
400 1152 584 1234 χοροὶ
626 1152 913 1234 κέρτομοι
954 1168 995 1208 a
1018 1147 1375 1208 comoedia.
1430 1146 1750 1221 Arionem,
1794 1148 1943 1230 Epi-

153 1271 369 1330 genem
415 1260 479 1310 et
504 1251 677 1309 ¹alios
734 1248 1036 1330 quosdam
1096 1250 1360 1327 tragicos
1411 1249 1643 1328 partim
1695 1249 1945 1309 fictitios

154 1336 453 1413 adversus
496 1350 841 1428 Bentlejtrm
896 1348 1200 1430 ‘produxit
1253 1348 1694 1427 Francogallus
1748 1348 1946 1429 Vatry

155 1453 336 1511 Rech.
379 1471 486 1511 sur
540 1452 725 1529 l’orig.
783 1449 862 1509 de
918 1451 980 1509 la
1035 1450 1213 1527 Trag.
1268 1451 1333 1508 in
1387 1450 1573 1509 Mem.
1632 1450 1815 1510 Inscr.
1874 1450 1944 1510 T.

154 1552 289 1611 XV.
344 1572 403 1631 p.
449 1549 592 1611 255.
648 1569 956 1630 genusque
1000 1549 1314 1629 quoddam
1363 1549 1742 1628 Tragoediae
1782 1552 1946 1628 ,lyri-

154 1670 264 1712 cae
306 1663 450 1711 ante
493 1652 765 1732 Thespin
811 1652 1082 1728 viguisse
1111 1651 1355 1724 statuit3
1402 1669 1587 1733 quam
1640 1651 1945 1728 conjectu-

152 1772 286 1812 ram
343 1753 688 1812 Boeckhius
745 1750 1244 1830 exquisitioribus
1299 1751 1675 1827 argumentis
1731 1751 1944 1808 confir·

154 1873 324 1913 mare
369 1853 623 1912 studuit.
711 1850 942 1910 Verum
985 1850 1092 1909 ille
1135 1851 1460 1936 τραγῳδὸς
1492 1858 1759 1920 παλαιᾶς
1792 1875 1945 1934 τρα-

152 1954 387 2040 γῳδίας
442 1955 508 2012 in
556 1950 1067 2032 Inscriptionibus
1109 1961 1491 2010 memoratus
1535 1969 1662 2009 non
1705 1950 1945 2028 majore

145 2055 287 2132 jure
328 2056 489 2112 inter
533 2053 826 2130 Tragicos
867 2052 1162 2124 refertur,
1218 2070 1402 2131 quam
1457 2049 1650 2110 Jason
1705 2061 1945 2128 tragoee

155 2154 273 2213 dus
340 2154 718 2225 Trallianus,
783 2153 890 2231 qui
956 2170 1143 2230 quum
1212 2149 1420 2211 Crassi
1486 2160 1670 2230 caput
1728 2150 1953 2210 Arsaci*

154 2255 503 2327 afferretur,
573 2250 893 2332 Euripidis
957 2251 1226 2311 Bacchas
1295 2250 1579 2311 cantabat
1651 2249 1942 2326 Polyaen.

154 2355 287 2415 Vll.
349 2353 451 2413 41.
516 2354 675 2413 Plut.
740 2350 813 2411 V.
881 2349 1081 2412 Crass.
1142 2350 1432 2411 XXXIV.
1489 2350 1635 2410 460.
1746 2348 1943 2410 Ludis

154 2455 443 2536 Ephesiis
509 2452 831 2534 Euripidis
897 2451 1116 2511 fabula
1173 2453 1285 2511 Ino
1339 2453 1407 2510 in
1481 2469 1725 2510 scenam
1769 2466 1943 2510 com-
1998 2438 2000 2441 ¹

154 2557 349 2616 missa
416 2553 702 2613 Philostr.
758 2552 832 2613 V.
901 2551 1109 2632 Apoll.
1175 2552 1244 2611 L.
1314 2550 1447 2629 VII.
1519 2549 1576 2611 5.
1647 2551 1792 2610 283.
1848 2549 1944 2611 id-

151 2674 271 2736 que
312 2657 380 2714 in
421 2653 585 2714 ludis
639 2653 855 2724 aulicis
910 2672 1121 2731 regum
1169 2650 1576 2732 Cypriorum,
1633 2651 1944 2716 Parthiam

152 2773 291 2816 rum
351 2755 739 2833 aliorumque
802 2762 865 2812 et
917 2755 982 2812 in
1051 2754 1311 2812 Graecia
1368 2755 1510 2832 ipsa
1576 2742 1942 2831 spectaculis

155 2855 488 2937 oppidanis
555 2853 934 2929 factitatum,
1003 2854 1323 2932 multoque
1387 2852 1635 2931 saepius
1694 2877 1942 2938 τραγῳ-

155 2956 306 3026 δοὺς
362 2955 663 3025 παλαιοὺς
726 2954 768 3012 i.
826 2973 878 3012 e.
946 2954 1178 3017 παλαιὰ
1234 2951 1528 3035 δράματα
1586 2950 1944 3039 εἲςοίγαντας

156 3054 536 3114 introductos
602 3073 738 3114 esse
805 3071 988 3134 quam
1048 3050 1303 3123 καινούς
1357 3051 1649 3111 credibile
1709 3061 1803 3112 est
1856 3052 1937 3112 ob

159 3171 460 3215 minam
521 3164 849 3235 poetarum
916 3157 1283 3234 tragicorum
1338 3153 1730 3232 paucitatem.
1816 3152 1938 3213 Lu-

161 3254 373 3314 cianus
421 3255 745 3315 Demosth.
806 3254 1060 3315 Encom.
1117 3253 1172 3335 ξ.
1229 3253 1331 3313 27.
1383 3252 1454 3315 τὸ
1504 3252 1632 3336 »μὲν
1690 3252 1937 3333 ποίησιν

157 3352 380 3432 καινὴν
420 3362 648 3428 ποιεῖν,
703 3355 1036 3438 κωμῳδίας
1093 3354 1130 3434 ἢ
1180 3351 1534 3438 τραγῳδίας
1576 3354 1937 3417 ἐκλέλειπται
