2184 3840
243 198 368 259 872
772 209 1005 254 numa
1049 209 1473 255 SECUNDUS.

243 339 612 401 ferculorum
655 357 999 412 sacrorum,
1043 339 1151 398 illa
1193 338 1702 417 pontificalia
1746 348 2014 414 myste-

242 440 426 515 ria„
462 458 684 517 magna
741 437 1046 499 industria
1099 437 1339 514 collegit
1393 436 1702 497 Arnobius
1758 437 1827 497 L.
1885 437 2015 498 VH.

244 557 399 620 quae
456 540 666 599 omnia
723 557 796 597 ea
849 538 1173 597 vetustatis
1228 535 1501 615 robigine
1556 536 1818 596 obducta
1860 547 2020 609 sunt,

241 648 314 702 ,ut
367 657 465 703 ex¹
499 639 652 717 ipsis
709 635 1111 714 Pompilianis
1166 631 1643 714 indigitamentis
1700 635 2022 715 depromta

246 736 587 813 videantur.
668 733 923 808 Graecis
980 734 1231 812 hujusce
1283 737 1518 813 generis
1579 739 1757 816 copia
1800 736 2020 807 minor,

245 835 355 907 sed
398 837 452 894 si
495 832 575 900 ad
619 852 1006 893 communem
1049 833 1338 913 loquendi
1381 834 1879 901 consuetudinem
1929 854 2020 897 re-

247 934 406 993 feras
421 976 440 1006 ‚
485 927 700 993 eadem
742 933 1072 1005 insolentia
1116 942 1179 992 et
1223 934 1582 1005 enormitas,
1627 933 1905 1012 pluribus
1949 954 2026 993 ex

249 1034 467 1094 causis,
551 1031 836 1113 Namque
902 1033 1236 1094 multorum
1303 1019 1742 1097 vocabulorum
1758 1072 1799 1105 ,ι
1842 1050 2027 1112 quum

246 1152 392 1193 usus
445 1131 727 1214 publicus
780 1135 1164 1194 intermissus
1209 1141 1399 1205 esset,
1445 1133 1631 1191 etiam
1652 1183 1655 1187 .
1675 1132 1880 1192 forma
1921 1131 2027 1192 ob-

246 1232 503 1306 solevit,
547 1233 737 1306 sicut,
782 1233 932 1312 quid
973 1232 1166 1318 πηγός
1209 1232 1536 1310 significet,
1582 1231 1729 1310 quid
1771 1231 2028 1313 μίστυλ-

248 1340 346 1405 λα,
390 1329 931 1412 ᾳυίᾷοῦλοχύται,
975 1343 1221 1414 praeter
1266 1331 1480 1391 doctos
1522 1332 1831 1398 neminem
1874 1333 2028 1391 scire

247 1440 506 1491 testatur
557 1430 812 1492 Strattis
866 1431 1086 1492 Athen.
1140 1432 1248 1492 IX.
1307 1431 1450 1491 383.
1506 1430 1580 1491 A.
1666 1431 1750 1490 Et
1791 1429 1872 1491 ad
1914 1431 2032 1492 hoc

247 1529 566 1590 desuetum
625 1531 813 1609 genus
868 1532 1131 1591 fortasse
1185 1533 1495 1611 pertinent
1549 1532 1734 1592 etiam
1778 1533 2033 1592 nomina

249 1632 394 1712 ἔρση
439 1640 504 1689 et
544 1630 771 1714 σίφνις.
831 1630 1061 1699 Moeris
1106 1650 1166 1710 p.
1217 1629 1356 1690 141.
1409 1629 1769 1714 Ἑῤῥηφόροι
1811 1634 1877 1694 αἱ
1916 1631 2031 1710 τὴν

249 1728 484 1812 δρόσον
538 1731 839 1814 φέρουσαι
880 1738 955 1810 τῇ
995 1730 1217 1812 Ἕρσῃ,
1283 1748 1402 1809 quo
1446 1731 1513 1789 in
1555 1731 1692 1790 loco
1727 1731 2034 1794 accusati-

251 1846 400 1889 vum
468 1828 702 1913 δρόσον
772 1830 1091 1890 Sallierius
1152 1837 1214 1887 et
1267 1828 1594 1890 Piersonus
1649 1830 1797 1890 ferri
1849 1848 2035 1910 posse

248 1939 497 2007 negant3
544 1929 764 2010 quibus
809 1929 1158 1989 adsentiens
1181 1927 1673 2010 Kulenkampius
1717 1929 1797 1990 ad
1823 1929 2033 2007 Etym.

251 2028 334 2088 M.
395 2049 458 2109 p.
514 2029 659 2089 762.
714 2029 828 2109 τὴν
884 2029 1134 2111 πομπὴν
1188 2037 1472 2092 τελοῦσαι
1515 2027 1822 2088 emendat.
1909 2027 2037 2088 Sed

249 2125 483 2209 δρόσου
551 2130 801 2188 nomine
868 2129 975 2190 ille
1028 2130 1161 2188 sine
1219 2128 1409 2188 dubio
1468 2129 1721 2189 inferias
1775 2127 2036 2206 intelligi

250 2226 519 2301 volebat,
566 2246 735 2308 quaS‚
778 2236 848 2287 ut
891 2229 1105 2287 ceteris
1149 2228 1436 2287 heroibus
1479 2228 1887 2307 heroinisque,
1946 2228 2037 2286 ita

250 2328 440 2386 etiam
495 2326 733 2388 Hersae
790 2326 967 2387 datas
1024 2346 1158 2387 esse
1214 2327 1380 2387 credi
1432 2346 1546 2409 par
1589 2335 1711 2403 est;
1753 2336 2036 2407 recteque

251 2443 398 2485 sane
454 2425 904 2486 Grammaticus
959 2426 1271 2486 Roriferas
1333 2426 1411 2486 ab
1469 2445 1543 2485 eo
1599 2426 1766 2508 quod
1807 2427 2037 2485 ferrent

251 2523 447 2584 dictas
493 2526 821 2598 existimat,
864 2543 990 2583 non
1034 2525 1111 2584 ab
1156 2544 1230 2584 ea
1273 2527 1371 2585 cui
1412 2525 1670 2601 ferrent3
1713 2527 1910 2606 neque
1944 2527 2035 2584 in-

254 2623 574 2684 commode
617 2625 789 2684 illam
832 2623 1277 2704 adsperginem‚
1320 2644 1440 2705 qua
1480 2635 1867 2695 mortuorum
1902 2642 2036 2684 mo-

253 2733 548 2784 numenta
601 2726 933 2784 irrorarent
961 2723 1072 2806 [†],
1145 2727 1393 2805 antiquo
1450 2744 1733 2784 sermone
1785 2742 2037 2785 rorem

259 2826 465 2884 vocari
534 2826 771 2884 sumsit.
877 2822 950 2883 Id
1015 2825 1168 2884 mihi
1223 2834 1384 2885 certe
1440 2827 1639 2886 multo
1695 2824 2036 2904 simplicius

237 2925 508 3003 verique
575 2925 836 2984 similius
902 2923 1179 2998 videtur,
1245 2944 1429 3005 quam
1500 2924 1664 3004 quod
1734 2923 2034 2983 Muellero

254 3022 489 3102 placet,
536 3026 717 3106 ἕρσας
763 3032 1014 3086 vocatas
1058 3043 1191 3084 esse
1234 3024 1483 3085 frondes
1525 3033 1798 3084 recentes
1843 3031 1906 3082 et
1939 3041 2037 3081 ra-

256 3123 596 3195 musculos,
658 3134 719 3183 et
771 3125 887 3184 hoc
930 3142 1061 3184 esse
1103 3127 1467 3201 mysterium
1511 3124 1668 3185 illud
1714 3122 1880 3204 quod
1924 3121 2036 3181 Ar-

373 3278 439 3333 [†]
485 3277 642 3321 Festus
672 3279 901 3324 Arferia
932 3294 1075 3337 aqua
1106 3294 1243 3339 quae
1274 3281 1489 3323 inseris
1520 3282 1832 3324 libabatur.
1891 3278 2033 3321 Gloss.

256 3335 463 3380 Adferiae
494 3334 617 3394 ὕδωρ
648 3335 696 3381 τὸ
729 3337 805 3381 ἐπὶ
835 3343 1022 3396 νεκροῖς.
