2150 3814
247 191 409 254 1206
793 181 1041 247 'LIBER
1086 191 1449 248 TERTIUS.
1535 265 1541 274 Χ

242 339 402 397 enim
471 333 659 395 iidem
718 350 870 412 quos
932 329 1268 392 Cleocritus
1324 332 1664 393 obtestatur
1720 334 1882 394 Hell.
1921 338 2010 395 -Π,

239 438 297 498 4.
342 438 441 497 21.
486 435 640 516 πρὸς
683 429 1206 514 θεῶνέτ-πατρῴων
1247 432 1352 493 καὶ
1391 431 1700 516 μητρῴων
1733 435 1838 495 καὶ
1865 439 2012 517 ξυγ-

239 536 476 624 γενείας
519 534 623 596 καὶ
665 530 1018 611 κηδεστίας,
1056 531 1173 588 hoc
1216 541 1334 603 est,
1381 550 1554 592 sacra
1599 533 1935 595 domestica
1957 553 2013 593 ¹>a

238 631 574 712 majoribus
622 632 901 709 utrinque
946 639 1227 708 accepta3
1270 647 1411 691 nam
1445 634 1732 692 mulieres
1772 636 2014 712 quoque

238 733 540 814 epicleroe
585 749 771 810 quum
815 728 1146 801 nuberent,
1189 746 1362 788 sacra
1401 740 1657 810 paterna
1696 735 1904 794 mariti
1923 735 2013 807 2in

236 833 489 892 domum
511 827 886 889 inferebant
912 827 1009 908 [η.
1115 828 1326 907 Itaque
1380 832 1854 892 existimandum
1879 814 2012 906 ¹est,

233 934 381 1005 hoc,
437 930 604 1011 quod
644 928 1003 1014 Welckerus
1047 927 1301 988 Arctino
1347 940 1646 991 assertum
1690 933 1919 1013 pergit,
1976 951 2014 990 a

233 1031 636 1113 scriptoribus
670 1029 1023 1110 profectum
1058 1046 1192 1088 esse
1224 1031 1689 1108 posterioribus,
1732 1033 1837 1111 qui
1863 1030 2013 1090 deos

232 1151 486 1211 magnos
529 1150 639 1191 seu
682 1130 937 1189 Penates
980 1129 1292 1188 Romanos
1336 1129 1413 1189 ab
1448 1131 1666 1191 ultima
1690 1133 2014 1209 mysterio-

230 1250 370 1292 rum
425 1231 986 1291 Samothraciorum
1042 1230 1236 1308 stirpe
1288 1240 1566 1309 repetere
1619 1234 1925 1310 gestirent
1951 1241 2013 1290 et

229 1330 626 1412 potissimum
686 1347 724 1388 a
765 1346 969 1386 rerum
1012 1327 1568 1393 Samothraciarum
1613 1331 2012 1411 scriptoribus

233 1429 606 1503 Callistrato,
643 1427 975 1487 Polemone
992 1424 1120 1506 [††]‚
1163 1426 1494 1487 Idomeneo
1511 1430 1612 1509 [*]‚
1655 1434 1760 1510 qui
1799 1449 2010 1490 omnes

229 1531 435 1591 seculo
492 1529 983 1590 Ptolemaeorum
1035 1527 1340 1586 vixerunt.
1426 1528 1783 1589 Plutarchus
1826 1531 1891 1588 iu
1935 1530 2007 1589 V.

234 1629 472 1692 Camill.
528 1650 574 1690 c.
619 1628 758 1690 XX.
812 1630 871 1691 οἱ
911 1626 994 1690 τὰ
1035 1626 1465 1711 Σαμοθρᾴκια
1506 1633 2011 1716 μυθολογοῦντες

229 1731 569 1816 Δάρδανον
624 1727 742 1810 μὲν
795 1733 879 1798 εἲς
927 1725 1158 1811 Τροίαν
1201 1726 1674 1813 ἐξενεγκάμενον
1713 1730 1785 1792 τὸ
1832 1735 2009 1794 Παλ-

350 1945 434 2001 [†]
476 1941 604 2000 Apud
634 1939 891 1997 Sophoclem
918 1938 965 1981 in
994 1938 1137 1981 Tereo
1167 1938 1242 1981 Fr.
1274 1938 1375 1983 VH.
1406 1939 1505 1982 654.
1542 1940 1706 1984 mulier
1718 1941 1940 1998 queritur:

484 1999 594 2045 ὅταν
623 1997 667 2041 δ’
703 1999 748 2047 ἐς
776 1995 889 2052 ἥβην
917 1993 1149 2054 ἔξικώμεθ’
1185 1992 1429 2055 εὔφρονες,

483 2054 710 2117 ὥθοὺμεθῗ
744 2057 827 2105 ἔξω
857 2057 934 2098 καὶ
963 2052 1336 2126 διεμπολούμεθα

483 2119 609 2160 θεῶν
637 2111 860 2173 πατρῴων
880 2116 978 2157 τῶν
1012 2128 1059 2156 τε
1090 2126 1335 2171 φυσαντων
1365 2108 1472 2156 ἄπο.

230 2178 348 2222 filiae
377 2175 487 2220 enim
517 2175 708 2229 enubunt
738 2188 761 2215 e
791 2171 925 2214 sacris
953 2171 1234 2215 familiaribus
1264 2177 1308 2214 et
1338 2170 1590 2227 gentiliciis,

479 2233 530 2278 τὸ
563 2233 607 2277 δ’
641 2228 781 2290 ἄρσεν
809 2228 948 2285 ἕστηκ’
982 2231 1032 2274 ἓν
1062 2227 1221 2288 δόμοις
1250 2229 1321 2273 ἀεὶ
1349 2234 1481 2288 γένος

483 2295 608 2336 θεῶν
637 2288 858 2350 πατρῴων
887 2291 963 2332 καὶ
991 2285 1151 2347 τάφων
1179 2286 1412 2347 τιμάορον.

230 2353 384 2410 Eurip.
413 2351 525 2394 Dan.
554 2351 729 2405 Fragm.
759 2348 857 2391 VII.
917 2348 1014 2390 Hoc
1051 2349 1098 2390 in
1137 2362 1352 2391 commune
1388 2348 1530 2401 valet,
1570 2347 1762 2404 exceptis
1802 2345 2005 2403 epidicis;

229 2427 328 2469 nam
357 2423 482 2452 sacra
510 2410 709 2452 heredem
740 2411 990 2463 Sequuntur.
1036 2407 1104 2449 De
1134 2414 1330 2449 matrona
1361 2407 1452 2448 Cea
1480 2412 1628 2450 narrat
1659 2406 1855 2450 Valerius
1879 2406 2001 2448 Max.

229 2471 287 2513 II.
328 2468 380 2519 6,
427 2467 467 2509 8.
519 2468 818 2510 cohortata
859 2465 921 2507 ad
971 2466 1325 2508 concordiam
1374 2479 1505 2507 suos
1555 2458 1873 2507 distributo
1919 2464 2002 2506 eis

229 2528 567 2585 patrimonio
619 2530 676 2568 et
714 2523 874 2565 cultu
924 2537 1019 2564 suo
1072 2525 1370 2579 sacrisque
1420 2522 1751 2566 domesticis
1799 2522 2002 2577 majori

230 2586 402 2630 filiae
439 2585 694 2635 traditis,
733 2581 1011 2639 poculum,
1065 2581 1116 2622 in
1154 2596 1260 2641 quo
1309 2595 1576 2625 venenum
1627 2586 2000 2638 temperatum

229 2649 376 2698 erat,
418 2642 687 2700 arripuit,
727 2641 847 2696 cujus
885 2639 970 2682 loci
998 2639 1255 2695 interpretes
1285 2641 1558 2683 vehementer
1586 2640 1797 2683 falluntur
1823 2640 2000 2682 uniones

229 2709 276 2747 et
304 2703 511 2760 ejusmodi
537 2701 728 2759 pretiosa
758 2714 883 2742 sacra
921 2698 1154 2740 domestica
1194 2699 1279 2740 dici
1318 2700 1626 2742 existimantes.
1696 2699 1845 2754 ltaque
1883 2698 2000 2740 nulla

227 2763 374 2821 paullo
406 2761 623 2816 antiquior
650 2758 814 2802 familia
843 2762 938 2800 erat
967 2769 1078 2813 quae
1111 2772 1195 2799 non
1235 2758 1415 2800 haberet
1453 2773 1552 2801 suos
1591 2752 1825 2816 μητρῴους
1861 2752 1998 2804 θεούς

171 2839 173 2843 ’
228 2823 286 2864 ab
315 2835 401 2863 una
430 2820 635 2875 majorum
662 2818 798 2860 illata.
857 2815 1093 2872 Xenophon
1122 2815 1255 2870 igitur
1284 2817 1459 2859 Aenean
1499 2831 1582 2858 non
1611 2816 1804 2872 publicos
1837 2816 1998 2870 Troja-

225 2894 374 2923 norum
402 2879 586 2921 Penates
616 2876 691 2919 sed
722 2891 820 2918 suos
850 2875 1103 2917 domesticos
1134 2875 1235 2916 deos
1265 2876 1461 2917 avexisse
1492 2875 1685 2918 credidit.

345 2967 452 3023 [††]
499 2966 642 3021 Hujus
670 2964 823 3007 librum
865 2963 970 3022 περὶ
1006 2959 1317 3021 Σαμοθρᾴκης
1354 2966 1557 3004 memorat
1597 2962 1854 3004 Athenaeus.
1924 2960 1995 3001 Ex

225 3043 279 3070 eo
310 3032 449 3069 sumta
477 3025 677 3068 videntur
706 3037 817 3079 quae
845 3021 1000 3064 Festus
1030 3021 1160 3064 affert
1190 3037 1222 3062 s.
1255 3022 1419 3064 Salios:
1479 3020 1738 3063 Polemon
1779 3019 1860 3061 ait
1893 3019 1996 3060 Ar-

226 3086 368 3128 cada
399 3084 661 3140 quendam
699 3082 879 3124 fuisse
917 3080 1155 3133 Salium,
1198 3094 1353 3135 quem
1392 3080 1611 3121 Aeneas
1652 3093 1676 3120 e
1709 3077 1994 3120 Mantinea

226 3145 281 3186 in
317 3142 549 3186 Italiam
588 3139 1046 3196 deduxerit‚‘qui
1079 3139 1317 3194 juvenes
1357 3137 1598 3181 Italicos
1627 3133 1837 3181 ἐνόπλιον
1879 3134 1993 3177 sal-

228 3202 509 3246 tationem
539 3199 816 3243 docuerit.

291 3291 366 3348 [Ἴ
427 3288 582 3332 Suidas
620 3285 871 3345 Ἰδομενείς
909 3287 1114 3344 ἔγραψεν
1152 3287 1356 3342 ἱστορίαν
1396 3286 1486 3327 τῶν
1526 3282 1636 3326 κατὰ
1667 3277 1988 3340 Σαμοθρᾴκην.

228 3351 273 3393 Is
302 3350 345 3393 in
377 3348 552 3391 Troicis
580 3346 773 3389 narravit
801 3345 1061 3388 deElectra
1090 3347 1134 3387 et
1162 3342 1395 3387 Harmonia
1424 3342 1567 3387 Schol.
1599 3341 1742 3399 Apoll.
1773 3340 1808 3382 Ι.
1838 3337 1935 3381 916.
