2150 3814
846 203 1410 246 SAMo'rnRAcm.
1876 193 2033 254 1121

251 337 393 396 dem
435 343 689 417 propter
728 349 936 390 rerum
981 330 1335 392 divinarum
1371 331 1842 415 intelligentiam
1868 315 2053 409 Κούζ

248 461 407 519 ρητα
474 437 617 499 νέον
672 430 763 492 -ab
845 430 1203 512 aequalibus
1286 433 1787 510 cognominatum
1807 416 1815 431 ⁵
1863 422 2057 493 dicit(
2115 421 2117 424 ⁴

248 536 598 616 Stephanus
639 534 894 593 nomina
915 530 1184 592 >urbium
1222 529 1621 606 Creticarum‚
1666 533 2031 592 Eleuthe-

242 655 404 707 rae,
459 634 835 707 BiennuS‚
880 634 1180 706 ItanuS,
1237 633 1571 693 nonnullos
1629 653 1665 693 a
1714 627 2030 693 Phoenici-

242 735 387 806 buS‚
444 733 600 794 alios
645 723 704 793 a'
728 731 1053 794 Curetibus
1096 744 1374 814 repetere
1422 733 1616 795 docet.
1704 734 1895 794 Poeta
1952 728 2051 796 dev

239 834 365 894 Vir.
409 833 600 895 Herb.
646 853 706 895 v.
750 834 852 894 77.

376 958 676 1029 Δικτάμνου
711 959 809 1031 γὰρ
846 960 972 1013 ὅταν
1007 953 1133 1012 αὖον
1169 959 1330 1026 δέμας
1366 961 1418 1011 ἐν
1455 960 1722 1030 παλάμῃσι

376 1048 571 1118 τρίψας
606 1045 924 1117 ἀλφιτοειὸἑς
959 1042 1232 1114 ἔπιστάξῃς
1265 1041 1526 1096 Διόνυσον

375 1120 662 1201 Κουρήτων
695 1127 946 1200 μακάρων
980 1126 1391 1199 ὓπερασπίζοντα
1425 1128 1723 1198 πρεπόντως
1760 1171 1765 1178 .

375 1218 462 1268 καὶ
495 1216 919 1285 νεβροστολίσῃς,
970 1212 1095 1276 ἕξεις
1129 1212 1259 1283 πρὸς
1295 1217 1446 1280 σῶμα
1482 1214 1740 1282 καθάψας

372 1308 510 1361 νῖκος
544 1296 841 1369 ἀμώμητον.

230 1418 337 1498 qui
392 1435 605 1476 omnes
662 1413 990 1476 Curetibus
1049 1413 1299 1476 Cretam
1352 1425 1650 1496 tanquam
1704 1418 2023 1497 propriam
2062 1404 2064 1406 ’

230 1516 444 1577 sedem
487 1518 817 1594 assignant.
903 1514 1331 1576 Novissimum
1387 1515 1498 1575 sed
1557 1519 1834 1577 omnium
1891 1537 2024 1595 gra-

229 1619 561 1679 vissimum
603 1627 698 1677 est
739 1617 1167 1676 testimonium
1221 1616 1602 1677 Scholiastae
1645 1618 1920 1678 Platonis
1962 1638 2022 1698 p.

231 1717 376 1779 214.
438 1717 643 1800 (446
661 1717 894 1794 Bekk.)
955 1717 1025 1778 τὸ
1072 1717 1222 1786 Διὸς
1267 1721 1502 1800 ἄντρον
1546 1722 1612 1780 ἐν
1659 1714 1710 1800 ᾧ
1752 1719 1833 1780 τοὶ
1878 1739 2023 1804 σεπὴ

230 1817 463 1882 τότατα
505 1819 612 1880 καὶ
655 1815 1045 1898 οἷῤῥητότατα
1087 1824 1220 1879 τῶν
1262 1816 1627 1899 μυστηρίων
1674 1822 2020 1880 ἐπετελεῖτο.

232 1929 294 1978 et
335 1939 398 1999 p.
423 1918 567 1978 216.
613 1913 690 1981 οὗ
716 1917 810 2003 ,τὰ
845 1918 1118 2002 μέγιστα
1148 1925 1280 1982 τῶν
1323 1924 1435 1981 τοῦ
1474 1918 1623 1988 Διὸς
1659 1918 2024 2002 μυστηρίων

227 2020 336 2084 καὶ
375 2011 508 2084 τῶν
551 2016 896 2102 Κουρήτων
950 2020 1314 2101 ἓνιερᾶσθαι
1371 2020 1621 2103 ἐλέγετο.
1713 2019 2025 2084 Gravissie

227 2140 400 2181 mum
445 2119 618 2193 dico,
676 2119 967 2198 quamvis.
990 2127 1321 2178 'auctorem
1370 2118 1760 2179 levissimum
1819 2119 2023 2192 habet,

231 2223 391 2301 quia'
446 2220 884 2297 mysteriorum
966 2215 1390 2278 Cureticorum
1457 2219 1689 2279 famam
1767 2218 2023 2294 obscure

227 2329 587 2381 manantem
630 2319 888 2379 mirifice
928 2319 1247 2379 confirmat
1273 2319 1367 2400 [¹⁶].
1456 2318 1776 2400 Euripidis
1813 2319 2021 2395 verba,

228 2538 294 2624 ἴς
318 2510 684 2623 λῗωιὲξῖςθέτος
711 2522 887 2576 γένοιτο
927 2519 1018 2562 τῶν
1058 2515 1315 2574 ὑποζυγίων
1356 2518 1466 2563 ποτὲ
1505 2520 1558 2579 τῇ
1593 2516 1692 2576 Ῥέᾳ
1730 2519 1934 2563 Philostr.
1970 2520 2019 2563 V.

272 2596 314 2638 P·

353 2681 427 2739 [k]
474 2678 715 2724 Obscurius
744 2678 936 2735 loquitur
965 2678 1227 2722 Prudentius
1261 2679 1320 2720 in
1336 2679 1498 2735 Symm.
1531 2680 1585 2722 L.
1617 2680 1676 2723 11.
1710 2676 1809 2722 857.

484 2755 574 2797 Aut
600 2753 680 2795 hos
707 2751 962 2808 thyrsigeri·
978 2752 1097 2809 rapit
1126 2751 1182 2794 ad
1212 2751 1424 2807 Dionysia
1453 2751 1643 2805 Bacchi,

487 2812 616 2855 illicit
645 2816 723 2855 aut
752 2810 861 2854 alios
890 2811 946 2854 ad
974 2810 1226 2854 Saturnalia
1255 2811 1398 2862 festa3

483 2876 562 2915 aut
593 2870 722 2914 docet
750 2869 945 2913 occultus
974 2883 1086 2926 quae
1115 2883 1242 2913 sacra
1271 2869 1493 2926 Diespiter
1520 2869 1664 2913 infans

481 2930 778 2974 intertinnitus
807 2929 918 2972 solvi
947 2930 1031 2973 sibi
1060 2932 1214 2987 poscat
1248 2942 1395 2971 aenos.

233 3002 393 3046 Arcani
418 3003 540 3046 Jovis
579 3003 767 3047 cultores
808 3007 1097 3046 memorantur
1136 3004 1180 3045 in
1221 3002 1439 3059 lapidibus
1482 3001 1664 3044 vetustis
1704 3015 1745 3043 v.
1786 3000 2018 3043 Burmann.

233 3061 291 3105 ad
321 3060 449 3105 Anth.
477 3061 533 3105 L.
563 3063 600 3106 I.
643 3061 728 3119 Ep.
760 3061 830 3104 80.
861 3075 906 3104 v.
941 3061 1010 3105 17.
1054 3062 1129 3119 qui
1170 3061 1298 3103 Gorii
1338 3061 1631 3117 conjecturam
1670 3058 1827 3113 affert,
1869 3059 2022 3102 Jovem

235 3120 412 3164 Idaeum
459 3121 628 3165 arcanis
678 3121 835 3164 ritibus
883 3120 1043 3164 cultum
1086 3119 1325 3177 significari
1365 3119 1667 3162 existimantis.
1741 3118 1788 3161 Is
1832 3118 2021 3161 fortasse

236 3178 459 3222 Prudentii
488 3193 671 3237 quoque
687 3180 827 3223 locum
857 3180 1079 3236 explicuit.
1141 3179 1400 3222 Theodorus
1431 3178 1624 3221 Metoch.
1660 3192 1696 3220 c.
1728 3177 1799 3221 90.
1843 3192 1885 3235 p.
1917 3174 2017 3220 581.
2071 3190 2074 3194 ’

237 3236 527 3294 Epimenidem
554 3246 704 3282 narrat
739 3239 786 3282 in
815 3242 940 3281 antro
971 3239 1094 3283 Jovis
1125 3237 1436 3281 obdormivisse
1466 3231 1537 3281 εἶτ’
1573 3232 1827 3294 ἐπανήκειν
1845 3247 2021 3294 μυστη-

237 3299 348 3396 ρίωέ
374 3312 414 3339 τι
416 3299 506 3341 νῶν
536 3299 611 3340 καὶ
640 3294 788 3355 λόγων
811 3294 1015 3357 ἀῤῥήτων
1044 3294 1244 3351 ἑπόπτην
1275 3299 1350 3340 καὶ
1381 3294 1608 3353 ἐξηγητνν.
1650 3296 1738 3340 Sed
1771 3296 1877 3339 haec
1909 3294 2020 3338 alius

240 3368 306 3397 mo
337 3368 351 3396 1
382 3361 493 3398 sunt.
