2150 3814
828 173 1279 216 oRPfl1cA.
1817 165 1941 226 917

170 308 376 364 mina
455 318 835 384 prospera
918 301 1502 373 existimantur,
1573 309 1937 381 quoniam

168 406 391 466 laeva
445 411 670 482 parte
712 399 976 460 mundi
1019 408 1269 480 ortus3
1327 421 1401 460 ex
1459 402 1677 481 quibus
1734 414 1934 483 pates-

166 507 250 564 cit
291 504 543 579 auguria
585 508 898 578 captantes
943 499 1130 558 modo
1174 499 1327 559 hanc
1355 501 1613 590 plagam
1629 514 1936 582 spectasse

163 602 348 663 modo
405 600 751 660 australem.
838 599 935 658 Ad
1005 599 1207 666 Servii
1264 602 1629 660 sententiam
1684 602 1937 662 inclinat

160 702 513 761 Plutarchus
559 697 805 772 Quaest.
849 699 1023 759 Rom.
1068 721 1115 758 c.
1138 699 1478 760 LXXVIII.
1503 698 1645 764 356.
1689 684 1936 762 sinistra

159 803 330 879 signa
395 819 690 880 prospera
744 799 896 871 dici,
967 802 1110 879 quia
1166 802 1462 860 orientem
1517 802 1934 881 spectantibus

159 901 237 961 ad
305 903 618 961 sinistrum
662 902 743 960 sit
783 901 854 962 τὸ
897 899 1179 981 βόρειον,
1237 902 1269 962 ὃ
1316 900 1393 978 δὴ
1437 899 1674 980 κόσμου
1730 903 1934 973 δεξιὸν

155 1003 436 1065 τίθεν-ται
478 1002 582 1063 καὶ
624 1001 958 1080 ὑπέρτερον
974 996 1083 1079 [kJ.
1139 999 1222 1057 Et
1249 999 1416 1070 haec,
1458 1001 1523 1057 ni
1553 999 1754 1071 fallor,
1798 1002 1930 1080 poli

157 1102 364 1160 arctici
408 1099 752 1158 sublimitas
795 1099 859 1155 in
902 1115 1086 1155 causa
1128 1097 1274 1171 fuit,
1330 1117 1434 1156 cur
1481 1098 1699 1157 Graeci
1744 1119 1930 1177 augu-

154 1219 250 1258 res
320 1197 401 1257 ad
477 1197 951 1277 septentrionem
1023 1214 1130 1254 ora
1185 1195 1540 1274 dirigerent3
1594 1197 1711 1257 huc
1767 1202 1927 1258 enim

153 1297 432 1359 conversi
496 1316 621 1357 non
677 1295 1149 1381 solum-mundi
1208 1308 1443 1378 partes,
1503 1296 1664 1355 unde
1723 1309 1928 1358 motus

152 1410 213 1458 et
252 1400 404 1458 lucis
449 1399 649 1474 origo,
709 1395 788 1455 ad
834 1395 1145 1468 dextram,
1201 1417 1357 1476 quae
1401 1395 1616 1456 eadem
1662 1408 1755 1457 est
1799 1419 1927 1459 cor-⁶

148 1501 317 1579 poris
373 1500 567 1557 nostri
620 1515 765 1576 pars
819 1497 1342 1575 auspicatissima,
1396 1496 1505 1556 sed
1553 1499 1741 1556 etiam
1785 1518 1929 1578 pro-

148 1609 423 1678 spectum
479 1599 545 1656 in
601 1616 738 1656 eam
796 1597 949 1655 coeli
1003 1597 1312 1673 regionem
1371 1596 1711 1671 habebant,
1757 1600 1927 1676 cnjus

148 1698 350 1758 sidera
401 1716 646 1776 semper
700 1697 973 1774 patentia
1017 1703 1413 1773 tempestates
1474 1705 1790 1775 totamque
1836 1700 1926 1756 vi-

148 1811 272 1857 tam
315 1805 546 1874 regunt.
592 1795 854 1853 Tantum
900 1795 1083 1870 igitur
1126 1793 1318 1866 abest,
1362 1805 1432 1853 ut
1470 1792 1785 1855 Chalcidio
1831 1817 1925 1855 ce-

144 1900 408 1976 terisque
475 1896 909 1966 assentiamur,
980 1895 1083 1972 qui
1150 1896 1605 1954 vetustissimos
1664 1914 1922 1973 augures

143 1996 374 2057 mundo
447 1995 718 2075 corporis
775 1994 1056 2059 animalis
1113 1994 1578 2053 similitudinem
1635 1995 1923 2055 tribuisse

143 2105 396 2176 putant,
474 2104 543 2153 ut
622 2092 1239 2172 quadripartitionem
1318 2094 1490 2152 illam
1570 2094 1920 2155 Homericis

144 2195 524 2275 temporibus
578 2194 762 2274 plane
817 2190 1254 2269 abjudicemus.
1352 2193 1479 2252 Nec
1535 2195 1616 2265 si,
1674 2204 1744 2252 ut
1785 2194 1919 2271 Hy-

142 2298 318 2373 ginus
374 2293 552 2352 docet
607 2293 685 2352 de
739 2292 947 2351 Limit.
1002 2311 1062 2370 p.
1126 2289 1263 2350 150.
1340 2292 1582 2351 Etrusci
1641 2295 1918 2372 auspices

142 2393 353 2453 orbem
410 2403 708 2452 terrarum
763 2394 829 2450 in
874 2390 1025 2450 duas
1069 2401 1274 2469 partes
1321 2390 1666 2451 diviserunt
1708 2411 1918 2452 secun-

139 2493 287 2554 dum
331 2493 478 2552 solis
522 2510 797 2564 cursum,
857 2490 1132 2549 dextram
1178 2491 1557 2570 appellantes
1603 2511 1758 2571 quae
1801 2493 1919 2551 soli

138 2591 440 2670 subjacet,
485 2592 825 2664 sinistram,
873 2609 1027 2670 quae
1070 2589 1151 2649 ad
1194 2590 1639 2674 meridianum,
1682 2612 1757 2651 ex
1800 2593 1915 2651 hoc

138 2673 443 2771 sequitur,
511 2709 616 2750 eos
681 2691 846 2751 illius
916 2692 1255 2750 sententiae
1322 2693 1651 2771 participes
1707 2692 1914 2751 fuisse.

138 2791 295 2853 Nam
350 2789 621 2850 Hebraei
674 2809 911 2870 quoque
965 2792 1227 2850 anticam
1284 2790 1500 2850 mundi
1553 2801 1792 2870 partem
1854 2802 1915 2850 et

140 2893 439 2970 posticam
497 2890 859 2965 distinxere,
899 2889 1068 2971 apud
1112 2909 1262 2970 quos
1304 2890 1475 2950 nulla
1517 2891 1635 2951 fuit
1676 2909 1908 2952 macro-

255 3114 319 3173 [k]
360 3116 484 3160 Haec
512 3118 557 3158 et
586 3120 754 3159 ceterae
783 3111 994 3168 rationes,
1038 3130 1147 3171 quae
1188 3129 1214 3157 a
1231 3115 1462 3158 ‘veteribus
1503 3118 1764 3170 afferuntur,
1809 3132 1906 3175 per-

143 3171 240 3214 inde
266 3173 585 3230 improbabiles.
642 3174 830 3218 Sinistra
858 3180 961 3231 puto
993 3174 1245 3216 dicebantur
1283 3173 1459 3217 fulmina
1499 3174 1552 3219 τὰ
1593 3177 1642 3220 ἐκ
1682 3179 1771 3220 τῶν
1811 3175 1906 3235 ἀρι-

142 3230 510 3334 ἒῐίἱετίὥὲοιίιῗὲαὲἰέιε
526 3229 650 3283 δεξιά
690 3224 915 3290 (Dionys.)
947 3246 1082 3289 quae,
1128 3231 1239 3274 sicut
1267 3231 1399 3276 omnis
1429 3234 1666 3288 ‹le-xtratio⁹
1709 3235 1905 3293 auspica—
