2184 3840
778 224 1277 269 οιιιῶΗῐοΑ.Ἰ
1766 214 1891 277 857

128 370 381 440 teraque
437 359 533 419 his
581 355 812 417 similia
837 353 930 434 [⁸].
1029 350 1202 413 Haec
1243 354 1297 414 si
1338 355 1497 415 inter
1539 374 1606 415 se
1649 377 1893 438 compa.

125 479 262 520 rare
315 457 624 529 volemus,
707 455 848 514 illos
900 451 1228 514 verborum
1283 473 1612 533 mangones
1669 459 1894 539 triplici

124 559 364 618 ratione
440 555 739 617 novitatis
816 553 1081 634 speciem
1157 561 1436 633 captasse
1506 558 1896 636 reperiemuS‚

123 666 230 721 aut
270 655 586 718 vocabulis
629 652 980 731 syllabatim
1022 652 1435 728 resolvendis,
1477 654 1641 715 unde
1682 668 1897 719 natum

125 766 217 815 est
290 753 445 814 illud
524 756 877 836 σπὲπαρνον
953 763 1014 812 et
1078 753 1218 812 huic
1286 773 1536 835 compar
1600 759 1897 847 λέπαργος

116 854 277 936 χιών
292 850 402 935 [¹¹],
459 863 567 914 aut
609 853 776 913 aliud
823 862 1006 932 atque
1047 871 1192 912 usus
1234 853 1420 912 ferret
1462 864 1714 932 etymon
1755 860 1898 920 sub-

123 953 466 1027 stituendo,
510 955 666 1013 sicut
706 953 813 1012 ille
853 952 1027 1024 fecit,
1072 953 1176 1029 qui
1218 970 1442 1010 nomen
1487 954 1680 1034 ἰσχάς,
1726 962 1899 1038 quasi

125 1054 203 1114 ab
259 1059 413 1134 ἰ’σχω
469 1052 749 1126 ductum,
803 1050 882 1109 de
938 1067 1161 1109 ancora
1203 1049 1360 1110 dixit
1399 1050 1622 1113 Athen.
1666 1056 1703 1114 l.
1749 1078 1796 1116 c.
1840 1079 1899 1138 p.

124 1154 225 1214 99.
267 1153 347 1212 D.
370 1148 444 1233 [ἰ]
487 1152 669 1210 tertio
712 1148 1063 1209 nominibus
1098 1150 1232 1227 jam
1278 1149 1357 1210 ad
1403 1152 1631 1213 certam
1674 1155 1900 1233 signifi-

125 1254 428 1312 cationem
483 1251 776 1311 restrictis
831 1248 913 1309 ad
968 1250 1306 1328 generalem
1353 1254 1547 1328 etymi
1584 1256 1899 1318 notionem

122 1350 502 1425 revocando,
557 1340 678 1431 quo
736 1369 812 1409 ex
863 1335 1082 1427 genere
1123 1353 1266 1410 sunt
1306 1350 1457 1411 haec
1500 1371 1538 1412 a
1581 1353 1904 1419 Gramma-

124 1453 261 1512 ticis
330 1459 608 1512 enotata:
678 1446 1055 1532 Ναυκράτην
1119 1455 1309 1515 εἰπεῖν
1363 1452 1614 1536 ἐφίλησέ
1661 1481 1754 1527 τις
1807 1460 1903 1521 ἐπὶ

126 1551 432 1634 ἐχενηίδος
475 1550 646 1611 Suid.
690 1569 738 1611 s.
782 1570 840 1612 v.
886 1559 947 1609 et
988 1550 1269 1610 Eustath.
1307 1571 1368 1632 p.
1402 1552 1582 1613 1490.
1611 1554 1705 1615 14.
1749 1564 1903 1621 Γαι-

126 1651 306 1733 ήοχος
345 1655 528 1720 ἵππος
571 1650 693 1713 ἀπὸ
737 1658 850 1714 τοῦ
886 1647 1150 1732 ὀχήμασι
1177 1650 1419 1734 χαίρειν
1451 1651 1680 1714 Anecd.
1710 1655 1900 1719 Bekk.

127 1753 173 1811 I.
218 1751 360 1812 229.
412 1750 765 1835 Ἐγκέλαδος
818 1749 856 1829 ἡ
895 1751 1130 1828 Ἀθηνᾶ
1173 1749 1439 1826 Hesych.
1485 1752 1821 1836 Πολύμνια
1863 1759 1901 1837 ἡ

126 1849 419 1914 θάλασσα
487 1850 526 1929 ἦ
580 1850 738 1912 πολὺ
805 1848 1034 1932 φυκίον
1089 1851 1313 1930 ἔχουσα
1366 1849 1551 1911 idem.
1636 1852 1810 1916 Haec
1865 1875 1903 1917 a

130 1950 399 2028 Tragicis
481 1967 723 2030 quoque
803 1957 1098 2031 usurpata
1186 1968 1320 2009 esse
1404 1949 1630 2013 Suidas
1696 1954 1904 2018 docet:

121 2048 419 2133 Ἀμύντης
469 2049 574 2112 καὶ
619 2045 938 2130 Ἀλκήστης
979 2051 1243 2136 τραγικοὶ
1286 2051 1392 2114 καὶ
1435 2058 1775 2139 αἶσχυληροὶ
1820 2058 1902 2121 τὰ

131 2149 427 2231 ὀνόματα.
485 2158 548 2208 et
591 2148 913 2229 Sophoclis
972 2150 1286 2229 exempla,
1333 2152 1470 2228 jam
1525 2156 1772 2235 saepius
1827 2156 1904 2217 ab

133 2251 271 2310 aliis
342 2257 817 2308 commemorata
848 2245 957 2328 [k]‚
1044 2247 1428 2331 Νικομάχης,
1510 2255 1904 2332 Παυσανίας,

47 2390 51 2393 -
128 2342 510 2436 Ἀγησίλαος,
562 2348 984 2431 Ἀρίσταρχος,
1048 2350 1424 2430 Τηλέμαχος,
1468 2352 1686 2431 quibus
1728 2372 1906 2436 prae·-

132 2452 251 2512 ivit
305 2448 556 2528 Sappho
610 2445 832 2509 Jovem
885 2448 1144 2530 Ἕκτορα
1201 2450 1552 2530 appellans,
1618 2442 1907 2518 successit

133 2550 311 2610 Philo
357 2548 435 2608 de
480 2547 690 2608 Somn.
734 2569 795 2629 p.
825 2546 1004 2607 1118.
1042 2547 1121 2607 D.
1163 2549 1249 2631 μὴ
1293 2534 1638 2637 ἐπιγράψῂς
1681 2566 1906 2640 σεαυτῇ

133 2652 246 2731 τὴν
300 2657 430 2714 τῶν
483 2649 1005 2735 παραγενομένων
1065 2649 1304 2724 αἰτίαν,
1367 2653 1521 2715 ἀλλὰ
1574 2663 1665 2737 τῷ
1714 2666 1903 2721 πλου-

134 2750 344 2835 τάρχῳ
387 2749 492 2811 καὶ
531 2749 612 2812 τὰ
655 2748 1091 2833 πλουτιστήρια
1137 2752 1285 2837 ἔργα
1329 2752 1705 2832 ἐπιτηδεύειν
1748 2760 1904 2822 ἄνα-

276 2918 318 2975 g]
366 2918 435 2961 De
462 2916 528 2960 his
557 2917 739 2961 diximus
768 2917 825 2961 ad
853 2917 1013 2974 Phryn.
1042 2933 1084 2976 p.
1116 2915 1214 2962 649.
1256 2919 1515 2977 ἐνοσίχθονι
1555 2924 1722 2991 παζμῷ
1761 2925 1904 2968 Noun.

139 2976 262 3021 XXX
302 2976 341 3019 1.
378 2973 450 3018 94.
490 2975 657 3021 XLIII.
689 2975 788 3021 886.
830 2976 1089 3035 ἐνοσίχθονι
1119 2979 1267 3037 ταρσῷ
1306 2978 1365 3021 ib.
1395 2978 1493 3022 301.
1525 2996 1752 3040 ·γαιηοχον
1781 2981 1903 3044 ὕδωρ

141 3034 388 3079 XXXVIII.
417 3034 515 3077 109.

255 3104 318 3164 [¹¹]
362 3121 402 3150 v.
432 3105 635 3150 Eustath.
667 3120 709 3164 p.
739 3105 869 3150 1430.
901 3105 971 3150 59.

258 3176 324 3236 [ἱ]
354 3176 560 3238 Ἕκτορες
587 3183 644 3222 et
682 3175 864 3236 ῖσχάδες
901 3194 978 3237 pro
1019 3181 1186 3223 ancoris
1226 3181 1404 3225 Lucian.
1444 3183 1624 3242 Lexiph.
1667 3186 1762 3229 XV.
1807 3187 1905 3231 193.

144 3238 198 3280 Τ.
230 3239 283 3280 V.
324 3242 371 3281 et
396 3237 600 3281 Eustatb.
632 3252 676 3295 p.
708 3236 833 3282 1479.
862 3237 932 3282 30.
963 3239 1036 3296 qui
1067 3240 1147 3282 hoc
1177 3254 1267 3282 cum
1300 3239 1435 3290 ἀσπὶς
1462 3244 1665 3304 ἰοχέαιρα
1696 3247 1874 3288 confert.

229 3307 326 3379 ,[ι]
370 3325 413 3352 v.
443 3310 614 3379 netues.
645 3309 752 3353 obs.
783 3311 837 3354 ad
868 3301 991 3355 Su'id.
1024 3327 1065 3368 p.
1097 3312 1136 3355 5.
1181 3313 1384 3358 va1cken.
1414 3316 1467 3359 ad
1500 3317 1688 3362 Herode.
1708 3319 1784 3362 vl.
1806 3318 1905 3361 462.

152 3367 362 3411 Mamur.
391 3368 446 3411 de
474 3368 587 3411 Dxal.
622 3383 663 3425 p.
692 3366 791 3411 348.
