2150 3814
802 223 1254 268 oRPHICA.
1758 214 1919 276 1033

140 369 238 419 tus
281 360 675 438 injuriarum,
731 347 886 433 quas
930 351 1012 413 ad
1055 351 1323 414 divitum
1366 370 1610 414 mensas
1653 359 1921 436 pertule-

138 468 272 533 rat,
338 438 576 520 summe
640 462 960 535 pertaesus
1015 452 1108 514 ad·
1160 453 1524 514 saccularios
1579 456 1644 514 in
1706 455 1923 516 Piraeo

140 561 397 619 transire
432 556 768 628 constituit,
799 555 899 629 νἐπ’
945 553 1243 642 ἐργασίαν
1283 555 1591 638 τρέψομαι
1634 557 1739 619 καὶ
1771 563 1925 620 Πει-

142 658 359 743 ραιάδε
415 657 765 739 βαδιοῦμαι
777 674 804 729 ,’
872 656 950 718 τὰ
1016 659 1082 718 ἐκ
1133 663 1264 718 τῶν
1321 663 1484 720 νεῶν
1537 657 1768 740 φορτία
1828 658 1926 720 ἐπὶ

141 760 254 828 τὰς
298 755 625 837 ἀποθήκας
667 759 908 838 μισθοῦ
952 755 1329 838 μετατιθείς,
1376 757 1481 837 qui
1515 756 1926 817 locus-nescio

138 876 219 917 an
261 875 340 916 ex
382 857 587 938 aliquo
634 853 1025 916 Comicorum
1069 874 1392 936 expressus
1436 857 1518 916 sit
1559 856 1817 937 perinde
1852 866 1928 917 'ut

138 958 245 1016 ine
287 957 492 1017 Plauti
532 959 600 1017 in
646 955 827 1038 capt..
864 957 910 1015 Ι.
968 955 1021 1014 1.
1066 957 1167 1015 20.
1223 955 1331 1014 ubi
1375 956 1691 1034 Ergasilus
1749 943 1934 1038 pai-a-w

142 1060 297 1118 situs
342 1057 420 1117 de
464 1059 760 1136 angustiis
805 1057 933 1115 suis
979 1057 1281 1134 queritur:
1696 1069 1698 1072 ⁴
1854 1043 1860 1048 ’

211 1218 278 1264 Et
314 1217 394 1264 hic
430 1217 621 1280 quidem
655 1216 815 1264 hercle
852 1215 951 1262 nisi
985 1214 1070 1278 qui
1107 1213 1336 1276 colaphos
1374 1217 1557 1278 perpeti

209 1304 339 1364 potis
375 1304 618 1365 parasitus
655 1302 911 1366 frangique
949 1302 1086 1348 aulas
1123 1301 1176 1348 in
1213 1308 1381 1364 caput,

210 1389 289 1434 vel
326 1395 465 1436 extra
498 1395 740 1452 portam
777 1386 1205 1452 Trigeminam
1241 1386 1311 1434 ad
1348 1402 1590 1435 saccum
1627 1387 1860 1453 ilicet[42]

211 1474 338 1536 quod
372 1473 490 1522 mihi
525 1489 587 1522 ne
626 1473 847 1532 eveniat,
892 1473 1180 1520 nonnullum
1217 1479 1291 1520 est
1326 1474 1603 1535 perieulum.

142 1615 306 1675 Illud
347 1635 536 1694 genus
579 1616 902 1676 hominum
953 1615 1188 1674 Romae
1231 1634 1471 1696 quoque
1514 1619 1781 1695 agitasse
1816 1618 1933 1679 Fe-

144 1725 275 1775 stus
335 1726 598 1777 testatur
637 1721 700 1796 p.
745 1715 845 1775 37.
935 1715 1322 1789 Arilator‚
1366 1718 1495 1802 Qui
1539 1718 1772 1776 etiam
1817 1737 1936 1777 co·-

145 1817 266 1875 cio
321 1817 751 1896 apellatur,
812 1834 851 1874 a
907 1832 1185 1892 graeco
1245 1816 1449 1898 αἷρε,
1506 1818 1637 1896 qui
1692 1818 1936 1898 sequi-

146 1925 267 1974 tur
333 1934 654 1989 merces,
726 1933 814 1974 ex
884 1915 1162 1994 quibus
1226 1915 1412 1996 quid
1479 1915 1763 1977 cadens
1819 1916 1937 1977 lu-

146 2015 329 2076 celli
382 2018 643 2098 possit
696 2015 1001 2075 tollere.
1102 2014 1230 2076 Sed
1285 2018 1541 2096 proprie
1596 2027 1660 2077 et
1712 2018 1938 2096 signifi-

145 2126 352 2176 canter
405 2119 472 2178 hi
524 2117 1002 2177 saeculariorum
1059 2118 1321 2197 parasiti
1360 2117 1762 2202 καψικίδαλοι
1804 2122 1940 2181 sive

147 2218 614 2301 ἐγκαψικίδαλοι
678 2218 1074 2277 nominantur
1139 2235 1177 2275 a
1241 2216 1436 2276 verbo
1499 2215 1822 2303 ἐγκάπτειν
1879 2228 1941 2296 et

147 2315 422 2381 κίδαλον.
528 2317 645 2377 Illo
712 2315 1051 2397 Alciphron
1116 2317 1312 2375 utitur
1387 2318 1452 2376 in
1535 2317 1938 2378 describendo

150 2433 495 2496 pauperum
559 2419 730 2478 victu
787 2417 893 2476 ΠΙ.
958 2415 1076 2495 Ep.
1136 2416 1237 2476 60.
1295 2422 1379 2486 εἰς
1435 2419 1755 2502 τοῦδαφος
1813 2424 1941 2482 ἐπι-

147 2513 482 2587 κύπτοντες
550 2517 583 2579 ὅ
656 2516 774 2598 μὲν
841 2515 1096 2599 φλοιοὺς
1167 2520 1388 2599 θερμίῖ
1392 2540 1433 2580 ν
1507 2520 1832 2603 ἀνῃρεῖτο,
1906 2521 1938 2583 ὃ

151 2614 221 2677 δὲ
287 2616 367 2679 τὰ
437 2619 662 2700 ἔλυτρα
737 2624 869 2681 τῶν
943 2614 1232 2699 καρύων,
1319 2617 1352 2680 ὃ
1428 2617 1498 2682 δὲ
1568 2628 1699 2684 τῶν
1754 2627 1941 2702 ῥοιῶν

150 2715 230 2777 τὰ
290 2715 661 2800 περικάρπια
716 2718 1104 2803 ἇπὲγλυφεν,
1184 2722 1243 2780 εἴ
1302 2741 1425 2782 που
1496 2744 1558 2782 τι
1612 2728 1744 2784 τῶν
1795 2719 1940 2783 κόκ-

155 2838 284 2880 κων
356 2815 813 2901 ἐπιδράξασθαι
877 2817 1210 2898 δυνηθείη·
1292 2821 1352 2881 οἱ
1417 2818 1489 2881 δὲ
1560 2819 1666 2882 καὶ
1735 2821 1816 2884 τὰ
1876 2825 1941 2889 ἐκ

204 3069 216 3081 ,
279 3012 371 3071 [⁴²]
413 3017 740 3063 Mendicitatem
778 3018 963 3062 indicari
1001 3023 1181 3076 putant3
1225 3016 1300 3060 sed
1329 3015 1544 3061 mendicos
1572 3018 1619 3062 in
1648 3022 1780 3077 ponte
1808 3027 1855 3064 et
1883 3021 1940 3065 ad

165 3068 319 3115 chvum
347 3075 562 3122 Aricinum
590 3078 784 3121 novimus
813 3082 1036 3135 quaestum
1067 3092 1188 3120 suum
1219 3076 1447 3129 habuisse'3
1475 3076 1549 3120 ille
1571 3077 1691 3122 locus
1716 3086 1818 3122 ante
1838 3094 1941 3137 por-

165 3130 253 3173 tam
282 3130 598 3190 Trigeminam,
640 3136 874 3195 Emporio,
911 3136 1158 3179 Navalibus
1188 3141 1232 3178 et
1262 3134 1423 3177 Salinis
1452 3136 1682 3194 contiguus
1711 3137 1854 3183 nescio
1886 3153 1941 3182 an

167 3190 396 3242 geronibm·
425 3195 562 3251 magis
591 3197 831 3239 conveniat,
894 3195 1096 3238 Ceterum
1126 3209 1210 3238 non
1239 3193 1518 3238 dubitandum
1546 3203 1666 3250 erat,
1708 3198 1812 3254 quin
1841 3211 1938 3241 eac-

170 3258 245 3287 cu⁸
268 3247 356 3302 jan
383 3251 484 3296 inde
513 3254 747 3311 antiquitus
777 3254 1102 3299 mendicantium
1132 3254 1299 3309 insigne
1328 3253 1472 3298 fuerit.
1531 3255 1778 3313 Hesychius
1791 3273 1805 3299 -t
1844 3259 1937 3301 Θυ-

171 3306 386 3364 λακίζειν,
424 3310 626 3357 ἐπαιτεῖν
654 3311 881 3373 ἑπόμενον
908 3312 1022 3372 μετὰ
1053 3308 1278 3365 θυλάκου,
1324 3318 1371 3355 ut
1406 3314 1603 3359 emendat
1634 3315 1854 3370 Gesnerus
1884 3316 1938 3359 ad

169 3363 350 3414 Quintil.
383 3368 499 3415 vm.
531 3372 572 3416 2.
606 3369 676 3417 43.
