2184 3840
728 222 1174 268 oRPH1cA.
1704 211 1831 272 899

67 361 399 417 increscere
439 373 553 416 usu
595 360 976 433 compertum
1017 349 1349 424 habemus}
1392 367 1586 430 neque
1627 352 1832 413 minus

68 456 481 517 observabiles
536 455 850 533 stirpium,
903 450 1212 532 lapidum,
1265 450 1623 511 animalium
1677 469 1831 511 non-

66 558 372 616 nullorum
416 563 480 613 et
518 555 678 612 inter
719 572 785 612 se
830 562 892 612 et
934 571 1070 612 cum
1104 552 1385 611 humanis
1418 551 1653 609 naturis
1693 568 1834 609 con-

42 648 377 715 'sensiones
436 662 498 711 et
540 637 966 732 dissensiones.
1053 651 1178 712 Sed
1219 652 1335 710 hoc
1385 646 1647 730 parvulo
1702 668 1835 709 suc-

65 771 236 812 cessu
301 753 564 813 invitata
626 751 945 813 curiositas
1001 771 1076 812 eo
1128 752 1427 832 processit
1476 758 1552 809 ut
1602 749 1838 809 nullam
1881 815 1884 820 A

62 853 242 929 hujus
327 854 598 913 universi
678 862 918 932 partem
996 854 1360 909 intentatam
1435 850 1836 929 relinqueret,

63 953 456 1032 omniumque
514 970 717 1010 rerum
761 950 1084 1010 affinitates
1130 958 1191 1007 et
1231 948 1599 1026 multiplices
1642 966 1835 1007 nexus

65 1053 389 1130 exquirere
454 1050 804 1112 obstinaret.
905 1047 1085 1108 Unde
1135 1047 1492 1127 progenitae
1547 1055 1690 1105 sunt
1746 1049 1842 1105 in-

62 1153 268 1209 finitae
337 1150 780 1226 astrologorum
805 1192 822 1222 ,
908 1147 1645 1207 iatromathematicorum
1669 1187 1688 1217 ,
1776 1153 1841 1202 et

63 1250 648 1329 sympatheticorum
684 1250 1009 1323 vanitates,
1053 1266 1208 1328 quae
1240 1265 1317 1306 ex
1360 1246 1668 1306 communi
1689 1245 1840 1322 jugo

63 1360 233 1408 ortae
268 1368 761 1429 quoquoversum
807 1349 1202 1409 dimanarunt
1245 1356 1307 1408 et
1349 1355 1666 1428 postremo
1711 1362 1841 1404 rur-

64 1467 166 1508 sus
234 1451 442 1509 tractis
513 1451 871 1528 omnigenae
936 1448 1388 1531 superstitionis
1452 1445 1722 1506 faecibus
1774 1446 1844 1504 in

61 1551 507 1626 mysticismum
550 1551 925 1610 neotericum
942 1550 1011 1630 [⁸]
1058 1559 1353 1628 tanquam
1394 1549 1460 1609 in
1485 1564 1675 1606 unam
1703 1563 1844 1604 con-

63 1649 290 1707 fluxere
345 1651 683 1722 sentinam,
738 1651 804 1708 in
862 1668 982 1728 quo
1040 1650 1316 1708 omnium
1362 1647 1704 1706 seculorum
1749 1663 1844 1703 se-

67 1748 342 1807 dimenta
408 1751 498 1808 ita
564 1748 817 1807 confusa
875 1758 1047 1821 sunt,
1116 1756 1187 1806 ut
1252 1746 1397 1825 quid
1457 1746 1624 1818 olim,
1694 1742 1845 1823 quid

61 1858 315 1928 postea,
383 1846 531 1927 quid
594 1849 934 1908 novissime
986 1845 1364 1918 subsederit,
1424 1846 1594 1904 nullo
1651 1841 1842 1904 modo

57 1947 322 2026 judicari
363 1948 577 2027 possit.
640 1947 939 2008 Auctores
983 1948 1167 2026 hujus
1210 1946 1557 2026 insipientis
1601 1945 1844 2024 sapien-

64 2049 188 2107 tiae
256 2047 688 2127 praedicantur
757 2047 1050 2109 Chaldaei
1120 2058 1181 2106 et
1235 2046 1560 2125 Aegyptii,
1614 2052 1845 2104 morta-

66 2147 251 2221 lium,
308 2157 377 2206 ut
430 2148 599 2206 sama
652 2148 957 2227 loquitur,
1013 2147 1448 2226 antiquissimi3
1505 2143 1582 2202 de
1627 2142 1843 2222 quibus

69 2247 186 2305 etsi
238 2246 367 2306 fere
422 2245 719 2325 quidquid
763 2245 987 2304 dicitur
1029 2245 1418 2303 mendacium
1465 2252 1585 2316 est,
1638 2253 1845 2299 tamen

68 2364 256 2423 genus
311 2347 429 2404 hoc
482 2344 990 2425 philosophandi,
1052 2344 1217 2423 quod
1271 2343 1449 2402 nobis
1504 2341 1740 2421 puerile
1785 2349 1846 2397 et

67 2446 363 2505 lusorium
430 2443 706 2518 videtur,
775 2462 900 2503 non
957 2444 1225 2503 alienum
1288 2441 1536 2503 videtur
1589 2439 1666 2499 ab
1720 2439 1844 2497 illis

67 2545 283 2604 seculis
303 2587 320 2617 ,
364 2543 582 2624 quibus
624 2545 867 2622 ingenia
907 2542 1086 2603 rudia
1127 2544 1493 2602 infinitatem
1533 2557 1742 2600 rerum
1787 2547 1847 2597 et

69 2654 324 2704 naturae
379 2644 822 2722 intelligentiae
870 2662 1017 2704 suae
1073 2644 1365 2722 angustiis
1420 2643 1624 2702 metiri
1668 2658 1844 2699 cona-

69 2754 310 2818 rentur,
353 2745 522 2804 nullo
567 2743 766 2804 adhuc
809 2746 1105 2825 comperti
1143 2744 1591 2823 incompertive
1634 2739 1845 2799 discri-

72 2845 251 2903 mine.
346 2846 513 2904 Inter
568 2846 861 2905 Graeciae
917 2845 1323 2927 philosophos
1381 2844 1661 2922 antiquos
1720 2840 1842 2899 duo

74 2953 216 3003 sunt
298 2946 402 3023 qui
463 2945 619 3005 hanc
683 2946 912 3005 aeriam
971 2946 1141 3008 viam
1206 2953 1476 3004 tentasse
1542 2940 1843 3011 dicuntur,

74 3041 471 3105 barbarorum
529 3045 816 3127 discipuli
875 3046 1135 3119 scilicet,
1196 3045 1572 3122 Pythagoras
1617 3051 1677 3100 et
1718 3041 1844 3099 De-

0 3135 1 3138 ’
76 3145 394 3218 mocritus,
463 3162 720 3226 quorum
791 3154 1045 3225 uterque
1103 3156 1196 3204 tot
1248 3144 1473 3203 fabulis
1528 3142 1843 3203 involutus

197 3308 272 3364 [⁸]
323 3309 441 3356 Malo
480 3313 624 3358 verbis
669 3326 815 3372 parum
866 3315 1009 3359 latinis
1051 3314 1111 3357 uti
1161 3326 1284 3369 quam
1331 3312 1376 3355 id
1424 3325 1506 3355 non
1548 3311 1690 3355 dicere
1731 3310 1841 3365 quod

82 3366 190 3408 volo.

1388 3444 1429 3502 8
1477 3447 1509 3486 ¹0<
