<?xml version="1.0" encoding="UTF-8"?>
<!DOCTYPE html PUBLIC "-//W3C//DTD XHTML 1.0 Transitional//EN"
    "http://www.w3.org/TR/xhtml1/DTD/xhtml1-transitional.dtd">
<html xmlns="http://www.w3.org/1999/xhtml" xml:lang="en" lang="en">
 <head>
  <title>
</title>
<meta http-equiv="Content-Type" content="text/html;charset=utf-8" />
  <meta name='ocr-system' content='tesseract 3.04.00' />
  <meta name='ocr-capabilities' content='ocr_page ocr_carea ocr_par ocr_line ocrx_word'/>
</head>
<body>
  <div class='ocr_page' id='page_1' title='image "./aglaophamussived02lobeuoft_0409.png"; bbox 0 0 2150 3814; ppageno 0'>
   <div class='ocr_carea' id='block_1_1' title="bbox 786 204 1939 280">
    <p class='ocr_par' dir='ltr' id='par_1_1' title="bbox 786 204 1939 280">
     <span class='ocr_line' id='line_1_1' title="bbox 786 204 1939 280; baseline 0.01 -25"><span class='ocrx_word' id='word_1_1' title='bbox 786 212 1351 257; x_wconf 79' lang='lat' dir='ltr'><strong>SAMOTHRACIA.</strong></span> <span class='ocrx_word' id='word_1_2' title='bbox 1780 204 1939 280; x_wconf 80' lang='lat'>1185</span> 
     </span>
    </p>
   </div>
   <div class='ocr_carea' id='block_1_2' title="bbox 104 339 2015 3409">
    <p class='ocr_par' dir='ltr' id='par_1_2' title="bbox 104 339 2015 3409">
     <span class='ocr_line' id='line_1_2' title="bbox 104 339 1942 416; baseline 0.004 -15"><span class='ocrx_word' id='word_1_3' title='bbox 104 390 106 392; x_wconf 91' lang='lat'>.</span> <span class='ocrx_word' id='word_1_4' title='bbox 165 341 318 416; x_wconf 90' lang='lat' dir='ltr'>den,</span> <span class='ocrx_word' id='word_1_5' title='bbox 362 341 527 403; x_wconf 86' lang='lat' dir='ltr'>unde</span> <span class='ocrx_word' id='word_1_6' title='bbox 567 339 806 400; x_wconf 87' lang='lat' dir='ltr'>insulae</span> <span class='ocrx_word' id='word_1_7' title='bbox 849 356 1090 400; x_wconf 89' lang='lat' dir='ltr'>nomen.</span> <span class='ocrx_word' id='word_1_8' title='bbox 1179 340 1326 401; x_wconf 88' lang='lat' dir='ltr'>Illos</span> <span class='ocrx_word' id='word_1_9' title='bbox 1375 361 1528 403; x_wconf 75' lang='lat' dir='ltr'>vero</span> <span class='ocrx_word' id='word_1_10' title='bbox 1573 362 1699 404; x_wconf 90' lang='lat' dir='ltr'>non</span> <span class='ocrx_word' id='word_1_11' title='bbox 1742 347 1942 409; x_wconf 90' lang='lat' dir='ltr'>solum</span> 
     </span>
     <span class='ocr_line' id='line_1_3' title="bbox 162 437 1942 506; baseline 0.002 -4"><span class='ocrx_word' id='word_1_12' title='bbox 162 442 390 502; x_wconf 90' lang='lat' dir='ltr'>multas</span> <span class='ocrx_word' id='word_1_13' title='bbox 443 458 540 501; x_wconf 89' lang='lat' dir='ltr'>res</span> <span class='ocrx_word' id='word_1_14' title='bbox 596 437 676 500; x_wconf 87' lang='lat' dir='ltr'>ad</span> <span class='ocrx_word' id='word_1_15' title='bbox 730 438 900 500; x_wconf 83' lang='lat' dir='ltr'>vitae</span> <span class='ocrx_word' id='word_1_16' title='bbox 944 439 1174 500; x_wconf 85' lang='lat' dir='ltr'>cultum</span> <span class='ocrx_word' id='word_1_17' title='bbox 1219 443 1590 504; x_wconf 87' lang='lat' dir='ltr'>necessarias</span> <span class='ocrx_word' id='word_1_18' title='bbox 1632 445 1942 506; x_wconf 88' lang='lat' dir='ltr'>invenisse</span> 
     </span>
     <span class='ocr_line' id='line_1_4' title="bbox 160 536 1941 619; baseline 0.002 -17"><span class='ocrx_word' id='word_1_19' title='bbox 160 540 273 602; x_wconf 87' lang='lat' dir='ltr'>sed</span> <span class='ocrx_word' id='word_1_20' title='bbox 313 542 498 601; x_wconf 88' lang='lat' dir='ltr'>etiam</span> <span class='ocrx_word' id='word_1_21' title='bbox 542 539 744 619; x_wconf 85' lang='lat' dir='ltr'>prima</span> <span class='ocrx_word' id='word_1_22' title='bbox 787 536 1045 601; x_wconf 90' lang='lat' dir='ltr'>deorum</span> <span class='ocrx_word' id='word_1_23' title='bbox 1086 541 1418 603; x_wconf 86' lang='lat' dir='ltr'>simulacra</span> <span class='ocrx_word' id='word_1_24' title='bbox 1453 543 1784 604; x_wconf 81' lang='lat' dir='ltr'><strong>confecisse</strong></span> <span class='ocrx_word' id='word_1_25' title='bbox 1811 551 1941 605; x_wconf 88' lang='lat' dir='ltr'>ta&#39;n-</span> 
     </span>
     <span class='ocr_line' id='line_1_5' title="bbox 159 637 1941 719; baseline 0.002 -17"><span class='ocrx_word' id='word_1_26' title='bbox 159 652 407 719; x_wconf 81' lang='lat' dir='ltr'><strong>tamque</strong></span> <span class='ocrx_word' id='word_1_27' title='bbox 446 637 638 698; x_wconf 87' lang='lat' dir='ltr'>fuisse</span> <span class='ocrx_word' id='word_1_28' title='bbox 681 637 850 719; x_wconf 87' lang='lat' dir='ltr'>apud</span> <span class='ocrx_word' id='word_1_29' title='bbox 894 659 1000 701; x_wconf 92' lang='lat' dir='ltr'>eos</span> <span class='ocrx_word' id='word_1_30' title='bbox 1039 660 1243 701; x_wconf 88' lang='lat' dir='ltr'>rerum</span> <span class='ocrx_word' id='word_1_31' title='bbox 1270 641 1722 704; x_wconf 86' lang='lat' dir='ltr'>reconditarum</span> <span class='ocrx_word' id='word_1_32' title='bbox 1749 646 1941 705; x_wconf 89' lang='lat' dir='ltr'>scien-</span> 
     </span>
     <span class='ocr_line' id='line_1_6' title="bbox 157 741 1940 825; baseline 0.002 -25"><span class='ocrx_word' id='word_1_33' title='bbox 157 741 308 800; x_wconf 83' lang='lat' dir='ltr'>tiam</span> <span class='ocrx_word' id='word_1_34' title='bbox 375 747 447 798; x_wconf 92' lang='lat' dir='ltr'>ut</span> <span class='ocrx_word' id='word_1_35' title='bbox 516 746 916 820; x_wconf 84' lang='lat' dir='ltr'>tempestates</span> <span class='ocrx_word' id='word_1_36' title='bbox 973 742 1276 801; x_wconf 86' lang='lat' dir='ltr'>concitare</span> <span class='ocrx_word' id='word_1_37' title='bbox 1292 785 1309 814; x_wconf 90' lang='lat'>,</span> <span class='ocrx_word' id='word_1_38' title='bbox 1364 742 1592 803; x_wconf 83' lang='lat' dir='ltr'><strong>imbres</strong></span> <span class='ocrx_word' id='word_1_39' title='bbox 1645 745 1940 825; x_wconf 83' lang='lat' dir='ltr'>nivesque</span> 
     </span>
     <span class='ocr_line' id='line_1_7' title="bbox 155 827 1937 921; baseline 0.004 -24"><span class='ocrx_word' id='word_1_40' title='bbox 155 836 498 911; x_wconf 84' lang='lat' dir='ltr'>effundere,</span> <span class='ocrx_word' id='word_1_41' title='bbox 556 827 743 919; x_wconf 90' lang='lat' dir='ltr'>seque</span> <span class='ocrx_word' id='word_1_42' title='bbox 799 840 865 898; x_wconf 92' lang='lat' dir='ltr'>in</span> <span class='ocrx_word' id='word_1_43' title='bbox 920 859 1071 921; x_wconf 88' lang='lat' dir='ltr'>quas</span> <span class='ocrx_word' id='word_1_44' title='bbox 1126 841 1359 902; x_wconf 88' lang='lat' dir='ltr'>vellent</span> <span class='ocrx_word' id='word_1_45' title='bbox 1413 842 1642 903; x_wconf 83' lang='lat' dir='ltr'>formas</span> <span class='ocrx_word' id='word_1_46' title='bbox 1699 852 1937 905; x_wconf 86' lang='lat' dir='ltr'>vertere</span> 
     </span>
     <span class='ocr_line' id='line_1_8' title="bbox 154 936 1937 1020; baseline 0.004 -23"><span class='ocrx_word' id='word_1_47' title='bbox 154 936 561 999; x_wconf 79' lang='lat' dir='ltr'>crederentur.</span> <span class='ocrx_word' id='word_1_48' title='bbox 646 937 919 1020; x_wconf 87' lang='lat' dir='ltr'>Neptuni</span> <span class='ocrx_word' id='word_1_49' title='bbox 963 950 1173 1000; x_wconf 88' lang='lat' dir='ltr'>autem</span> <span class='ocrx_word' id='word_1_50' title='bbox 1215 940 1376 1000; x_wconf 90' lang='lat' dir='ltr'>filios</span> <span class='ocrx_word' id='word_1_51' title='bbox 1411 942 1645 1002; x_wconf 83' lang='lat' dir='ltr'>violato</span> <span class='ocrx_word' id='word_1_52' title='bbox 1682 942 1937 1004; x_wconf 89' lang='lat' dir='ltr'>Veneris</span> 
     </span>
     <span class='ocr_line' id='line_1_9' title="bbox 152 1038 2015 1119; baseline 0.004 -22"><span class='ocrx_word' id='word_1_53' title='bbox 152 1041 411 1098; x_wconf 87' lang='lat' dir='ltr'>numine</span> <span class='ocrx_word' id='word_1_54' title='bbox 457 1040 525 1098; x_wconf 86' lang='lat' dir='ltr'>in</span> <span class='ocrx_word' id='word_1_55' title='bbox 579 1040 884 1099; x_wconf 86' lang='lat' dir='ltr'>insaniam</span> <span class='ocrx_word' id='word_1_56' title='bbox 939 1038 1228 1099; x_wconf 82' lang='lat' dir='ltr'>incidisse</span> <span class='ocrx_word' id='word_1_57' title='bbox 1280 1039 1613 1119; x_wconf 89' lang='lat' dir='ltr'>multisque</span> <span class='ocrx_word' id='word_1_58' title='bbox 1656 1040 1938 1102; x_wconf 85' lang='lat' dir='ltr'>facinori·</span> <span class='ocrx_word' id='word_1_59' title='bbox 2013 1102 2015 1105; x_wconf 10' lang='grc' dir='ltr'><em>Α</em></span> 
     </span>
     <span class='ocr_line' id='line_1_10' title="bbox 152 1135 1936 1218; baseline 0.002 -22"><span class='ocrx_word' id='word_1_60' title='bbox 152 1137 265 1198; x_wconf 78' lang='lat' dir='ltr'>bus</span> <span class='ocrx_word' id='word_1_61' title='bbox 333 1140 703 1218; x_wconf 84' lang='lat' dir='ltr'>perpetratis</span> <span class='ocrx_word' id='word_1_62' title='bbox 760 1157 798 1197; x_wconf 89' lang='lat' dir='ltr'>a</span> <span class='ocrx_word' id='word_1_63' title='bbox 853 1147 1030 1217; x_wconf 87' lang='lat' dir='ltr'>patre</span> <span class='ocrx_word' id='word_1_64' title='bbox 1086 1137 1200 1196; x_wconf 91' lang='lat' dir='ltr'>sub</span> <span class='ocrx_word' id='word_1_65' title='bbox 1253 1146 1417 1196; x_wconf 88' lang='lat' dir='ltr'>terra</span> <span class='ocrx_word' id='word_1_66' title='bbox 1482 1135 1727 1199; x_wconf 86' lang='lat' dir='ltr'>abditos</span> <span class='ocrx_word' id='word_1_67' title='bbox 1782 1158 1936 1214; x_wconf 89' lang='lat' dir='ltr'>esse,</span> 
     </span>
     <span class='ocr_line' id='line_1_11' title="bbox 149 1235 1937 1320; baseline 0.003 -25"><span class='ocrx_word' id='word_1_68' title='bbox 149 1245 370 1316; x_wconf 85' lang='lat' dir='ltr'>postea</span> <span class='ocrx_word' id='word_1_69' title='bbox 410 1235 766 1320; x_wconf 78' lang='grc' dir='ltr'><strong><em>προςηῴους</em></strong></span> <span class='ocrx_word' id='word_1_70' title='bbox 808 1236 1113 1318; x_wconf 75' lang='grc' dir='ltr'><strong><em>δαίμονας</em></strong></span> <span class='ocrx_word' id='word_1_71' title='bbox 1155 1246 1541 1317; x_wconf 88' lang='lat' dir='ltr'>nuncupatos</span> <span class='ocrx_word' id='word_1_72' title='bbox 1575 1258 1613 1299; x_wconf 86' lang='lat' dir='ltr'>a</span> <span class='ocrx_word' id='word_1_73' title='bbox 1646 1239 1768 1300; x_wconf 89' lang='lat' dir='ltr'>situ</span> <span class='ocrx_word' id='word_1_74' title='bbox 1797 1239 1937 1315; x_wconf 90' lang='lat' dir='ltr'>loci,</span> 
     </span>
     <span class='ocr_line' id='line_1_12' title="bbox 148 1335 1934 1421; baseline 0.002 -25"><span class='ocrx_word' id='word_1_75' title='bbox 148 1338 214 1396; x_wconf 87' lang='lat' dir='ltr'>ni</span> <span class='ocrx_word' id='word_1_76' title='bbox 258 1336 463 1409; x_wconf 80' lang='lat' dir='ltr'>fallor,</span> <span class='ocrx_word' id='word_1_77' title='bbox 507 1346 579 1395; x_wconf 90' lang='lat' dir='ltr'>ut</span> <span class='ocrx_word' id='word_1_78' title='bbox 606 1338 906 1418; x_wconf 65' lang='grc' dir='ltr'><strong><em>”Αρτεμ,ις</em></strong></span> <span class='ocrx_word' id='word_1_79' title='bbox 949 1335 1262 1421; x_wconf 74' lang='grc' dir='ltr'><strong><em>Προςηῴα</em></strong></span> <span class='ocrx_word' id='word_1_80' title='bbox 1305 1337 1597 1399; x_wconf 83' lang='lat' dir='ltr'>Euboeae</span> <span class='ocrx_word' id='word_1_81' title='bbox 1632 1339 1934 1400; x_wconf 83' lang='lat' dir='ltr'>Plutarch.</span> 
     </span>
     <span class='ocr_line' id='line_1_13' title="bbox 149 1434 1935 1519; baseline 0.002 -23"><span class='ocrx_word' id='word_1_82' title='bbox 149 1435 444 1496; x_wconf 89' lang='lat' dir='ltr'>Themist.</span> <span class='ocrx_word' id='word_1_83' title='bbox 501 1434 661 1496; x_wconf 90' lang='lat' dir='ltr'><strong>VIII.</strong></span> <span class='ocrx_word' id='word_1_84' title='bbox 716 1434 861 1497; x_wconf 83' lang='lat'>455.</span> <span class='ocrx_word' id='word_1_85' title='bbox 905 1439 1257 1519; x_wconf 87' lang='lat' dir='ltr'>pariterque</span> <span class='ocrx_word' id='word_1_86' title='bbox 1310 1436 1593 1512; x_wconf 86' lang='lat' dir='ltr'>Haliam,</span> <span class='ocrx_word' id='word_1_87' title='bbox 1635 1457 1822 1519; x_wconf 93' lang='lat' dir='ltr'>quum</span> <span class='ocrx_word' id='word_1_88' title='bbox 1867 1458 1935 1500; x_wconf 89' lang='lat' dir='ltr'>se</span> 
     </span>
     <span class='ocr_line' id='line_1_14' title="bbox 148 1536 1934 1619; baseline 0.003 -24"><span class='ocrx_word' id='word_1_89' title='bbox 148 1536 227 1596; x_wconf 92' lang='lat' dir='ltr'>ob</span> <span class='ocrx_word' id='word_1_90' title='bbox 297 1543 587 1595; x_wconf 87' lang='lat' dir='ltr'>natorum</span> <span class='ocrx_word' id='word_1_91' title='bbox 655 1536 885 1614; x_wconf 84' lang='lat' dir='ltr'>flagitia</span> <span class='ocrx_word' id='word_1_92' title='bbox 955 1539 1022 1596; x_wconf 91' lang='lat' dir='ltr'>in</span> <span class='ocrx_word' id='word_1_93' title='bbox 1090 1558 1261 1598; x_wconf 85' lang='lat' dir='ltr'>mare</span> <span class='ocrx_word' id='word_1_94' title='bbox 1328 1539 1825 1619; x_wconf 81' lang='lat' dir='ltr'>praecipitasset,</span> <span class='ocrx_word' id='word_1_95' title='bbox 1894 1557 1934 1600; x_wconf 88' lang='lat' dir='ltr'>a</span> 
     </span>
     <span class='ocr_line' id='line_1_15' title="bbox 147 1635 1930 1716; baseline 0.002 -21"><span class='ocrx_word' id='word_1_96' title='bbox 147 1637 412 1716; x_wconf 86' lang='lat' dir='ltr'>posteris</span> <span class='ocrx_word' id='word_1_97' title='bbox 453 1636 717 1699; x_wconf 85' lang='lat' dir='ltr'>honores</span> <span class='ocrx_word' id='word_1_98' title='bbox 761 1635 1006 1696; x_wconf 88' lang='lat' dir='ltr'>divinos</span> <span class='ocrx_word' id='word_1_99' title='bbox 1053 1648 1114 1698; x_wconf 90' lang='lat' dir='ltr'>et</span> <span class='ocrx_word' id='word_1_100' title='bbox 1138 1638 1525 1699; x_wconf 88' lang='lat' dir='ltr'>Leucotheae</span> <span class='ocrx_word' id='word_1_101' title='bbox 1565 1657 1791 1699; x_wconf 90' lang='lat' dir='ltr'>nomen</span> <span class='ocrx_word' id='word_1_102' title='bbox 1834 1656 1930 1699; x_wconf 89' lang='lat' dir='ltr'>ac-</span> 
     </span>
     <span class='ocr_line' id='line_1_16' title="bbox 147 1734 1934 1817; baseline 0 -21"><span class='ocrx_word' id='word_1_103' title='bbox 147 1738 397 1817; x_wconf 87' lang='lat' dir='ltr'>cepisse.</span> <span class='ocrx_word' id='word_1_104' title='bbox 492 1734 706 1815; x_wconf 86' lang='lat' dir='ltr'>Neque</span> <span class='ocrx_word' id='word_1_105' title='bbox 761 1735 1082 1794; x_wconf 88' lang='lat' dir='ltr'>Telchines</span> <span class='ocrx_word' id='word_1_106' title='bbox 1138 1739 1310 1816; x_wconf 89' lang='lat' dir='ltr'>ipsos</span> <span class='ocrx_word' id='word_1_107' title='bbox 1367 1739 1598 1798; x_wconf 86' lang='lat' dir='ltr'>diutius</span> <span class='ocrx_word' id='word_1_108' title='bbox 1656 1740 1814 1797; x_wconf 88' lang='lat' dir='ltr'>circa</span> <span class='ocrx_word' id='word_1_109' title='bbox 1857 1756 1934 1812; x_wconf 49' lang='lat' dir='ltr'>ea¹</span> 
     </span>
     <span class='ocr_line' id='line_1_17' title="bbox 147 1832 1930 1897; baseline 0.001 -4"><span class='ocrx_word' id='word_1_110' title='bbox 147 1835 284 1895; x_wconf 90' lang='lat' dir='ltr'>loca</span> <span class='ocrx_word' id='word_1_111' title='bbox 335 1843 608 1895; x_wconf 86' lang='lat' dir='ltr'>moratos</span> <span class='ocrx_word' id='word_1_112' title='bbox 663 1832 774 1893; x_wconf 92' lang='lat' dir='ltr'>sed</span> <span class='ocrx_word' id='word_1_113' title='bbox 811 1835 1140 1894; x_wconf 89' lang='lat' dir='ltr'>instantem</span> <span class='ocrx_word' id='word_1_114' title='bbox 1185 1838 1423 1896; x_wconf 89' lang='lat' dir='ltr'>insulae</span> <span class='ocrx_word' id='word_1_115' title='bbox 1465 1836 1930 1897; x_wconf 86' lang='lat' dir='ltr'>inundationem</span> 
     </span>
     <span class='ocr_line' id='line_1_18' title="bbox 142 1932 1930 2016; baseline 0.001 -22"><span class='ocrx_word' id='word_1_116' title='bbox 142 1935 626 2015; x_wconf 88' lang='lat' dir='ltr'>praesentientes</span> <span class='ocrx_word' id='word_1_117' title='bbox 669 1932 825 1992; x_wconf 90' lang='lat' dir='ltr'>alios</span> <span class='ocrx_word' id='word_1_118' title='bbox 870 1933 993 1992; x_wconf 89' lang='lat' dir='ltr'>alio</span> <span class='ocrx_word' id='word_1_119' title='bbox 1039 1933 1348 2016; x_wconf 58' lang='lat' dir='ltr'>dilapsos»,</span> <span class='ocrx_word' id='word_1_120' title='bbox 1403 1936 1638 2013; x_wconf 88' lang='lat' dir='ltr'>Lycum</span> <span class='ocrx_word' id='word_1_121' title='bbox 1681 1937 1747 1995; x_wconf 93' lang='lat' dir='ltr'>in</span> <span class='ocrx_word' id='word_1_122' title='bbox 1793 1955 1930 1995; x_wconf 86' lang='lat' dir='ltr'>eam</span> 
     </span>
     <span class='ocr_line' id='line_1_19' title="bbox 145 2033 1931 2116; baseline 0.001 -22"><span class='ocrx_word' id='word_1_123' title='bbox 145 2036 490 2114; x_wconf 87' lang='lat' dir='ltr'>regionem,</span> <span class='ocrx_word' id='word_1_124' title='bbox 545 2052 699 2113; x_wconf 88' lang='lat' dir='ltr'>quae</span> <span class='ocrx_word' id='word_1_125' title='bbox 754 2033 831 2092; x_wconf 86' lang='lat' dir='ltr'>ab</span> <span class='ocrx_word' id='word_1_126' title='bbox 889 2034 1022 2111; x_wconf 87' lang='lat' dir='ltr'>ejus</span> <span class='ocrx_word' id='word_1_127' title='bbox 1079 2037 1329 2095; x_wconf 91' lang='lat' dir='ltr'>nomine</span> <span class='ocrx_word' id='word_1_128' title='bbox 1381 2035 1575 2113; x_wconf 92' lang='lat' dir='ltr'>Lycia</span> <span class='ocrx_word' id='word_1_129' title='bbox 1618 2036 1931 2116; x_wconf 87' lang='lat' dir='ltr'>appellata</span> 
     </span>
     <span class='ocr_line' id='line_1_20' title="bbox 146 2133 1928 2214; baseline -0.001 -20"><span class='ocrx_word' id='word_1_130' title='bbox 146 2145 256 2194; x_wconf 89' lang='lat' dir='ltr'>est.</span> <span class='ocrx_word' id='word_1_131' title='bbox 353 2133 639 2193; x_wconf 88' lang='lat' dir='ltr'>Rhodum</span> <span class='ocrx_word' id='word_1_132' title='bbox 696 2142 938 2205; x_wconf 92' lang='lat' dir='ltr'>autem,</span> <span class='ocrx_word' id='word_1_133' title='bbox 999 2142 1327 2214; x_wconf 90' lang='lat' dir='ltr'>postquam</span> <span class='ocrx_word' id='word_1_134' title='bbox 1382 2152 1591 2193; x_wconf 87' lang='lat' dir='ltr'>rursus</span> <span class='ocrx_word' id='word_1_135' title='bbox 1648 2154 1683 2192; x_wconf 92' lang='lat' dir='ltr'>e</span> <span class='ocrx_word' id='word_1_136' title='bbox 1737 2134 1928 2194; x_wconf 88' lang='lat' dir='ltr'>flucti-</span> 
     </span>
     <span class='ocr_line' id='line_1_21' title="bbox 145 2231 1930 2306; baseline 0 -13"><span class='ocrx_word' id='word_1_137' title='bbox 145 2234 261 2293; x_wconf 92' lang='lat' dir='ltr'>bus</span> <span class='ocrx_word' id='word_1_138' title='bbox 318 2233 599 2306; x_wconf 90' lang='lat' dir='ltr'>emersit,</span> <span class='ocrx_word' id='word_1_139' title='bbox 656 2240 894 2293; x_wconf 89' lang='lat' dir='ltr'>vastam</span> <span class='ocrx_word' id='word_1_140' title='bbox 954 2249 992 2290; x_wconf 90' lang='lat' dir='ltr'>a</span> <span class='ocrx_word' id='word_1_141' title='bbox 1034 2232 1366 2293; x_wconf 87' lang='lat' dir='ltr'>cultoribus</span> <span class='ocrx_word' id='word_1_142' title='bbox 1409 2231 1714 2293; x_wconf 87' lang='lat' dir='ltr'>Heliadae</span> <span class='ocrx_word' id='word_1_143' title='bbox 1758 2251 1930 2294; x_wconf 90' lang='lat' dir='ltr'>occu—</span> 
     </span>
     <span class='ocr_line' id='line_1_22' title="bbox 146 2330 1931 2414; baseline -0.001 -22"><span class='ocrx_word' id='word_1_144' title='bbox 146 2351 392 2414; x_wconf 90' lang='lat' dir='ltr'>pavere.</span> <span class='ocrx_word' id='word_1_145' title='bbox 465 2330 669 2405; x_wconf 80' lang='lat' dir='ltr'>Quota</span> <span class='ocrx_word' id='word_1_146' title='bbox 711 2350 855 2412; x_wconf 85' lang='lat' dir='ltr'>pars</span> <span class='ocrx_word' id='word_1_147' title='bbox 896 2331 1077 2409; x_wconf 89' lang='lat' dir='ltr'>hujus</span> <span class='ocrx_word' id='word_1_148' title='bbox 1121 2334 1613 2393; x_wconf 87' lang='lat' dir='ltr'>narratiunculae</span> <span class='ocrx_word' id='word_1_149' title='bbox 1656 2352 1731 2392; x_wconf 88' lang='lat' dir='ltr'>ex</span> <span class='ocrx_word' id='word_1_150' title='bbox 1774 2334 1931 2392; x_wconf 89' lang='lat' dir='ltr'>anti-</span> 
     </span>
     <span class='ocr_line' id='line_1_23' title="bbox 145 2430 1927 2514; baseline -0.001 -23"><span class='ocrx_word' id='word_1_151' title='bbox 145 2434 280 2514; x_wconf 90' lang='lat' dir='ltr'>quis</span> <span class='ocrx_word' id='word_1_152' title='bbox 339 2431 541 2491; x_wconf 88' lang='lat' dir='ltr'>Rhodi</span> <span class='ocrx_word' id='word_1_153' title='bbox 607 2433 1004 2491; x_wconf 90' lang='lat' dir='ltr'>monimentis</span> <span class='ocrx_word' id='word_1_154' title='bbox 1060 2431 1344 2492; x_wconf 88' lang='lat' dir='ltr'>derivata</span> <span class='ocrx_word' id='word_1_155' title='bbox 1399 2436 1513 2506; x_wconf 90' lang='lat' dir='ltr'>sit,</span> <span class='ocrx_word' id='word_1_156' title='bbox 1581 2430 1750 2491; x_wconf 90' lang='lat' dir='ltr'>haud</span> <span class='ocrx_word' id='word_1_157' title='bbox 1806 2433 1927 2491; x_wconf 93' lang='lat' dir='ltr'>cito</span> 
     </span>
     <span class='ocr_line' id='line_1_24' title="bbox 143 2529 1928 2613; baseline -0.001 -21"><span class='ocrx_word' id='word_1_158' title='bbox 143 2534 279 2613; x_wconf 89' lang='lat' dir='ltr'>quis</span> <span class='ocrx_word' id='word_1_159' title='bbox 338 2531 652 2604; x_wconf 87' lang='lat' dir='ltr'>decernat,</span> <span class='ocrx_word' id='word_1_160' title='bbox 709 2529 820 2590; x_wconf 88' lang='lat' dir='ltr'>sed</span> <span class='ocrx_word' id='word_1_161' title='bbox 875 2541 1053 2590; x_wconf 89' lang='lat' dir='ltr'>vetus</span> <span class='ocrx_word' id='word_1_162' title='bbox 1110 2532 1302 2592; x_wconf 84' lang='lat' dir='ltr'>fuisse</span> <span class='ocrx_word' id='word_1_163' title='bbox 1352 2534 1419 2592; x_wconf 90' lang='lat' dir='ltr'>in</span> <span class='ocrx_word' id='word_1_164' title='bbox 1461 2533 1576 2591; x_wconf 90' lang='lat' dir='ltr'>hac</span> <span class='ocrx_word' id='word_1_165' title='bbox 1617 2531 1822 2590; x_wconf 88' lang='lat' dir='ltr'>insula</span> <span class='ocrx_word' id='word_1_166' title='bbox 1866 2540 1928 2591; x_wconf 88' lang='lat' dir='ltr'>et</span> 
     </span>
     <span class='ocr_line' id='line_1_25' title="bbox 144 2628 1926 2695; baseline -0.002 -3"><span class='ocrx_word' id='word_1_167' title='bbox 144 2631 550 2692; x_wconf 90' lang='lat' dir='ltr'>domesticum</span> <span class='ocrx_word' id='word_1_168' title='bbox 594 2628 951 2694; x_wconf 88' lang='lat' dir='ltr'>Telchinum</span> <span class='ocrx_word' id='word_1_169' title='bbox 1011 2651 1236 2692; x_wconf 89' lang='lat' dir='ltr'>nomen</span> <span class='ocrx_word' id='word_1_170' title='bbox 1281 2631 1536 2695; x_wconf 90' lang='lat' dir='ltr'>deorum</span> <span class='ocrx_word' id='word_1_171' title='bbox 1582 2631 1926 2691; x_wconf 90' lang='lat' dir='ltr'>Telchinio-</span> 
     </span>
     <span class='ocr_line' id='line_1_26' title="bbox 141 2730 1925 2801; baseline -0.003 -7"><span class='ocrx_word' id='word_1_172' title='bbox 141 2750 280 2794; x_wconf 90' lang='lat' dir='ltr'>rum</span> <span class='ocrx_word' id='word_1_173' title='bbox 347 2730 651 2793; x_wconf 89' lang='lat' dir='ltr'>vocabula</span> <span class='ocrx_word' id='word_1_174' title='bbox 690 2739 1016 2801; x_wconf 62' lang='lat' dir='ltr'>‘testantur</span> <span class='ocrx_word' id='word_1_175' title='bbox 1067 2730 1335 2791; x_wconf 85' lang='lat' dir='ltr'>Diodori</span> <span class='ocrx_word' id='word_1_176' title='bbox 1388 2732 1675 2790; x_wconf 89' lang='lat' dir='ltr'>relationi</span> <span class='ocrx_word' id='word_1_177' title='bbox 1733 2732 1925 2790; x_wconf 88' lang='lat' dir='ltr'>inser-</span> 
     </span>
     <span class='ocr_line' id='line_1_27' title="bbox 147 2829 1926 2916; baseline 0.001 -24"><span class='ocrx_word' id='word_1_178' title='bbox 147 2842 231 2906; x_wconf 83' lang='lat' dir='ltr'>ta,</span> <span class='ocrx_word' id='word_1_179' title='bbox 273 2849 427 2912; x_wconf 86' lang='lat' dir='ltr'>quae</span> <span class='ocrx_word' id='word_1_180' title='bbox 470 2840 632 2891; x_wconf 90' lang='lat' dir='ltr'>certe</span> <span class='ocrx_word' id='word_1_181' title='bbox 675 2829 754 2890; x_wconf 90' lang='lat' dir='ltr'>ab</span> <span class='ocrx_word' id='word_1_182' title='bbox 798 2833 1156 2913; x_wconf 87' lang='lat' dir='ltr'>antiquariis</span> <span class='ocrx_word' id='word_1_183' title='bbox 1201 2833 1341 2890; x_wconf 88' lang='lat' dir='ltr'>ficta</span> <span class='ocrx_word' id='word_1_184' title='bbox 1382 2849 1507 2889; x_wconf 92' lang='lat' dir='ltr'>non</span> <span class='ocrx_word' id='word_1_185' title='bbox 1545 2840 1716 2916; x_wconf 81' lang='lat' dir='ltr'>sunt:</span> <span class='ocrx_word' id='word_1_186' title='bbox 1759 2831 1926 2913; x_wconf 79' lang='grc' dir='ltr'><strong><em>παρὰ</em></strong></span> 
     </span>
     <span class='ocr_line' id='line_1_28' title="bbox 148 2928 1918 3018; baseline -0.001 -26"><span class='ocrx_word' id='word_1_187' title='bbox 148 2931 429 3001; x_wconf 73' lang='grc' dir='ltr'><strong><em>Λινδίοις</em></strong></span> <span class='ocrx_word' id='word_1_188' title='bbox 513 2928 860 2995; x_wconf 83' lang='grc' dir='ltr'><strong><em>Ἀπόλλωνα</em></strong></span> <span class='ocrx_word' id='word_1_189' title='bbox 945 2932 1256 3013; x_wconf 78' lang='grc' dir='ltr'><em>Τελχίνιον</em></span> <span class='ocrx_word' id='word_1_190' title='bbox 1322 2934 1918 3018; x_wconf 74' lang='grc' dir='ltr'><strong><em>προςαγορευθῆναι,</em></strong></span> 
     </span>
     <span class='ocr_line' id='line_1_29' title="bbox 150 3028 1917 3115; baseline -0.001 -22"><span class='ocrx_word' id='word_1_191' title='bbox 150 3030 320 3114; x_wconf 79' lang='grc' dir='ltr'><strong><em>παρὰ</em></strong></span> <span class='ocrx_word' id='word_1_192' title='bbox 372 3030 440 3093; x_wconf 76' lang='grc' dir='ltr'>δὲ</span> <span class='ocrx_word' id='word_1_193' title='bbox 485 3031 800 3102; x_wconf 80' lang='grc' dir='ltr'><strong><em>Ἰαλυσίοις</em></strong></span> <span class='ocrx_word' id='word_1_194' title='bbox 837 3032 1041 3115; x_wconf 64' lang='grc' dir='ltr'><strong><em>’Ἡραν</em></strong></span> <span class='ocrx_word' id='word_1_195' title='bbox 1096 3033 1200 3096; x_wconf 81' lang='grc' dir='ltr'>καὶ</span> <span class='ocrx_word' id='word_1_196' title='bbox 1253 3028 1526 3113; x_wconf 82' lang='grc' dir='ltr'><strong><em>Νύμφας</em></strong></span> <span class='ocrx_word' id='word_1_197' title='bbox 1587 3028 1917 3110; x_wconf 78' lang='grc' dir='ltr'><strong><em>Τελχινίας,</em></strong></span> 
     </span>
     <span class='ocr_line' id='line_1_30' title="bbox 151 3122 1915 3217; baseline -0.002 -26"><span class='ocrx_word' id='word_1_198' title='bbox 151 3129 318 3212; x_wconf 79' lang='grc' dir='ltr'><strong><em>παρὰ</em></strong></span> <span class='ocrx_word' id='word_1_199' title='bbox 360 3130 428 3194; x_wconf 79' lang='grc' dir='ltr'>δὲ</span> <span class='ocrx_word' id='word_1_200' title='bbox 473 3139 852 3215; x_wconf 78' lang='grc' dir='ltr'><strong><em>Καμιρεῦσιν</em></strong></span> <span class='ocrx_word' id='word_1_201' title='bbox 878 3133 1081 3217; x_wconf 47' lang='grc' dir='ltr'><strong><em>(Ἠραν</em></strong></span> <span class='ocrx_word' id='word_1_202' title='bbox 1131 3130 1464 3211; x_wconf 81' lang='grc' dir='ltr'><strong><em>Τελχινίαν.</em></strong></span> <span class='ocrx_word' id='word_1_203' title='bbox 1525 3122 1742 3190; x_wconf 85' lang='lat' dir='ltr'>Cetera</span> <span class='ocrx_word' id='word_1_204' title='bbox 1783 3148 1915 3206; x_wconf 84' lang='lat' dir='ltr'>my-</span> 
     </span>
     <span class='ocr_line' id='line_1_31' title="bbox 152 3228 1917 3307; baseline 0.001 -21"><span class='ocrx_word' id='word_1_205' title='bbox 152 3228 536 3307; x_wconf 85' lang='lat' dir='ltr'>thologorum</span> <span class='ocrx_word' id='word_1_206' title='bbox 603 3231 1121 3292; x_wconf 88' lang='lat' dir='ltr'>cathedrariorum</span> <span class='ocrx_word' id='word_1_207' title='bbox 1192 3232 1548 3290; x_wconf 89' lang='lat' dir='ltr'>commentis</span> <span class='ocrx_word' id='word_1_208' title='bbox 1618 3231 1917 3291; x_wconf 89' lang='lat' dir='ltr'>similiora</span> 
     </span>
     <span class='ocr_line' id='line_1_32' title="bbox 152 3326 1917 3409; baseline 0.001 -23"><span class='ocrx_word' id='word_1_209' title='bbox 152 3326 435 3388; x_wconf 86' lang='lat' dir='ltr'>videntur</span> <span class='ocrx_word' id='word_1_210' title='bbox 490 3349 668 3409; x_wconf 89' lang='lat' dir='ltr'>quam</span> <span class='ocrx_word' id='word_1_211' title='bbox 721 3333 986 3409; x_wconf 82' lang='lat' dir='ltr'>gentium</span> <span class='ocrx_word' id='word_1_212' title='bbox 1034 3331 1414 3392; x_wconf 86' lang='lat' dir='ltr'>indoctarum</span> <span class='ocrx_word' id='word_1_213' title='bbox 1458 3330 1682 3391; x_wconf 87' lang='lat' dir='ltr'>fabulis</span> <span class='ocrx_word' id='word_1_214' title='bbox 1725 3329 1917 3389; x_wconf 88' lang='lat' dir='ltr'>libero</span> 
     </span>
    </p>
   </div>
  </div>
 </body>
</html>
