2184 3840
797 226 1247 270 capuch.
1783 217 1907 278 815

143 359 405 442 ἀψύχων
462 358 559 419 οἷα
615 355 935 438 ψηφιδίων
988 354 1027 433 ἢ
1085 353 1286 418 λίθων
1337 354 1377 434 ἢ
1419 355 1674 438 ῥάβδων
1716 358 1755 436 ἢ
1799 359 1905 428 ξύ..

145 468 269 522 λων
310 464 499 520 τινῶν
541 457 581 536 ἢ
624 463 843 538 πυρῶν
883 454 923 533 ἢ
968 453 1246 536 ἀλφίτων
1265 456 1336 534 [¹²]
1382 454 1572 535 διήκει
1615 457 1684 518 τὸ
1730 460 1910 520 θεῖον

140 565 212 636 τῇ
279 553 656 638 προδηλώσει
670 602 692 629 ,
762 553 913 618 αὐτὸ
981 560 1164 616 τοῦτο
1220 554 1325 615 καὶ
1377 553 1905 636 θαυμασιώτατόν

138 659 263 716 ἐστι
330 663 437 734 τῆς
502 654 680 725 θείας
734 661 1032 736 μαντικῆς
1075 654 1528 736 προσημασίας·
1591 666 1653 716 et
1709 655 1908 715 Schol.

137 751 307 811 Pind.
362 753 537 830 Pyth.
591 748 694 813 IV.
750 754 891 813 337.
961 751 1224 816 εἰώθασι
1277 754 1383 817 διὰ
1439 754 1682 838 κλήρων
1747 780 1909 837 μαν-

135 851 426 916 τεύεσθαι
481 854 551 917 τὸ
610 855 759 937 πρὶν
800 854 904 916 καὶ
946 851 1108 933 ἦσαν
1150 853 1247 915 ἐπὶ
1287 862 1416 917 τῶν
1461 857 1642 937 ἱερῶν
1684 878 1909 937 τραπε-

137 953 263 1028 ζῶν
334 956 392 1016 οἱ
448 952 856 1038 ἀστράγαλοι,
915 953 1006 1021 οἷς
1059 957 1413 1031 ῥιπτοῦντες
1467 951 1874 1040 ἐμαντεύοντο
1893 972 1905 984 ·

134 1053 406 1132 talesque
457 1053 750 1134 μαντείας
806 1052 902 1114 ἐπὶ
957 1050 1166 1114 πίνακι
1220 1051 1327 1113 καὶ
1381 1050 1791 1138 ἀστραγάλοις
1843 1054 1908 1111 in

133 1152 364 1232 templo
429 1151 712 1211 Herculis
779 1151 1020 1211 Buraici
1082 1150 1388 1211 factitatas
1459 1170 1592 1211 esse
1651 1158 1910 1211 testatur

133 1251 462 1311 Pausanias
493 1251 610 1310 III.
655 1249 754 1311 25.
799 1253 945 1331 quin
988 1248 1222 1309 cortina
1264 1244 1569 1331 Delphica
1604 1250 1929 1330 ejusmodi-

132 1351 392 1411 calculos
450 1348 696 1413 divinos
750 1351 1017 1411 inclusos
1060 1350 1249 1410 fuisse
1292 1361 1548 1411 narrant
1591 1351 1816 1412 Suidas
1861 1371 1908 1411 S.

135 1449 348 1515 Πυθώ
391 1459 455 1510 et
491 1451 721 1511 Eudoc.
767 1472 826 1535 p.
865 1451 1001 1511 109.
1046 1439 1274 1515 Πυθοῖ
1311 1453 1522 1514 ἵστατο
1567 1451 1601 1515 ὃ
1639 1461 1910 1533 χαλκοῦς

130 1551 413 1636 τρίπους,
473 1556 535 1623 ἐξ
589 1548 664 1614 οὗ
718 1552 755 1630 ἡ
813 1550 1071 1633 μαντεία
1127 1552 1465 1634 ἐξεφέρετο·
1533 1549 1741 1616 ἐπάνω
1783 1553 1908 1638 γὰρ

66 1670 76 1672 ”
131 1660 244 1716 τοῦ
286 1651 576 1734 τρίποδος
615 1648 694 1731 ἧν
737 1677 829 1721 τις
872 1647 1092 1732 φιάλη,
1148 1655 1214 1713 ἐν
1257 1647 1296 1729 ᾗ
1342 1653 1406 1711 αἱ
1447 1652 1743 1732 μαντικαὶ
1784 1660 1908 1735 ψῆ-

132 1778 243 1835 φοι
298 1753 553 1831 ἥλλοντο
608 1751 713 1812 καὶ
767 1749 1044 1829 ἐπήδων,
1101 1747 1284 1828 ἡνίκα
1341 1750 1373 1811 ὅ
1425 1748 1752 1814 Ἀπόλλων
1793 1751 1909 1831 τὴν

127 1849 424 1934 μαντείαν
472 1850 722 1933 ἐξέφερε.
790 1848 1027 1910 Tabula
1069 1849 1219 1908 haec
1261 1848 1526 1909 foftasse
1569 1869 1645 1909 ex
1689 1849 1909 1910 eodem

126 1952 299 2010 fonte
351 1950 631 2012 manavit
685 1948 847 2009 unde
903 1947 1059 2008 illud
1102 1967 1140 2008 a
1182 1949 1508 2009 Plutarcho
1552 1958 1615 2009 et
1655 1949 1907 2029 Hygino

127 2051 278 2112 Fab.
324 2047 504 2111 CXL.
547 2050 812 2109 relatum
857 2048 934 2108 de
965 2049 1263 2127 Pythonis
1309 2049 1548 2110 ossibus
1593 2049 1905 2111 dentibus-

128 2171 246 2232 que
302 2152 537 2210 cortina
589 2150 892 2230 Delphica
943 2147 1293 2208 reconditis.
1394 2149 1614 2209 Thrias
1657 2151 1796 2210 illas
1839 2153 1905 2210 in

129 2251 315 2312 Hom.
357 2250 439 2311 H.
481 2252 549 2309 in
589 2249 772 2309 Merc.
818 2247 959 2309 550.
1001 2248 1344 2309 Hermanni
1388 2249 1535 2308 felix
1572 2268 1788 2311 manus
1810 2266 1904 2310 re·-

129 2351 305 2411 duxit

380 2461 504 2514 ὃίλλο
542 2461 601 2512 δέ
632 2481 709 2514 τοι
747 2461 869 2527 ἐρέω
905 2462 1090 2529 Μαίης
1111 2459 1377 2531 Δ«ἐρικυδέος
1411 2460 1501 2513 υἷέ.

386 2547 542 2618 Θριαὶ
576 2543 673 2616 γάρ
711 2546 839 2608 τινές
873 2548 967 2599 εἶσι
1002 2546 1298 2615 κασίγνηται
1331 2551 1553 2615 γεγαυῖαι
1600 2572 1606 2593 ;

247 2676 311 2734 [⁰]
339 2676 709 2735 Ἀλφιτομανῐεία
751 2675 910 2718 Anecd.
950 2674 1088 2716 Bekk.
1130 2689 1174 2731 p.
1207 2675 1277 2718 52.
1315 2675 1422 2719 Poll.
1455 2676 1547 2718 VII.
1580 2677 1678 2722 188.
1710 2674 1763 2718 ἀλ
1807 2675 1899 2720 ιτό-

168 2750 290 2784 αντις
331 2734 484 2791 Cyrill.
527 2748 565 2778 c.
607 2734 764 2777 Julian.
806 2734 881 2776 VI.
913 2733 1008 2776 198.
1039 2733 1093 2775 D.
1134 2731 1453 2793 ἀλευρόμαντις
1483 2734 1746 2777 Theodoret.
1818 2735 1899 2792 isp.

131 2752 186 2837 ςιί.
226 2793 326 2838 590.
379 2793 576 2836 Clemens
619 2793 728 2837 Coh.
769 2792 826 2838 ΙΙ.
857 2792 924 2835 10.
978 2792 1052 2835 ubi
1104 2790 1397 2851 κριθόμαντις
1436 2792 1684 2849 adjungitur
1738 2799 1786 2836 ut
1827 2807 1896 2850 ap.

132 2852 255 2896 Suid.
283 2865 319 2895 s.
347 2854 638 2912 Προφητεία,
680 2846 1000 2910 ἆλευρόμαντις
1039 2847 1062 2894 ὃ
1089 2847 1317 2895 Ἀπόλλων
1345 2852 1491 2907 Etym.
1523 2852 1582 2895 M.
1613 2849 1899 2911 ἀλευρομαν-

131 2914 228 2954 τεία
264 2909 428 2954 Εωοὶ).
469 2911 543 2953 Pr.
583 2910 667 2953 Ev.
697 2910 750 2952 V.
779 2909 850 2952 25.
880 2909 980 2952 219.
1021 2909 1333 2969 Κληδονισμοὶ
1371 2912 1448 2952 καὶ
1476 2906 1795 2967 νεκυομάντεις
1822 2911 1900 2953 καὶ

131 2971 177 3014 ot
215 2971 471 3028 φωνοῦντες
510 2969 562 3014 ἐκ
598 2971 702 3027 γῆς,
754 2968 1114 3029 ἐγγαστρίμυθοί
1146 2982 1195 3011 τε
1237 2971 1314 3011 καὶ
1354 2964 1698 3027 ἀλφιτομάντεις
1735 2968 1896 3011 Euseb.

133 3027 294 3071 Comm.
332 3028 379 3070 in
422 3028 608 3071 Jesaiam
637 3041 675 3070 c.
705 3026 838 3070 XLV.
869 3042 913 3084 p.
944 3024 1042 3070 535.
1070 3026 1127 3068 E.
1165 3027 1211 3070 in
1247 3027 1539 3069 Montfaucon.
1570 3027 1751 3069 Collect.
1782 3027 1895 3070 Nov.

132 3086 190 3128 Τ.
218 3086 276 3128 Π.
307 3082 585 3146 Γυρόμαντις
611 3085 816 3129 Artemid.
846 3085 917 3128 69.
957 3099 985 3128 a
1021 3086 1150 3145 γῦρις
1189 3085 1377 3128 derivari
1415 3085 1615 3141 analogia
1653 3099 1737 3127 non
1782 3085 1897 3142 pati-

131 3149 204 3188 tur
230 3159 311 3188 nec
337 3148 442 3202 puto
470 3149 734 3204 γυρίμαντις
761 3158 911 3188 nomen
939 3143 1118 3215 vulgare
1147 3158 1240 3186 cum
1268 3143 1436 3200 poetico
1466 3146 1746 3203 πτολίπορθος
1768 3149 1814 3187 et
1839 3143 1898 3185 si-

134 3202 301 3246 milibus
330 3203 569 3261 comparari
597 3218 750 3261 posse3
781 3217 886 3258 ergo
914 3218 1191 3262 πυρομαντις
1219 3202 1372 3245 malim.
1411 3199 1719 3260 Κριθ-όμαντις
1747 3202 1896 3245 Theo-

134 3260 225 3302 dor.
253 3262 513 3306 Prodromus
541 3276 583 3319 p.
614 3261 712 3305 548.
752 3263 796 3305 in
827 3261 971 3304 Notic.
1002 3268 1046 3303 et
1075 3261 1199 3302 Extr.
1232 3261 1289 3303 T.
1320 3261 1395 3303 VI.
1426 3259 1523 3304 543.
1566 3260 1692 3317 (ibid.
1723 3275 1765 3318 p.
1795 3259 1894 3303 553.

131 3318 345 3363 Ἀλκαίων
390 3318 414 3365 ὃ
452 3325 659 3379 Περίθου
698 3326 743 3364 et
783 3318 807 3365 ὁ
838 3316 1062 3374 Μύκηθεν
1100 3316 1434 3377 Ἀπολλόδωρος
1464 3325 1562 3363 sunt
1591 3319 1820 3364 Alcmaeon
1850 3323 1894 3361 et

139 3377 418 3435 Apollodorus
447 3379 698 3435 Cumaeus.)
1729 3393 1731 3397 ⁴
