2184 3840
287 247 413 310 858
835 259 1057 304 mann
1096 257 1498 302 SECUNDUS.

286 391 600 465 πείθοντι,
658 388 821 468 quod
874 395 1197 467 utrumque
1251 405 1476 447 nomen
1530 386 1766 446 Lexicis
1815 384 2049 445 adden-

287 491 452 552 dum.
553 487 676 549 Sed
744 487 820 547 de
890 485 1147 547 dialecto
1206 485 1491 560 deorum,
1550 505 1729 567 quem
1783 487 2050 544 sermoni

287 591 510 668 Pythio
595 587 938 669 comparari
1015 583 1318 659 vidimus,
1417 589 1685 647 exactius
1746 586 2052 664 inquiren-

287 690 433 751 dum
479 699 587 748 est.
1423 695 1433 705 ‘

1035 831 1122 972 §ss
1207 894 1266 951 ⁷.

455 1079 714 1141 Homeri
779 1077 974 1158 ipsius
1043 1094 1197 1154 quae
1264 1075 1446 1136 fuerit
1506 1078 1837 1151 sententia,
1888 1075 2058 1136 'dictu

285 1178 546 1252 difficile,
590 1179 959 1256 minimeque
1003 1176 1385 1257 exploratum
1432 1184 1527 1235 est
1569 1175 1738 1255 quod
1776 1175 2058 1252 Heynius

284 1299 398 1362 pro
455 1289 617 1340 certo
663 1279 882 1350 sumit,
947 1295 1022 1335 ex
1063 1275 1341 1356 pluribus
1384 1276 1699 1336 vocabulis
1742 1274 1907 1334 idem
1954 1272 2058 1333 de-

283 1375 638 1440 notantibus
678 1387 930 1456 poetam
983 1375 1051 1434 id
1095 1375 1258 1455 quod
1302 1378 1632 1435 maximam
1675 1376 2058 1454 antiquitatis

283 1481 550 1560 speciem
596 1496 745 1557 prae
788 1495 854 1536 se
896 1477 1111 1547 ferret,
1156 1474 1251 1533 dis
1294 1477 1649 1552 assignasse.
1724 1473 1883 1534 Nam
1923 1473 2059 1532 :her-

283 1579 400 1638 bae
457 1577 635 1653 Moly
689 1586 751 1635 et
803 1576 1189 1635 Planctarum
1244 1575 1479 1634 nullum
1537 1573 1800 1634 traditur
1843 1572 2052 1632 huma-

284 1697 434 1739 num
490 1694 748 1748 nomen,
818 1675 991 1752 cujus
1049 1692 1125 1732 ex
1177 1673 1633 1751 comparatione
1690 1673 1799 1731 illa
1859 1672 2060 1751 prisca

283 1776 486 1839 videri
526 1777 793 1855 possint;
837 1782 970 1833 tum
1013 1773 1266 1843 Briarei,
1309 1771 1563 1844 Xanthi,
1609 1769 1915 1831 Chalcidis
1951 1787 2062 1829 no-

284 1878 482 1949 mina,
528 1884 821 1954 quantum
865 1873 1042 1933 nobis
1087 1871 1334 1951 quidem
1378 1890 1621 1930 cernere
1665 1870 1878 1943 datur,
1921 1888 2062 1950 pro-

283 1978 490 2058 prium
549 1973 851 2054 quendam
908 1973 1286 2051 antiquitatis
1330 1971 1594 2030 colorem
1647 1990 1774 2030 non
1815 1969 2062 2043 habent,

284 2095 514 2156 neque,
557 2075 698 2134 ficta
740 2074 865 2131 sint
907 2091 982 2131 an
1028 2081 1238 2133 vetere
1281 2069 1547 2151 quadam
1590 2070 1756 2130 fama
1797 2067 2063 2150 prodita,

287 2177 609 2255 quisquam
654 2190 767 2251 pro
813 2181 1124 2250 comperto
1170 2171 1410 2230 dixerit.
1494 2171 1609 2230 Illa
1651 2179 1843 2244 certe,
1906 2187 2062 2249 quae

284 2274 597 2335 Homerus
621 2269 863 2331 Ulixem
908 2269 1204 2332 divinitus
1249 2272 1553 2351 accepisse
1594 2279 1803 2330 narrat
1837 2269 2064 2329 herbae

284 2375 555 2452 magicae
609 2381 671 2430 et
714 2370 1195 2452 symplegadum
1239 2370 1570 2444 vocabula,
1626 2370 1781 2430 nulli
1823 2368 2064 2430 audito-

284 2493 429 2534 rum
472 2489 725 2532 suorum
768 2478 919 2528 nota
965 2487 1099 2529 esse
1142 2469 1456 2545 credebat3
1500 2469 1721 2549 quibus
1765 2468 1912 2549 quid
1957 2469 2062 2528 ob-

288 2582 440 2646 stat,
484 2571 809 2651 quominus
854 2576 1053 2628 cetera
1095 2570 1431 2630 assimilata
1472 2568 1798 2649 putemus?
1869 2567 2062 2630 Nobis

287 2673 534 2754 quidem
602 2668 1061 2750 quaerentibus,
1131 2669 1278 2749 quid
1348 2687 1594 2729 causam
1647 2668 1861 2728 fecerit
1913 2668 2063 2728 talia

288 2770 585 2852 fingendi,
629 2789 870 2850 semper
910 2770 1000 2828 ita
1042 2771 1243 2830 visum
1289 2778 1410 2843 est,
1453 2776 1670 2850 poetas
1715 2770 2062 2849 antiquissi-

289 2891 456 2946 moS,
513 2889 696 2951 quum
754 2887 852 2928 res
895 2869 1290 2950 regionesque
1332 2869 1663 2930 scriberent
1703 2869 1859 2947 nulli
1900 2886 2058 2927 mor-

290 2972 508 3032 talium
564 2971 861 3047 cognitas‚
916 2987 1041 3028 non
1097 2972 1372 3050 potuisse
1431 2970 1554 3030 alia
1607 2987 1790 3048 quam
1843 2969 1985 3028 ficta
2026 2987 2063 3027 a

291 3090 357 3131 se
411 3071 563 3150 ipsis
618 3069 892 3149 proferre
934 3072 1213 3144 nomina3
1270 3089 1424 3150 quae
1467 3087 1651 3149 quum
1699 3069 1958 3146 eleganti
2001 3077 2062 3126 et

292 3190 488 3255 prope
550 3172 887 3231 necessario
958 3169 1276 3230 mendacio
1347 3169 1427 3229 ad
1494 3168 1642 3227 deos
1712 3168 2061 3228 retulissent

294 3280 599 3342 auctoreS‚
655 3269 940 3352 deinceps
982 3270 1156 3344 inde,
1199 3271 1254 3330 si
1297 3268 1443 3349 quid
1487 3267 1658 3328 aliud
1702 3277 1859 3327 esset
1899 3266 2061 3326 binis

295 3380 400 3431 aut
444 3370 600 3430 ultra
644 3371 993 3431 nominibus
1054 3367 1431 3449 praeditum,
1494 3388 1567 3428 ex
1612 3367 1824 3428 cadem
1870 3367 2059 3448 expli-
