2184 3840
794 203 1246 246 ORPHICA.
1782 144 1902 255 881Ι

132 338 242 394 tim
301 354 540 414 quoque
595 331 656 390 id
702 349 944 390 sacrum
989 330 1360 390 celebratum
1407 351 1540 391 esse
1584 332 1762 394 docet
1805 338 1905 397 Li-

131 436 268 494 vius
312 435 382 492 V.
433 434 554 510 13.)
612 431 1040 511 pulvinaribus
1083 431 1558 511 imponebantur
1602 433 1738 493 loco
1783 445 1907 495 sta-

130 544 371 594 tuarum
391 576 407 604 ‚
455 548 606 611 quas
648 532 715 590 in
759 531 1021 611 publicis
1065 533 1373 611 expositas
1417 532 1607 592 fuisse
1651 545 1905 596 constat.

129 631 512 712 Capitolinus
555 632 622 690 in
665 630 737 690 V.
779 631 1008 692 Anton.
1053 652 1100 691 c.
1145 631 1247 692 IV.
1301 632 1384 691 In
1426 633 1719 693 saliatu
1767 654 1902 695 om-

124 731 354 790 nibus
425 749 749 796 coronas
815 734 894 791 in
960 733 1338 813 pulvinar
1399 752 1486 791 ex
1539 753 1752 794 more
1799 736 1907 813 ja-

124 831 551 906 cientibus,
650 832 879 910 hujus
970 834 1223 893 veluti
1308 850 1563 906 manu,
1665 838 1909 915 capiti

122 931 404 990 Martis
461 941 738 1012 aptata
795 942 924 991 est.
980 930 1199 991 Livius
1256 932 1323 989 L.
1378 931 1508 990 XL.
1555 932 1654 993 59.
1700 946 1910 996 terra

123 1034 371 1093 movit
437 1033 516 1090 in
584 1032 788 1090 foris
847 1030 1227 1109 publicis,
1314 1030 1447 1089 ubi
1517 1033 1907 1096 lectister-

122 1134 330 1192 nium
374 1139 569 1205 erat3
615 1129 933 1190 deorum
978 1132 1272 1210 capita,
1319 1150 1510 1210 quae
1553 1134 1633 1191 in
1672 1133 1908 1195 lectis

124 1240 374 1304 erant,
430 1238 896 1292 averterunt
951 1249 1044 1290 se.
1143 1230 1342 1289 Multo
1399 1242 1605 1291 autem
1651 1235 1906 1295 manife-

121 1333 312 1404 stiuS‚
371 1349 556 1411 quam
610 1329 978 1390 ambitiosus
1034 1331 1222 1390 fuerit
1276 1333 1773 1394 nomenclaturae
1814 1353 1911 1395 sa-

122 1450 259 1490 crae
315 1431 546 1504 cultuS,
603 1430 938 1491 ostendunt
992 1432 1378 1511 aruspicinae
1421 1435 1678 1513 propria
1721 1454 1911 1496 voca-

122 1532 287 1603 bula,
330 1532 549 1611 quibus
594 1541 878 1591 extorum
923 1532 1175 1591 affectus
1218 1541 1550 1612 partesque
1573 1535 1911 1597 familiares

125 1642 186 1691 et
226 1632 483 1691 hostiles
528 1633 960 1710 significantur,
996 1631 1233 1703 Ἑστίας
1259 1641 1486 1715 χῶρος,
1531 1633 1734 1699 Δόλου
1756 1635 1910 1718 τροί-

122 1733 274 1807 πεζα
290 1728 398 1813 [d],
456 1731 828 1814 Διόσκουροι
884 1742 946 1792 et
990 1742 1191 1792 cetera
1232 1732 1425 1809 hujus·
1462 1735 1612 1792 artis
1655 1735 1909 1808 lumina,

122 1851 277 1912 quae
320 1831 559 1891 Alberti
602 1832 683 1892 ad
725 1831 994 1909 Hesych.
1040 1853 1098 1893 v.
1142 1839 1462 1906 Γλῶσσαι,
1511 1830 1910 1896 Casaubonus

121 1930 204 1991 ad
248 1915 445 2011 Capit.
490 1932 713 1992 Pertin.
759 1954 806 1993 c.
851 1932 960 1992 xl.
1006 1929 1149 1992 560.
1194 1934 1280 2014 (p.
1315 1951 1397 1992 m.
1435 1931 1601 2013 107.)
1645 1934 1911 1996 Bochar-

122 2042 222 2091 tus
275 2031 526 2092 Hieroz.
584 2035 659 2094 II.
714 2033 775 2096 4.
835 2030 979 2092 566.
1027 2032 1411 2111 ‚Bulengerus
1469 2033 1549 2093 de
1593 2035 1819 2096 Sortib.
1863 2039 1910 2097 Ι.

125 2151 186 2193 c·
216 2131 276 2190 6.
321 2131 463 2192 392.
523 2154 570 2192 c.
614 2135 673 2192 7.
718 2133 861 2193 398.
923 2132 1149 2192 Graev.
1195 2133 1374 2193 Thes.
1420 2133 1488 2192 T.
1535 2134 1606 2193 V.
1653 2137 1909 2215 college-

121 2241 266 2290 runt
334 2242 396 2290 et
467 2252 542 2290 ex
607 2233 946 2310 Bulengero
1005 2251 1202 2312 nuper
1263 2234 1625 2314 compilavit
1678 2235 1911 2296 Boetti—

128 2348 321 2408 gerus.

292 2429 432 2491 Non
474 2433 693 2511 procul
735 2431 812 2491 ab
856 2431 974 2490 hoc
1015 2451 1235 2509 genere
1278 2432 1601 2493 discedunt
1645 2434 1768 2495 duo
1802 2437 1911 2496 illa

122 2532 430 2609 auguralis
473 2529 838 2612 disciplinae
880 2532 1214 2605 vocabula,
1261 2551 1521 2613 quorum
1565 2553 1758 2595 unum
1798 2556 1910 2596 no-

124 2629 218 2690 bis
262 2633 606 2693 asservavit
647 2631 984 2692 Pausanias
1027 2631 1107 2692 X.
1136 2634 1236 2693 29.
1265 2635 1322 2694 2.
1368 2636 1556 2698 ’ὄκνον
1599 2636 1705 2698 καὶ
1744 2635 1908 2718 μάν-

125 2755 283 2795 τεων
337 2734 396 2794 οἱ
451 2733 717 2815 ὁρῶντες
758 2733 904 2803 τοὺς
946 2734 1208 2804 οἰωνοὺς
1251 2735 1512 2798 καλοῦσί
1550 2740 1909 2822 ‘cavaequ—

123 2834 218 2894 θα
261 2830 572 2915 (inibram‚
615 2833 795 2913 puto)
840 2834 1098 2894 alterum
1141 2853 1295 2896 vero
1340 2835 1799 2915 Theophrastus
1842 2838 1909 2896 in

128 2927 304 2991 Caus.
371 2932 566 2992 Plant.
614 2932 696 2992 V.
751 2933 813 2994 4.
868 2934 925 2994 3.
982 2955 1042 3015 p.
1099 2932 1241 2995 544.
1300 2934 1582 2995 Schneid.
1643 2936 1748 2996 ubi
1803 2956 1908 2997 cur

126 3030 292 3107 ligna
332 3043 547 3093 vetera
586 3050 1028 3114 nonnunquam
1071 3037 1447 3098 revirescant
1490 3038 1783 3119 explicat,
1828 3038 1909 3097 ad

128 3131 611 3193 convincendum
661 3135 1091 3215 imperitorum
1148 3155 1415 3196 errorem
1434 3180 1450 3209 ‚
1509 3139 1615 3218 qui
1669 3158 1797 3197 rem
1843 3140 1907 3196 in

253 3326 323 3382 [d]
366 3329 435 3372 Cf.
467 3331 703 3376 Schneider
732 3335 787 3376 ad
819 3334 1026 3377 Nicandr.
1059 3335 1193 3376 Ther.
1233 3349 1271 3389 p.
1303 3334 1400 3377 252.

209 3430 267 3479 ll.
1529 3441 1570 3495 7
