2150 3814
290 196 452 257 1336
839 206 1074 251 menn
1126 206 1486 252 TERTIUS.

283 360 321 400 a
376 338 722 400 domesticis
778 346 1126 396 coronatam
1180 335 1368 396 fuisse
1434 337 1672 412 scribit,
1739 340 2044 399 similiter-

281 460 398 520 que
466 438 871 509 XenocrateS‚
938 454 1358 515 quamcunque
1408 458 1447 496 e
1502 440 1841 499 certamine<
1884 447 2048 497 retu-

281 541 450 600 lisset
505 555 826 609 coronam,
855 544 858 550 '
892 544 982 618 τῷ
1030 537 1216 618 Ἑρμῇ
1274 545 1364 619 τῷ
1422 539 1732 622 ἱδρυμένῳ
1790 537 1887 600 ἐπὶ
1938 545 2044 617 τῆς

283 642 469 718 αὐλῆς
504 639 807 716 ’ἐπέθηκεν
850 635 1071 696 Athen.
1115 634 1193 694 X.
1236 635 1380 695 437.
1425 638 1490 697 Β.
1535 640 1688 713 sive,
1731 647 1800 697 ut
1841 637 2046 697 Aelia-

278 755 392 796 nus
444 745 654 796 narrat
707 734 779 794 V.
832 735 912 794 H.
953 735 1027 794 H.
1078 735 1179 795 41.
1254 745 1344 819 τῷ
1377 738 1581 820 Ἓρμῇ
1623 747 1712 821 τῷ
1755 738 1873 820 πρὸ
1917 745 2047 800 τῶν

276 843 519 920 θυρῶν.
617 837 688 894 In
754 836 1046 912 Aeschyli
1126 835 1395 915 quodam
1476 855 1660 898 versu
1726 837 2048 898 invocatur

270 934 484 1015 Ἑκάτη
525 944 657 999 τῶν
698 936 1029 1018 βασιλείων
1071 934 1384 1019 πρόδομος
1426 935 1764 1020 μελάθρων
1805 935 1859 994 F
1861 953 2048 1012 ragm.

278 1033 498 1097 CCCC.
567 1034 914 1112 Hesychius
976 1036 1263 1098 Ἑκαταῖα
1329 1037 1408 1098 τὰ
1463 1038 1591 1119 πρὸ
1639 1044 1770 1100 τῶν
1821 1039 2047 1118 θυρῶν

278 1135 628 1223 ἀγάλματα,
672 1137 832 1205 τινὲς
874 1139 953 1198 τὰ
999 1141 1062 1200 ἐν
1106 1135 1395 1220 τριόδοις,
1442 1154 1700 1214 quorum
1733 1134 1844 1194 illa
1877 1145 2050 1193 erant

274 1238 340 1294 in
385 1236 568 1309 urbe,
626 1235 777 1294 haec
831 1245 971 1294 ante
1023 1244 1270 1315 portas,
1333 1246 1403 1295 ut
1455 1245 1629 1316 patet
1673 1256 1707 1294 e
1748 1235 2049 1294 Plutarch.

274 1334 588 1414 Apophth.
622 1334 802 1410 Regg.
836 1353 896 1413 p.
938 1333 1075 1393 135.
1119 1335 1188 1394 T.
1225 1334 1384 1394 VIII.
1428 1343 1541 1397 τοῦ
1583 1335 1874 1419 Χαβρίου
1919 1335 2049 1398 ὀλί-

272 1459 424 1519 γους
482 1434 655 1503 τινὰς
710 1441 856 1496 τῶνΔ
905 1433 1197 1515 Θηβαίων
1251 1435 1372 1497 ὑπὸ
1427 1435 1507 1496 τὰ
1562 1435 1726 1514 τείχη
1782 1443 2048 1517 φιλομα-

264 1542 538 1614 χοῦντας
579 1531 1042 1616 καταβαλόντος
1084 1534 1189 1595 καὶ
1231 1531 1569 1613 στήσαντος
1612 1532 1943 1617 τρόπαιον,
2011 1535 2044 1597 ὃ

266 1631 749 1717 Ἐπαμινώνδας
790 1642 1147 1719 καταγελῶν
1190 1636 1304 1716 ἔφη
1349 1637 1631 1698 ἐνταῦθα
1672 1634 1751 1716 δὴ
1797 1636 1870 1697 οὗ
1903 1632 2050 1718 τρό-

267 1759 480 1808 παιον,
526 1733 680 1796 ἀλλὰ
715 1731 1087 1813 ”Εκατήσιον
1131 1733 1415 1798 ἑστάναι·
1460 1735 1576 1815 τὴν
1616 1734 1739 1821 γὰρ
1775 1732 2047 1814 (Εκάτην

273 1838 544 1905 ἐπιεικῶς
599 1838 666 1897 ἐν
718 1839 853 1903 ταῖς
904 1834 1024 1916 πρὸ
1081 1842 1211 1896 τῶν
1265 1843 1479 1898 πυλῶν
1536 1831 1824 1918 ἱδρύοντο
1879 1831 2048 1917 τριό-

271 1935 404 2004 δοις
418 1932 511 2015 [b].
599 1933 799 1992 Deam
855 1934 1292 2012 prothyraeam
1346 1936 1618 1994 salutare
1671 1932 1920 1995 videtur
1972 1935 2047 2007 is,

273 2036 443 2112 cujus
500 2032 691 2094 verba
742 2032 1090 2110 Hesychius
1146 2035 1322 2093 affert
1359 2033 1513 2096 Ὦπι
1558 2037 1804 2097 ἄνασσα
1845 2034 2046 2114 πυῤῥά

270 2131 649 2218 προθύροις,
705 2141 829 2217 πῦρ
887 2134 1007 2218 πρὸ
1051 2141 1181 2197 τῶν
1222 2137 1482 2215 θυρῶν,
1528 2133 1636 2193 ubi
1678 2134 1849 2217 παρὰ
1891 2158 2045 2217 προ-

270 2232 528 2320 θύροις,
588 2234 750 2319 παρὸ
810 2235 930 2318 πρὸ
986 2241 1117 2298 τῶν
1171 2238 1398 2318 θυρῶν
1453 2252 1533 2293 sc.
1577 2231 1856 2318 ἱδρύετο,
1900 2234 2046 2294 scri·

389 2409 463 2467 [b]
517 2410 800 2468 spanhemius
830 2412 885 2454 ad
917 2412 1027 2456 Call.
1058 2414 1115 2456 H.
1144 2414 1189 2457 in
1217 2412 1345 2455 Dian.
1375 2427 1417 2455 v.
1450 2411 1522 2455 38.
1553 2411 1658 2454 deas
1686 2413 1971 2471 προθυραίας
1998 2415 2043 2453 et
2132 2373 2148 2450 ει

268 2471 553 2528 προπυλαίας
591 2475 750 2513 temere
778 2470 942 2514 miscet.
997 2469 1207 2515 Ἑκαταῖα
1247 2472 1382 2514 Arist.
1421 2471 1561 2514 Rann.
1604 2469 1707 2514 359.
1748 2475 1847 2512 sunt
1884 2468 2044 2513 sacella

269 2529 376 2570 deae
405 2528 450 2570 in
479 2530 674 2585 compitis
703 2530 844 2585 posita
876 2543 1013 2585 eoque
1050 2531 1234 2585 injuriae
1271 2529 1636 2586 praetereuntium
1675 2529 1884 2583 obnoxia,
1927 2527 2039 2570 unde

267 2593 438 2643 promta
467 2587 755 2643 Sycophantis
785 2588 1070 2630 calumniandi
1098 2587 1303 2640 materia,
1344 2589 1455 2630 sicut
1493 2587 1626 2630 Arist.
1667 2587 1779 2630 Avv.
1821 2583 1920 2631 954.
1961 2589 2037 2639 τῆς

269 2641 430 2700 στήλης
458 2648 686 2696 κατετίλας
714 2647 917 2704 ἑσπέρας.
979 2647 1125 2689 Titius
1155 2645 1327 2702 quidam
1356 2648 1481 2702 signa
1511 2660 1638 2689 sacra
1671 2649 1800 2688 noctu
1838 2645 2041 2700 frangere

266 2705 503 2761 putabatur
542 2710 747 2761 tanquam
789 2705 1108 2762 Hermocopida
1147 2705 1364 2748 Romanus
1406 2705 1501 2748 Cic.
1544 2705 1599 2747 de
1639 2704 1765 2747 Orat.
1803 2690 1861 2744 II.
1903 2718 1939 2746 c.
1970 2702 2039 2748 62.

266 2763 521 2806 Hermarum
551 2764 839 2820 compitalium
869 2778 1019 2806 nomen
1048 2765 1266 2821 proprium
1296 2765 1488 2807 servavit
1517 2763 1679 2806 Anecd.
1707 2759 1843 2804 Bekk.
1873 2775 1916 2819 p.
1939 2759 2038 2806 102.

270 2818 547 2880 κοροκόσμια
579 2827 743 2882 κυρίως
781 2821 835 2865 τὰ
876 2823 954 2866 ἐπὶ
993 2825 1082 2866 τῶν
1117 2818 1311 2882 τριόδων
1349 2818 1568 2882 πρόςωπα
1607 2817 1785 2888 ξύλινα,
1829 2815 1857 2861 ἃ
1898 2816 1955 2874 δὴ
1995 2824 2040 2864 οἱ

262 2879 450 2923 Ἀττικοὶ
479 2877 615 2941 κόρας
643 2884 847 2939 λέγουσι·
887 2884 1125 2941 τέτραπται
1157 2880 1207 2925 δὲ
1250 2882 1426 2925 ἐκεῖθεν
1463 2882 1541 2925 ἐπὶ
1576 2878 1678 2928 τοὺς
1715 2891 1912 2936 κοσμους
1948 2881 2040 2924 τῶν
2116 2926 2118 2929 ,
2148 2867 2150 2870 ’

266 2942 534 2998 παρθένων,
579 2938 692 2982 unde
728 2941 773 2983 in
812 2940 957 2984 Schol.
997 2941 1116 2984 brev.
1156 2940 1211 2983 ad
1256 2940 1338 2984 Οδ.
1376 2943 1430 2983 Σ.
1468 2938 1568 2981 298.
1602 2938 1816 2997 τρίγληνα
1853 2940 2038 2997 τρίκορα

268 2996 436 3056 κόσμια
475 2989 661 3054 ἐνώτια,
713 2995 1030 3058 τριόφθαλμα,
1081 3001 1317 3059 τρίκοκκα,
1365 2996 1678 3042 emendavimus
1725 2997 1940 3056 τρίγληνα
1981 2995 2036 3040 τὰ

269 3052 560 3115 κοροκόσμια.
602 3059 658 3100 cf.
687 3056 921 3101 Philemon.
951 3058 1061 3102 Lex.
1091 3072 1135 3115 p.
1163 3057 1232 3100 90.
1277 3057 1422 3113 Coray
1459 3055 1515 3098 ad
1550 3055 1684 3099 Isocr.
1723 3069 1768 3112 p.
1797 3053 1898 3097 282.
1938 3059 2037 3116 τρί-
2104 3061 2150 3133 ἰ

269 3130 410 3158 κοκκα
441 3115 597 3157 dicitur
625 3120 674 3158 ut
701 3118 1017 3174 margarita
1044 3117 1315 3160 tribacca
1352 3132 1395 3160 v.
1426 3113 1692 3158 Wemsdorf.
1735 3113 1792 3156 ad
1830 3113 1950 3158 Petr.
1992 3129 2032 3157 v.

272 3174 340 3215 10.
373 3174 429 3215 Τ.
459 3174 519 3215 II.
548 3175 671 3217 Poet.
703 3174 810 3218 Min.
840 3191 882 3233 p.
913 3176 984 3219 68.
1030 3174 1162 3218 Talia
1200 3177 1323 3231 signa
1355 3174 1500 3217 virilia
1536 3171 1765 3228 (Hermas)
1802 3177 1848 3214 et
1885 3172 2036 3215 mulie—

268 3231 365 3274 bria
404 3228 594 3292 (Κόρας)
636 3247 720 3276 non
748 3234 792 3276 in
821 3235 992 3291 publico
1023 3234 1156 3277 solum
1197 3235 1271 3276 sed
1311 3233 1439 3277 etiam
1474 3230 1718 3274 domesticis
1755 3229 2035 3286 religionibus

270 3297 519 3333 consecrata
546 3292 705 3346 fuisse,
749 3300 930 3350 apparet
968 3307 993 3335 e
1030 3292 1263 3350 Porphyrii
1299 3291 1444 3335 verbis
1479 3304 1610 3348 supra
1651 3292 1696 3333 in
1732 3290 1875 3346 Epim.
1911 3289 2034 3334 VIII.

270 3348 412 3393 allatis
442 3353 751 3409 στεφανοῦνται
782 3355 859 3396 καὶ
887 3348 1194 3411 φαιδρύνοντα
1223 3349 1302 3397 τὸν
1326 3349 1492 3409 Ἑρμῆν
1521 3352 1597 3394 καὶ
1625 3347 1706 3404 τὴν
1731 3345 1915 3405 Ἑκάτην
1957 3352 2034 3392 καὶ
