2150 3814
246 208 408 269 1068
817 221 1052 266 LIBER
1095 223 1521 268 SECUNDUS.

240 353 563 412 Praeter
606 354 988 412 materiae
1023 353 1495 428 singularem
1531 355 2010 418 varietatem

238 455 672 514 artificium
716 451 1046 511 adhiben
1063 462 1089 510 t
1128 452 1516 530 placentis
1555 455 2012 527 mirificum,

237 573 385 634 quo
428 554 561 625 fit,
607 562 689 610 ut
729 569 877 610 non
919 570 1202 631 sapore
1245 562 1543 614 tantum
1588 554 1720 614 sed
1768 566 1840 614 et
1882 555 2013 615 ad-

237 662 511 734 spectu
553 650 965 709 delectent.
1045 649 1271 710 Alias
1314 652 1627 731 fingunt
1671 655 2014 732 oblonga

235 754 498 829 figura
517 795 534 824 ‚
622 751 827 810 alias
901 750 1223 830 Sphaeri
1242 769 1324 810 ca
1395 764 1469 811 et
1540 755 2014 826 orbiculari,

233 852 442 911 alias
499 851 930 927 t·riangula;
989 869 1180 929 quae
1199 849 1370 910 dam
1415 854 1656 913 etiam
1701 857 2004 916 ventri-

234 970 466 1011 cosae
510 958 724 1024 sunt,
772 951 978 1010 aliae
1019 951 1306 1012 virilia
1359 953 1466 1034 (si
1510 953 1670 1015 diis
1712 954 2014 1033 placet)

232 1059 879 1133 repraesentant3
936 1049 1131 1110 adeo
1191 1050 1784 1128 degeneravere
1830 1052 2016 1111 boni

231 1171 524 1226 mores,
597 1161 682 1211 ut
741 1153 982 1212 etiam
1055 1148 1286 1210 Chris
1305 1153 1554 1213 tianis
1626 1153 2017 1213 obscoena

232 1263 307 1314 et
344 1251 711 1333 pudenda
747 1253 827 1310 in
867 1251 1069 1311 cibis
1110 1251 1513 1330 placeant}
1558 1261 1741 1312 sunt
1774 1253 2014 1311 etiam

229 1371 419 1433 quos
465 1370 712 1411 cunno
732 1369 761 1409 s
807 1353 1318 1411 saccharatos
1367 1370 1517 1431 app
1536 1352 1804 1412 ellent.
1897 1351 2014 1410 Illo

230 1453 487 1532 antiquo
519 1469 698 1524 aevo,
732 1469 853 1529 quo
881 1452 1016 1510 solo
1049 1469 1199 1511 vera
1222 1453 1420 1532 pietas
1445 1453 1660 1528 viguit,
1686 1470 1840 1512 vasa
1867 1470 2017 1530 quo-

228 1571 346 1632 que
376 1570 551 1611 sacra
582 1550 1072 1610 obscoenissimis
1102 1552 1309 1628 figuris
1332 1552 1627 1610 exornari¹
1644 1549 1925 1610 solebant
1942 1551 2016 1629 [¹¹]

227 1650 569 1729 symbolice
610 1651 841 1710 scilicet
879 1662 942 1710 et
991 1651 1419 1731 philosophice
1432 1695 1450 1724 ‚
1507 1659 1578 1711 ut
1634 1650 1856 1710 docent
1897 1650 2019 1710 viri

225 1750 748 1836 μυθολογώτατοι
759 1795 777 1824 ,
836 1752 941 1830 qui
995 1770 1194 1831 nuper
1235 1771 1458 1829 magno
1503 1769 1762 1813 numero
1773 1795 1792 1823 ,
1842 1751 2017 1811 velut

223 1853 398 1929 fungi
439 1862 583 1931 post
626 1854 898 1910 tonitrua
941 1852 1160 1924 solent,
1206 1862 1348 1910 sunt
1389 1855 1587 1912 exorti
1602 1871 1617 1927 ;
1658 1862 1805 1911 nam
1834 1869 1907 1910 su
1908 1870 2017 1931 pe-

224 1954 408 2012 rioris
454 1953 673 2012 aetatis
718 1952 1047 2031 antiquarii
1091 1951 1169 2010 de
1212 1953 1308 2010 his
1333 1952 1518 2012 rebus
1544 1970 1854 2031 nunquam
1892 1969 2018 2009 non

226 2061 387 2111 tecte
433 2060 495 2110 et
538 2053 715 2131 quasi
756 2050 1106 2129 pudibundi
1148 2052 1388 2130 loquuti
1432 2063 1588 2111 sunt.
1674 2050 1868 2111 Nobis
1913 2069 2015 2111 ve-

225 2171 296 2236 ro
341 2152 514 2211 frons
557 2150 854 2210 urbanior
866 2194 884 2223 ‚
931 2170 1051 2230 quo
1096 2151 1501 2229 intelligentia
1543 2152 1760 2228 major,
1806 2159 1868 2208 et
1908 2169 2019 2229 pa-

223 2261 365 2313 rata
407 2251 704 2326 adversus
763 2251 1272 2330 obstrigillatores
1331 2250 1609 2310 defensio
1626 2295 1644 2324 ‚
1713 2269 1835 2330 qua
1881 2251 2016 2328 jam

224 2354 376 2413 olim
429 2352 728 2415 adversus
784 2352 1067 2412 Momum
1125 2352 1667 2429 antisymbolicum
1722 2369 1868 2411 usus
1928 2359 2021 2410 est

226 2453 488 2514 deorum
520 2506 523 2508 .
541 2455 849 2514 maximus
867 2474 880 2511 :
972 2454 1198 2535 αἰσχροὶ
1213 2499 1234 2525 ,
1294 2454 1378 2521 ὥς
1435 2455 1690 2531 ἀληθῶς
1702 2497 1724 2523 ,
1784 2459 1986 2513 ταῦτα
2003 2469 2015 2480 ·

203 2619 206 2622 ,
225 2555 394 2637 ὅμως
452 2555 535 2630 δ’,
581 2549 698 2616 οὗν
759 2550 808 2615 ὦ
850 2561 1079 2635 Μῶιιιε,
1124 2553 1202 2614 τὰ
1247 2553 1442 2614 πολλὰ
1484 2549 1824 2636 αἰνίγματά
1868 2555 2016 2623 ἐστι,

221 2657 331 2719 καὶ
374 2657 450 2718 οὗ
494 2652 662 2718 πάνυ
702 2653 823 2737 χρὴ
870 2660 1215 2739 καταγελᾷν
1262 2654 1475 2716 αὐτῶν
1529 2649 1814 2732 ἀμύητον
1862 2655 2019 2716 ὄντα

225 2754 512 2835 (Lucian.
557 2755 745 2814 Deor.
805 2750 985 2813 Conc.
1030 2751 1133 2812 XI.
1195 2751 1373 2830 187.)
1478 2753 1690 2831 Itaque
1749 2751 1827 2810 de
1883 2753 2018 2831 pla-

223 2859 414 2918 centis
461 2874 700 2936 quoque
742 2855 969 2914 lunatis
1010 2853 1182 2911 nulla
1225 2854 1490 2933 amplius
1536 2851 1840 2912 dubitatio
1881 2854 2016 2925 erit,

223 2960 371 3038 quin
411 2956 531 3016 diis
567 2956 871 3033 signiferis
919 2963 1307 3015 consecratae
1358 2964 1418 3013 et
1452 2962 1785 3033 propterea
1827 2956 2014 3013 etiam

220 3057 467 3117 Dianae
511 3067 573 3116 et
615 3057 895 3136 Apollini
936 3057 1004 3115 in
1045 3056 1355 3115 sacrificiis
1399 3056 1722 3134 appositae
1764 3055 1831 3113 fu
1838 3057 2011 3116 erint.

220 3157 379 3218 Nam
424 3158 523 3216 hic
565 3156 732 3218 idem
794 3167 884 3218 est
929 3156 1068 3228 Sol,
1125 3156 1276 3214 haec
1331 3155 1505 3215 Luna
1520 3199 1537 3227 ‚
1595 3173 1858 3234 quorum
1919 3173 2013 3214 ca-

228 3374 269 3417 T
319 3315 420 3416 I[¹¹]
469 3315 558 3415 {6}
571 3316 747 3359 Ciborio
781 3316 1005 3359 Ecclesiae
1036 3313 1363 3370 Rotomagensis
1395 3328 1434 3355 v.
1470 3312 1626 3356 Millin.
1661 3313 1848 3356 Mox-mm.
1890 3310 2008 3355 hed,

276 3406 285 3415 .
335 3405 354 3416 ,.
397 3389 438 3429 p.
561 3405 568 3414 .
