2150 3814
825 221 1277 265 on‘pnch.
1783 210 1944 272 1063

159 355 342 426 litiis,
391 354 563 431 cujus
605 348 1070 412 consuetudinis
1106 352 1405 409 memoria
1448 347 1502 408 'si
1549 368 1668 430 qua
1712 351 1793 411 ad
1836 356 1949 414 illa

156 453 360 513 secula
400 451 887 532 permanaverit,
950 442 1170 529 quibus
1213 461 1425 510 nostra
1467 451 1769 511 instituta
1816 464 1942 513 tam

153 556 362 632 ignota
404 561 612 623 erunt,
676 568 864 629 quam
921 548 1099 609 nobis
1157 560 1299 610 sunt
1358 552 1626 625 Graeca,
1672 539 1941 612 ‘dubium

152 664 275 726 est,
312 670 400 712 >uu
442 650 802 729 antiquarii,
847 652 951 731 qui
996 660 1128 709 tum
1172 650 1519 729 agitabunt,
1563 652 1689 711 alia
1734 655 1941 712 omnia

154 769 335 831 quam
407 770 622 812 veram
694 768 940 810 causam
1011 754 1400 830 assequuturi
1469 754 1608 812 sint.
1692 743 1943 833 ‘Neque

149 849 388 910 Dianae
431 852 635 912 solum
679 850 1158 930 amphiphontes
1205 854 1541 912 consecrati
1599 863 1772 912 erant
1828 853 1939 913 sed

148 952 340 1009 etiam
383 953 647 1011 mortuis
691 950 1100 1021 efferebantur
1142 957 1227 1020 εἰς
1268 953 1381 1021 τὰς
1435 951 1764 1033 τριόδους,
1822 954 1944 1012 hoc

148 1060 243 1109 est
285 1050 365 1109 ad
411 1051 1230 1129 monimentarcompitaliffi
1289 1069 1411 1129 quo
1456 1050 1672 1109 diebus
1718 1058 1936 1131 paren-

147 1149 674 1219 talibus-inferiae
715 1152 1042 1209 mittuntur
1097 1149 1401 1226 fruges,
1432 1141 1934 1224 'mica‘saliS,

146 1252 383 1328 inque
435 1267 646 1308 mero
683 1249 1024 1309 ‘mollita
1079 1244 1347 1324 Ce'reS,
1403 1250 1936 1311 haecvhabeat

145 1348 403 1435 media
449 1359 658 1408 testa
700 1351 993 1410 relicta·
1032 1352 1166 1411 via
1224 1349 1406 1412 ovid.
1456 1350 1625 1411 Fas&
1670 1351 1744 1424 Π,
1790 1349 1932 1412 540.

145 1450 213 1507 In
258 1449 355 1508 his
399 1451 778 1510 munusculis
835 1451 966 1510 liba
1023 1452 1217 1510 fuisse
1273 1451 1454 1510 docet
1510 1451 1758 1510 Lucian.
1820 1445 1932 1507 Ca—

123 1550 292 1629 'tapL
336 1551 412 1609 ΙΙ.
463 1550 602 1613 174.
648 1550 717 1608 T.
762 1552 868 1610 III.
954 1552 1121 1613 Χοαὶ
1164 1553 1269 1613 καὶ
1311 1552 1565 1614 πόπανα
1624 1550 1730 1611 καὶ
1790 1553 1932 1612 ἕνα·
2014 1582 2033 1597 .

143 1650 453 1735 γίσματα,
499 1659 562 1708 et
603 1650 818 1729 Eurip.
861 1650 998 1710 Hel.
1037 1649 1178 1710 554.
1224 1655 1289 1711 in
1332 1652 1569 1710 inferiis
1616 1645 1933 1731 ὀρθοστά-

143 1775 254 1819 τας
297 1751 654 1822 nominanS,
712 1769 869 1829 quos
911 1751 1259 1827 Hesychius
1301 1753 1462 1809 inter
1505 1751 1794 1830 πέμματα
1839 1764 1934 1805 re-

144 1849 296 1921 fert,
353 1849 574 1908 Pollux
616 1852 788 1932 ἱεροῦ
829 1852 1024 1932 ἄρτου
1069 1851 1231 1920 εἶδος
1275 1859 1473 1910 vocat.
1560 1847 1679 1907 His
1720 1852 1932 1906 'autem

145 1966 350 2008 cereos
397 1951 807 2027 circumfigere
850 1950 1031 2008 facile
1074 1951 1152 2009 iis
1197 1949 1615 2021 succurrebat,
1675 1950 1782 2027 qui
1840 1966 1933 2005 se-

140 2049 357 2129 pulcra
398 2052 540 2129 ipsa
583 2049 799 2109 diebus
844 2051 1266 2130 parentalibus
1322 2051 1615 2131 appositu
1659 2048 1934 2107 lucerna-

138 2168 284 2208 rum
326 2150 639 2210 illustrare
683 2149 994 2223 solebant,
1053 2150 1219 2230 quod
1277 2160 1339 2208 et
1389 2151 1658 2209 Graecos
1716 2148 1935 2206 fecisse

146 2257 384 2307 constat
426 2267 487 2309 v.
531 2250 889 2309 Ferrarium
935 2250 1013 2309 de
1056 2250 1309 2311 Lucern.
1355 2249 1613 2329 sepulcr.
1656 2267 1717 2327 p.
1760 2249 1818 2305 7.
1875 2255 1935 2304 et

144 2348 331 2408 hodie
373 2345 873 2429 splendidissime
916 2351 1150 2410 faciunt
1191 2351 1471 2412 Armenii
1525 2348 1627 2406 die
1672 2365 1936 2407 comme-

144 2451 510 2509 morationis
553 2461 956 2510 mortuorum.
1026 2452 1240 2530 anue
1286 2453 1489 2509 etiam*
1521 2465 1705 2507 causa
1746 2447 1936 2506 fuisse

145 2549 426 2623 videtur,
484 2568 589 2609 cur
633 2549 926 2630 Diphilus
979 2554 1045 2610 in
1101 2551 1317 2610 fabula
1375 2549 1629 2610 Triviae
1685 2550 1937 2607 nomine

148 2652 444 2731 inscripta
501 2651 685 2729 hujus
758 2654 994 2730 generis
1061 2653 1482 2733 placentarum
1559 2651 1939 2708 mentionem

146 2752 419 2811 inferret,

309 2853 633 2933 Ἀχαιίναι·
691 2852 918 2916 τούτου
963 2861 1076 2915 τοῦ
1124 2855 1319 2933 ἄρτου
1370 2849 1744 2931 μνημονεύει
1800 2855 1937 2926 Σῆ-

144 2963 260 3033 μος
306 2955 508 3039 λέγων
543 2957 610 3017 ἐν
652 2960 782 3023 τοῖς
831 2952 1275 3035 Θεσμοφορίοις
1328 2952 1654 3035 γενέσθαι·
1707 2949 1825 3012 εἶσὶ
1866 2948 1939 3010 δὲ

148 3050 402 3138 μεγάλοι
469 3055 574 3116 καὶ
633 3055 811 3135 ἑορτὴ
870 3051 1283 3138 ,Μεγαλάρτια
1345 3049 1751 3136 ἐπιλεγόντων
1808 3057 1938 3112 τῶν

152 3151 475 3234 φερόντων
513 3154 823 3234 Ἀχαιίνην
855 3155 1104 3223 στέατος
1137 3156 1413 3234 ἔμπλεων
1435 3150 1672 3238 τράγον
1715 3149 1936 3211 Athen.

153 3250 256 3310 111.
306 3253 443 3313 109.
488 3254 557 3313 F.
615 3273 796 3334 quem
842 3255 1046 3315 locum
1095 3271 1384 3332 perverse
1438 3261 1658 3312 tractat
1703 3251 1939 3311 Politus

155 3347 232 3407 ad
278 3349 556 3412 Eustath.
616 3373 675 3432 p.
725 3353 863 3415 530.
924 3375 1035 3413 nec
1080 3363 1242 3412 recte
1288 3350 1684 3413 Casaubonus
1745 3355 1937 3432 ἄρτον
