2150 3814
240 193 402 254 1298
805 205 1042 249 monn
1085 202 1446 247 'rna‘rms

238 338 462 407 Σίλλος
505 337 610 400 καὶ
659 333 1001 417 Τρίβαλλος
1045 331 1531 417 ὀνομαζόμενοι,
1591 331 1862 415 ἐπίορκοι
1917 334 2021 402 καὶ

239 437 422 524 ἀργοί
436 457 447 468 ·
497 437 596 498 ἄπ’
645 437 856 498 αὐτῶν
899 434 1005 497 καὶ
1046 435 1116 496 τὸ
1163 431 1732 516 παροιμιαζόμενον
1776 430 2022 514 Κερκώ-

196 561 375 600 .πων
431 533 669 620 ἆγορά;
731 532 1226 613 ἄπελιθώθησαν
1270 534 1338 595 δ’
1365 530 1574 600 οὗτοι.
1661 530 1788 592 Nec
1846 531 2027 591 dubi-

237 638 355 695 tari
398 643 607 715 potest
650 635 796 714 quin
838 633 1171 694 Herculem
1230 635 1296 692 in
1339 632 1448 693 illa
1493 632 1879 693 Oechaliensi
1925 649 2027 690 ex-

236 734 552 815 peditione
619 752 863 814 quoquo
925 732 1114 793 modo
1170 735 1552 795 vexaverint.
1589 732 1605 753 ⁹
1648 730 2026 810 'Quanquam

238 837 400 894 enim
471 834 549 893 de
614 833 866 894 sedibus
933 852 1148 892 eorum
1221 843 1282 892 et
1337 831 1690 891 nominibus
1747 840 2027 890 auctores

235 936 659 1014 maximopere
702 936 977 1007 variant,
1036 943 1246 993 tamen
1291 951 1505 992 omnes
1561 933 1650 991 eis
1696 929 2027 990 Herculem

236 1033 594 1114 adjungunt.
680 1033 1043 1095 Herodotus
1087 1033 1217 1092 VH.
1263 1033 1407 1094 216.
1452 1034 1620 1095 viam
1665 1029 2028 1110 Anopaeam

235 1137 302 1193 in
359 1134 637 1194 Locridis
697 1136 972 1194 confiniis
1029 1136 1095 1193 in
1152 1135 1651 1212 angustissimum
1711 1130 2030 1189 tramitem

237 1235 402 1294 exire
464 1234 615 1293 dicit
680 1235 842 1297 κατὰ
901 1233 1342 1319 Μελαμπύγου
1398 1231 1774 1314 καλεόμενον
1843 1229 2030 1293 λίθον

235 1333 342 1395 καὶ
383 1334 544 1396 κατὰ
585 1330 944 1414 Κερκώπων
1000 1334 1201 1415 ἕδρας.
1262 1334 1371 1392 ubi
1425 1331 1814 1411 Melampygi
1869 1329 2030 1409 lapis

236 1451 382 1492 eum
455 1432 791 1510 significat,
865 1433 932 1490 in
1002 1451 1123 1511 quo
1192 1431 1493 1492 Hercules
1567 1431 1876 1508 requievit
1921 1426 2029 1509 [†],

235 1531 411 1615 ἕδραι
454 1541 662 1592 autem
708 1527 1054 1612 Cercopum
1099 1531 1358 1592 insidias
1404 1531 1541 1592 sive
1585 1529 1870 1612 ἐνέδρας,
1921 1547 2031 1587 un-

237 1627 315 1687 de
357 1629 609 1691 heroem
661 1634 930 1710 aggressi
985 1642 1129 1691 sunt
1184 1641 1246 1691 et
1299 1631 1709 1692 dormientem
1763 1627 2032 1709 quidem,

238 1736 310 1789 ut
365 1729 632 1791 videtur.
717 1732 970 1791 Etenim
1029 1732 1291 1792 Tzetzes
1350 1730 1505 1792 Chil.
1551 1729 1623 1789 V.
1666 1726 1770 1790 75.
1824 1738 2033 1789 narrat

236 1829 557 1891 Passalum
611 1841 674 1891 et
727 1832 1127 1893 Aclemonem
1180 1830 1601 1892 Memnonidis
1644 1830 1807 1890 filios
1849 1839 2031 1911 rapto

235 1929 452 1991 vivere
495 1931 746 2005 solitos,
804 1950 994 2012 quum
1023 1932 1330 1992 Herculis
1387 1931 1753 1991 dormientis
1809 1930 2034 1990 manti-

240 2047 374 2089 cam
418 2048 608 2090 manu
651 2032 851 2109 tagaci
894 2042 1342 2106 scrutarentur,
1399 2028 1847 2111 deprehensoS,
1891 2047 2033 2090 con.-

238 2131 482 2190 strictos
530 2141 592 2190 et
633 2131 699 2190 in
743 2130 1068 2192 humerum
1125 2131 1508 2211 Melampygi
1564 2130 1824 2208 rejectos
1881 2147 2033 2204 esse,

239 2249 551 2310 quumque
594 2233 685 2291 ita
729 2234 938 2292 cernui
980 2232 1322 2313 penderent
1363 2231 1740 2291 intellexisse
1783 2228 2035 2290 demum

241 2349 347 2390 cur
405 2339 604 2390 mater
655 2332 944 2410 jussisset
1001 2353 1040 2393 a
1095 2333 1492 2413 Melampygo
1558 2350 1779 2392 manus
1840 2333 2036 2393 absti-

239 2448 401 2490 nere.
462 2431 701 2491 Eadem
748 2452 823 2492 ex
864 2432 1090 2494 Dionis
1136 2434 1592 2494 commentariis
1634 2433 1824 2492 refert
1863 2430 2032 2494 Non-

240 2548 359 2590 nus‘
400 2530 631 2612 Expos.
675 2533 739 2591 in
785 2531 963 2610 Greg.
1006 2531 1111 2595 IV.
1170 2553 1217 2592 c.
1267 2533 1365 2593 37.
1413 2532 1556 2593 508.
1612 2533 1785 2612 cujus
1838 2531 2032 2592 verba

242 2633 628 2713 transcripsit
669 2631 949 2693 Eudocia
991 2652 1052 2713 p.
1096 2632 1180 2693 43
1204 2635 1274 2712 [⁰]
1318 2640 1433 2696 τοῦ
1469 2633 1840 2718 Ἡρακλέους
1880 2631 2029 2695 ποτὲ

242 2731 363 2795 ὑπὸ
419 2733 688 2817 δένδρου
745 2733 1136 2816 κοιμωμένου
1191 2733 1298 2796 καὶ
1351 2741 1483 2797 τῶν
1538 2736 1764 2798 ἑαυτοῦ
1818 2733 2030 2798 ὅπλων

244 2833 737 2916 ὑποκεκλιμένων
789 2841 881 2917 τῷ
937 2839 1119 2918 φυτῷ
1171 2832 1618 2914 πλησιάσαντες
1672 2829 1844 2897 οὗτοι
1896 2840 2028 2904 τοῖς

360 3002 447 3059 [†]
478 3002 624 3047 Notus
653 3008 721 3047 est
749 3002 851 3054 λεὺς
879 2999 1125 3053 καππώτας
1152 3017 1194 3046 v.
1225 3003 1383 3047 Ebert.
1411 3002 1527 3046 Diss.
1558 3002 1647 3046 Sic.
1677 3017 1719 3059 p.
1749 2988 1850 3046 201.
1880 3005 2024 3047 Μαν-

243 3060 347 3109 τοῦς
377 3060 542 3121 δίφρος
570 3063 699 3105 Paus.
730 3063 810 3107 IX.
854 3064 924 3107 10.
970 3062 1038 3104 10.
1095 3060 1211 3120 aliud
1250 3076 1399 3105 saxum
1440 3062 1486 3104 in
1525 3075 1610 3118 quo
1652 3062 1823 3105 Silenus
1861 3061 2027 3105 resedit

243 3117 309 3161 Id.
339 3118 376 3162 Ι.
406 3118 477 3164 23.
525 3118 809 3181 Ἀνακλήθρα
837 3122 914 3167 ubi
944 3121 1078 3164 Ceres
1105 3120 1142 3163 I.
1174 3119 1244 3164 43.
1275 3126 1321 3164 et
1362 3119 1607 3178 ἀγέλαστος
1647 3123 1792 3181 πέτρα
1832 3120 2023 3177 ejusdem

246 3176 380 3219 sedile
410 3178 465 3220 cf.
505 3178 656 3236 Zoega
685 3180 739 3222 de
771 3180 962 3223 Obelisc.
990 3195 1032 3237 p.
1065 3178 1161 3222 196.

367 3236 434 3293 [⁰]
466 3237 591 3281 Haec
618 3240 848 3282 Acmonem
877 3243 1030 3291 vocat3
1061 3236 1176 3294 apud
1205 3235 1402 3279 Nonnum
1432 3236 1650 3279 Alclemon
1680 3237 1861 3293 legitur3
1891 3237 2022 3280 Acle-

245 3308 342 3337 mon
373 3296 568 3339 Tzetzae
596 3311 747 3340 versus
775 3297 979 3355 postulat.
1035 3296 1202 3339 Nomen
1241 3295 1445 3338 Passalus
1484 3309 1621 3352 prave
1658 3295 1940 3353 Boettigerus
1977 3294 2022 3338 in

243 3353 428 3398 Amalth.
460 3354 516 3398 T.
547 3354 629 3399 ΙΙΙ.
660 3371 702 3414 p.
731 3356 831 3400 328.
863 3356 918 3400 ad
948 3355 1199 3399 obscoenum
1227 3354 1487 3398 intellectum
1516 3353 1758 3412 detorquet.
