2150 3814
697 238 794 281 ΕΤ
839 228 1367 284 οοίιιιιει-ΕΝΕΑ.
1769 229 1932 292 1357

266 367 464 421 quartum
493 364 767 422 quintumque
796 365 975 409 locum·
961 365 1017 408 nis
1046 365 1243 409 similiter
1271 365 1548 423 assignasse,
1574 368 1654 425 qui
1681 369 1725 411 in
1748 374 1930 429 utraque

265 423 380 466 serie
407 423 537 467 medii
566 428 736 475 essent,
774 430 996 480 postremo
1022 431 1194 469 sextum
1218 425 1527 521 septimumque
1567 441 1662 471 eos
1683 442 1929 474 numerasse

264 495 371 538 quos
399 481 707 526 remotissimos
737 496 764 524 a
792 488 913 526 terra
942 483 1155 527 viderent.
1274 509 1277 513 ,

146 539 194 580 Ρ.
235 496 335 582 944.
377 545 468 583 not.
497 541 540 583 d.
578 539 650 582 lin.
681 538 722 583 5
763 555 844 597 pro
881 541 1273 598 Empedoclis
1313 544 1484 600 corrige
1522 518 1928 616 Ειιιρειᾱοιιίιιιί.

263 598 481 641 Etenim·
467 612 514 640 m
543 597 640 641 cod.
679 613 758 656 pro
799 600 1151 656 Empedocli
1191 601 1349 658 legitur
1378 603 1768 660 Empedotim‚
1811 606 1930 661 cujus

264 656 332 699 rei
372 656 548 700 oblitum
578 656 799 700 admonuit
825 658 1034 702 Ebertus.

145 739 202 745 —
231 713 332 756 951.
360 729 402 757 v.
434 712 504 758 14.
532 729 613 772 pro
643 714 892 774 πολνεργός
919 717 1005 774 leg.
1038 716 1298 778 πολυεργός.

145 796 202 804 —
230 771 333 815 952.
362 787 405 816 v.
439 772 507 816 15.
537 789 617 832 pro
646 775 725 816 ub.
756 774 852 831 leg.
871 777 948 818 a.b

143 854 202 861 —
230 828 330 874 957.
360 847 403 875 v.
435 832 504 876 14.
536 839 638 876 ante
669 833 868 876 videri
897 834 1060 878 excidit
1088 800 1340 879 sumtum.
1413 868 1429 878 -u

143 912 202 920 --
231 889 332 990 938.
356 891 507 1007 8113.
537 906 616 949 pro
644 897 839 949 rogata
867 894 999 936 scrib.
1030 900 1262 951 rogato.
1292 895 1350 938 V.
1383 894 1451 938 15.
1481 903 1582 954 post
1619 897 1775 941 Pind.
1813 897 1926 942 cxci·-

291 949 328 992 it
473 966 513 994 m

142 1032 201 1038 —
229 1006 330 1051 970.
359 1023 401 1052 v.
431 967 473 1052 5.
504 966 584 1068 pgo
615 1009 713 1053 811.
745 1011 874 1054 scrib.
903 1011 1004 1054 311.

142 1090 201 1097 —
229 1066 330 1110 972.
364 1082 409 1111 v.
438 1068 510 1112 22.
550 1075 651 1127 post
679 1069 898 1113 Diodor.
938 1070 1099 1113 excidit
1137 1084 1334 1112 numerus
1377 1071 1532 1127 capitis
1571 1072 1695 1115 sexti.
1755 1072 1805 1115 In
1843 1078 1932 1115 not.

257 1125 380 1183 prim.
424 1142 465 1170 v.
495 1128 537 1171 2.
550 1085 669 1185 ppost
698 1129 885 1170 Moret.
926 1142 1005 1184 pro
1034 1143 1078 1186 p.
1110 1129 1181 1170 56.
1210 1129 1295 1183 leg.
1328 1144 1372 1171 v.
1402 1129 1473 1170 56.
1532 1130 1582 1170 In
1623 1135 1713 1172 not.
1745 1131 1933 1173 secunda

259 1186 590 1240 postErfind.
621 1186 783 1229 excidit
811 1187 865 1227 T.
888 1186 946 1228 II.

143 1267 196 1273 —
228 1242 330 1286 973.
361 1249 449 1286 not.
474 1260 511 1287 e.
541 1244 614 1286 lin.
647 1247 685 1286 1.
716 1257 794 1299 pro
824 1244 982 1285 Maaca
1011 1242 1096 1298 leg.
1122 1233 1288 1286 Masca.
1309 1243 1457 1289 Notae
1488 1227 1579 1302 seq.
1612 1246 1748 1289 adde:
1780 1261 1933 1290 nomen

259 1298 570 1416 ’.ιιανιάχηίκιιιιιῖΡ
596 1301 805 1354 fabulam,
847 1307 895 1345 ut
924 1301 1119 1355 videtur,
1159 1302 1413 1383 significans
1448 1303 1610 1360 legitur
1647 1305 1692 1348 in
1730 1306 1933 1364 Inscript.

260 1359 505 1402 CCXXIX.
575 1359 717 1403 ,349.
746 1360 939 1403 Boeckh.

141 1443 199 1451 —
227 1418 329 1461 977.
369 1432 411 1460 v.
445 1418 512 1464 11.
551 1418 687 1461 adde·
731 1434 842 1475 quae
879 1418 1031 1462 eadem
1071 1420 1207 1463 verba
1243 1420 1448 1477 leguntur
1483 1421 1528 1464 in
1570 1422 1714 1465 Schol.
1751 1422 1931 1480 Dionys.

260 1478 452 1520 Gramm.
501 1492 544 1534 p.
585 1477 684 1520 747.
723 1477 828 1520 ibid.
878 1493 920 1520 v.
960 1478 1029 1520 20.
1082 1493 1161 1535 pro
1199 1480 1370 1523 forman
1417 1481 1503 1537 leg.
1548 1482 1742 1525 formam.
1822 1483 1933 1525 Sen-

260 1536 442 1579 tentiam
479 1550 599 1579 suam
649 1537 704 1579 de
742 1537 972 1594 tragoedia
1008 1537 1146 1593 lyrica
1185 1538 1324 1581 denuo
1363 1540 1559 1582 defendit
1601 1540 1847 1584 Boeckhius
1891 1558 1932 1599 p.

260 1595 360 1638 766.
393 1609 517 1638 orsus
558 1610 585 1638 a
622 1601 817 1639 veterum
856 1596 1208 1640 monimentorum
1247 1598 1449 1650 fastidio,
1497 1599 1613 1654 quod
1653 1600 1736 1642 sibi
1773 1600 1935 1657 impro-

259 1655 359 1697 bari
388 1654 506 1697 dicit.
556 1654 654 1710 Ego
684 1670 790 1698 vero
821 1662 994 1699 veteres
1025 1657 1299 1713 anagraphas
1331 1672 1598 1726 nequaquam
1627 1659 1824 1711 fastidio,
1856 1659 1935 1702 sed

258 1714 374 1756 sslam
404 1714 459 1756 ab
489 1713 723 1756 Heraclide
751 1715 1006 1772 productam
1036 1721 1150 1757 teste
1192 1730 1278 1758 non
1319 1716 1582 1768 certissimo,
1622 1717 1667 1758 in
1706 1732 1790 1774 qua
1829 1732 1933 1761 can-

259 1778 400 1815 torum
429 1772 701 1815 heroicorum
730 1774 967 1817 certamina
1002 1773 1165 1816 musica
1202 1775 1399 1817 fabulose
1440 1782 1767 1828 enumerantur,
1808 1777 1933 1819 mini-

259 1846 371 1874 mum
401 1831 676 1874 auctoritatis
711 1833 874 1876 habere
917 1832 1030 1885 dixi3
1071 1846 1209 1888 neque
1249 1848 1327 1885 ea,
1369 1848 1479 1890 quae
1516 1835 1759 1876 Boeckhius
1799 1851 1826 1878 a
1865 1851 1933 1879 me

259 1891 462 1946 neglecta
491 1890 617 1942 dicit,
653 1892 823 1959 neglexi
853 1892 931 1933 sed
959 1898 1008 1933 ut
1038 1891 1240 1946 ambigua
1276 1866 1331 1933 ad
1362 1906 1534 1935 causam
1563 1894 1828 1966 probandam
1866 1895 1934 1936 ni-

258 1950 319 1992 hil
348 1950 547 1991 conferre
577 1950 737 1991 censui.
799 1950 959 1993 Verum
989 1955 1219 2006 antequam
1255 1951 1327 1992 illa
1355 1950 1627 2007 Inscripti0‚
1652 1951 1706 1993 d'e
1743 1967 1828 2008 qua
1867 1953 1933 1995 lo-

256 2007 402 2064 quitur
418 2007 488 2049 vir
508 2007 674 2061 doctus,
698 2008 801 2051 mihi
827 2008 1080 2061 innotuerit,
1114 2009 1223 2050 hanc
1254 2010 1548 2064 quaestionem
1577 2023 1797 2055 resumere
1817 2011 1931 2055 nolo.

141 2093 198 2100 —
227 2068 327 2111 978.
358 2082 400 2110 v.
435 2066 502 2108 11.
532 2081 611 2124 pro
642 2067 1014 2110 recentiores
1044 2069 1127 2121 leg.
1158 2068 1543 2110 recentioris.

142 2153 198 2160 --
227 2127 327 2170 982.
359 2140 402 2168 ν.
436 2126 504 2168 10.
534 2137 616 2182 pro
657 2123 994 2193 Βαθυμηὸίὸαι
1022 2126 1107 2180 leg.
1137 2124 1382 2183 Βαδυμηὸε
1370 2125 1484 2170 ῖὸαι
1515 2131 1560 2169 et
1588 2141 1630 2170 v.
1662 2128 1823 2184 penult.
1851 2142 1930 2186 pro

259 2182 455 2229 Andanio
484 2182 578 2239 lega
570 2182 811 2226 Andanio.

143 2271 201 2279 -
228 2245 328 2289 988.
359 2257 402 2285 v.
431 2241 508 2284 ult.
538 2256 618 2299 pro
649 2241 796 2284 tradi
834 2242 918 2298 leg.
948 2242 1134 2286 tradit.
1207 2243 1448 2286 Herodiani
1476 2245 1615 2288 locum
1645 2259 1670 2287 a
1701 2259 1749 2287 se
1780 2244 1931 2289 eodem

258 2302 386 2346 modo
417 2301 685 2345 emendatum
716 2316 814 2344 esse
853 2300 900 2343 in
929 2301 1121 2345 Praefat.
1159 2302 1308 2345 Iliadis
1349 2303 1416 2345 ed.
1456 2304 1677 2347 Teubner.
1721 2305 1793 2346 W.
1823 2304 1931 2347 Din-

260 2362 424 2405 dorfius
454 2360 556 2403 mihi
585 2375 663 2417 per
690 2361 840 2403 literas
871 2360 1106 2417 significat.
1954 2362 1956 2366 ’

142 2448 200 2455 ——
228 2421 330 2466 989.
360 2435 402 2464 v.
436 2419 503 2462 12.
533 2434 614 2488 pro
653 2420 952 2463 Charontis
994 2420 1078 2476 leg.
1111 2420 1388 2463 Chironis.
1430 2436 1471 2464 v.
1507 2421 1573 2464 14.
1603 2428 1705 2479 post
1734 2425 1932 2466 trans-

260 2479 491 2524 mutavit
521 2477 685 2522 excidit
724 2479 851 2522 Serv.
892 2480 998 2522 Aen.
1028 2480 1106 2522 VI.
1139 2478 1206 2522 14.

142 2567 200 2574 —
229 2540 330 2583 991.
359 2553 403 2582 v.
435 2535 518 2581 15.
534 2552 613 2595 pro
643 2535 782 2583 υκλου
811 2538 883 2593 leg
853 2551 895 2593 g.
927 2536 1108 2583 κύκλου.

141 2626 198 2633 -
229 2599 331 2642 992.
360 2613 404 2641 v.
433 2595 504 2640 25,
534 2611 612 2654 pro
645 2595 860 2640 Circae
889 2597 972 2652 leg.
1007 2596 1183 2640 Circe.

143 2685 200 2693 —
228 2657 329 2701 995.
373 2672 415 2700 v.
451 2656 490 2698 1.
527 2656 628 2698 tolle
668 2656 806 2699 verba
833 2656 943 2699 male
971 2655 1161 2713 repetita
1204 2654 1286 2702 τοῖς
1331 2653 1394 2700 'A
1392 2651 1610 2714 μαζόνας.
1646 2640 1686 2700 Ε
1729 2655 1931 2713 Dionysii

261 2714 557 2759 Chalcidensis
599 2713 710 2757 libro
748 2714 980 2758 Lesbonax
1025 2715 1079 2757 de
1119 2714 1217 2770 Fig.
1271 2730 1315 2772 p.
1356 2676 1454 2764 1Μ.
1503 2715 1635 2758 affert
1677 2716 1862 2773 aliquid
1876 2715 1931 2759 de

260 2777 480 2818 Amazone
516 2772 692 2842 Myrina
732 2789 774 2817 v.
812 2774 1023 2819 Valcken.

147 2861 204 2868 —
232 2834 331 2880 996.
362 2840 451 2877 not.
481 2848 552 2890 pp.
582 2830 655 2875 lin.
689 2832 757 2875 11.
788 2834 950 2877 excidit
986 2833 1263 2885 Alcimum3
1308 2833 1420 2876 adde
1458 2834 1569 2891 quod
1608 2848 1685 2876 rex
1723 2833 1928 2892 Philocy-

262 2907 364 2949 prus
394 2893 624 2950 Cypranor
653 2891 811 2935 dicitur
838 2907 881 2937 v.
912 2893 1045 2936 Bach.
1077 2893 1221 2935 Solon.
1251 2908 1293 2950 p.
1324 2891 1395 2937 34.

147 2955 362 2998 -1001.
392 2967 434 2995 v.
462 2951 540 2994 ult.
571 2964 650 3008 pro
681 2951 747 2995 ἔτι
733 2955 838 3009 ι’μσε
867 2952 949 3008 leg.
982 2953 1183 3009 ἐτίμησε.

147 3013 362 3057 -1008,
392 3015 480 3055 not.
511 3027 553 3055 v.
586 3007 654 3052 14.
684 3025 764 3067 pro
792 3007 1367 3068 pastfflosvleg.p0a1190'.v

148 3071 365 3114 -1009.
396 3074 484 3113 not.
513 3085 554 3114 v.
584 3068 660 3113 ult.
691 3084 770 3126 pro
801 3069 1100 3112 Cincinnae
1129 3069 1213 3124 leg.
1246 3068 1589 3112 Cincinniae.

149 3130 365 3175 —1011.
397 3128 532 3171 ww.
561 3143 640 3187 pro
666 3085 945 3185 Cpollegum
978 3130 1062 3184 leg.
1095 3128 1413 3184 Collegium.
1445 3134 1490 3172 et
1518 3129 1563 3170 in
1594 3130 1681 3171 not.
1713 3143 1754 3171 v.
1785 3142 1928 3171 mon-

268 3187 586 3233 straverint
613 3202 693 3246 pro
723 3187 1195 3232 menstraverint.

151 3246 365 3291 --.1015
395 3261 436 3289 v.
467 3245 628 3304 penult.
658 3247 769 3292 adde
806 3247 1015 3291 Firminus
1056 3246 1151 3289 VII.
1187 3245 1254 3289 16.
1285 3245 1384 3290 426.
1418 3245 1670 3290 cinaedos
1702 3245 1927 3288 efficiet

268 3306 459 3352 matris
498 3303 720 3352 deorum
757 3305 1121 3365 cyppahastis
1151 3303 1534 3350 inservibntes.
1595 3305 1829 3348 Dorvillius
1871 3303 1926 3347 ad

218 3386 285 3443 11.
1235 3389 1249 3399 ’
1513 3377 1594 3440 37
