2150 3814
803 215 1369 260 sAmoTHRAclA.
1819 213 1982 278 1133

196 352 344 432 quin
397 352 548 413 haec
601 349 813 413 fabula
871 347 949 408 ad
1010 348 1177 409 illius
1237 351 1594 432 exemplum
1640 361 1985 437 composita

191 453 291 512 sit.
345 452 534 514 >Nam
589 449 922 532 Epaphum
975 450 1258 510 nonnulli
1314 450 1576 512 eundem
1606 454 1983 533 Dionysum

195 571 329 613 esse
370 550 760 612 crediderunt
790 549 1096 611 Plutarch.
1141 549 1220 611 de
1262 553 1341 612 Is.
1387 574 1434 614 c.
1471 553 1571 614 37.
1616 564 1679 615 et
1720 556 1791 615 Io
1837 577 1981 618 ean-

192 651 334 711 dem
374 651 530 725 Isin3
582 649 742 712 hanc
782 668 934 711 vero
978 650 1223 711 Lunam
1246 686 1248 688 v
1268 671 1403 713 esse
1432 653 1658 715 Liberi
1700 664 1982 719 matrem.

187 751 287 810 De
328 750 447 810 hoc
489 749 608 810 deo
651 749 958 811 Eusebius
1002 750 1099 810 Pr.
1144 751 1262 813 Ev.
1306 752 1409 812 111.
1461 754 1558 815 13.
1609 755 1749 816 120.
1802 758 1896 829 τίς
1938 760 1976 839 ἡ

184 856 412 914 τοῦτον
474 850 831 938 γεννῄσασα
901 857 1018 915 εἴτε
1090 850 1334 932 Σελήνη
1405 880 1499 926 τις
1569 857 1804 942 λέγοιτο
1861 864 1979 922 εἴτε

179 949 591 1034 ,Περσεφόνῃ
647 952 755 1012 ubi
796 971 937 1012 non·
965 950 1166 1033 probo
1212 949 1441 1032 Cuperi
1485 955 1982 1020 emendationem

185 1052 427 1133 Σεμέλη
470 1077 564 1124 τις
605 1054 672 1112 in
712 1051 1018 1117 Numism.
1062 1071 1125 1132 p.
1172 1049 1316 1111 255.
1365 1051 1671 1134 Ulpianus
1714 1059 1780 1116 in
1824 1059 1978 1120 Mid.

183 1169 245 1229 p.
296 1151 432 1210 174.
491 1155 552 1214 οἱ
590 1152 708 1233 μὲν
753 1150 1015 1216 Πάνδια
1059 1151 1209 1222 Διὸς
1253 1154 1474 1234 ἑορτὴν
1531 1154 1864 1238 ἐνόμισαν,
1922 1161 1984 1222 οἱ

183 1249 254 1312 ’δὲ
299 1252 602 1316 Πανδῖαν
655 1252 772 1332 τὴν
830 1247 1089 1332 σελήνην
1143 1251 1529 1334 νομίζουσιν.
1602 1253 1804 1343 Ἦγον
1862 1255 1981 1323 οὖν

181 1349 288 1412 καὶ
328 1359 438 1432 τῆς
479 1349 759 1432 Σελήνης
801 1351 1022 1436 ἑορτὴν
1064 1353 1228 1434 μετὰ
1274 1354 1356 1417 τὰ
1398 1354 1728 1432 Διονύσια,
1774 1359 1981 1440 ἐπειδὴ

180 1450 496 1518 Διονύσου
542 1451 810 1536 ἀδελφή·
872 1458 1038 1536 εἴπερ
1081 1452 1197 1517 τὸν
1239 1452 1555 1520 Διόνυσον
1602 1459 1709 1521 καὶ
1745 1459 1981 1524 'Audi--

183 1561 353 1618 λωνα
395 1554 502 1617 καὶ
525 1555 745 1618 (Ἠλιον
788 1561 1104 1617 καλοῦσιν.
1180 1555 1373 1618 Ἔνιοι
1418 1555 1489 1618 δὲ
1532 1559 1732 1622 παῖδα
1775 1560 1978 1641 Σελή-

180 1678 293 1733 νης
333 1655 447 1718 τὸν
489 1653 822 1719 Διόνυσον.
910 1653 1229 1714 Diodorus
1274 1674 1426 1716 vero
1482 1657 1588 1716 III.
1645 1659 1747 1718 73.
1828 1661 1980 1724 Dio-

179 1771 404 1830 nysum
460 1745 800 1821 secundum
866 1752 1046 1816 Jovis
1119 1764 1182 1813 et
1236 1754 1450 1814 Lunae
1515 1757 1716 1817 filium
1770 1780 1980 1839 regem

177 1851 450 1934 Aegypti
505 1865 569 1916 et
595 1887 600 1890 ·
623 1855 950 1915 teletarum
1003 1856 1423 1930 inventorem3
1492 1853 1707 1915 Cicero
1761 1858 1837 1919 N.
1893 1861 1974 1921 D.

176 1953 282 2017 ΠΙ.
327 1955 427 2015 23.
473 1963 760 2035 quartum
792 1956 1149 2032 Dionysum
1193 1954 1418 2016 iisdem
1461 1956 1825 2037 parentibus
1869 1980 1978 2022 na-

177 2063 310 2116 tum
355 2054 536 2131 dicit,
593 2057 982 2117 cuisacra
1020 2053 1361 2136 Orphica
1403 2058 1978 2136 instituuntur,

176 2153 275 2214 his
343 2143 555 2224 verbis
609 2174 842 2216 nomen
895 2156 1222 2216 teletarum
1279 2158 1739 2238 interpretatus·
1850 2161 1978 2222 Sed

178 2253 734 2321 luculentissimum
789 2258 972 2335 hujus
1027 2257 1440 2331 confusionis,
1496 2277 1619 2338 qua
1673 2259 1975 2341 Epaphus

179 2363 242 2413 et
284 2354 560 2418 Bacchus
601 2359 896 2441 permixti
929 2367 1107 2432 sunt,
1151 2357 1506 2439 exemplum
1545 2358 1804 2438 praebet
1837 2361 1977 2439 Hy-

177 2455 356 2532 ginus
398 2457 551 2517 Fab.
598 2454 717 2518 CL.
771 2458 1187 2538 Postquam
1244 2457 1443 2519 Juno
1499 2457 1716 2520 vidit
1769 2461 1975 2542 Epa«

175 2555 329 2637 pho
387 2578 476 2618 ex
542 2558 835 2639 pellice
902 2567 1087 2618 nato
1158 2568 1455 2618 tantam
1513 2561 1736 2638 regni
1801 2573 1975 2642 pot-

180 2640 517 2720 estatem
576 2678 776 2734 esse,
839 2668 1061 2719 curat
1129 2661 1208 2718 in
1268 2668 1562 2721 venatu
1631 2668 1714 2719 ut
1768 2661 1974 2743 Epa-

178 2754 378 2837 phus
421 2771 840 2821 necaretur
884 2759 1362 2839 Titanesque
1416 2759 1787 2820 hortatur
1842 2759 1972 2823 Jo-

179 2873 346 2928 vem
390 2870 472 2920 ut
515 2881 752 2940 regno
796 2862 1140 2943 pellant,
1185 2879 1342 2941 quae
1367 2868 1501 2918 toto
1544 2860 1750 2920 colore
1773 2868 1973 2927 omni-

181 2952 414 3036 busque
456 2962 846 3023 lineamentis
890 2962 1230 3022 assimilata
1273 2968 1415 3020 sunt
1457 2957 1709 3021 fabulae
1749 2962 1976 3047 Orphi-

184 3073 289 3115 cae
354 3077 393 3118 a
454 3062 854 3143 Pragmaticis
910 3063 991 3124 ad
1047 3064 1318 3144 speciem
1374 3059 1664 3121 factionis
1731 3066 1973 3127 aulicae

185 3167 541 3238 exornatae3
594 3184 717 3245 quo
762 3165 1002 3225 facilius
1058 3162 1420 3240 intelligitur
1475 3179 1583 3220 cur
1636 3180 1813 3226 sacra
1857 3166 1970 3228 Or-

184 3256 366 3337 phica
406 3260 618 3324 Lunae
658 3266 787 3328 filio
831 3268 1117 3328 instituta
1170 3262 1482 3335 dicantur,
1541 3281 1696 3343 quae
1752 3267 1969 3330 eadem
2056 3319 2059 3322 ⁴

187 3358 332 3432 Isis,
400 3362 500 3436 lo,
557 3367 924 3449 Proserpina
990 3363 1347 3447 perhibetur
1404 3360 1670 3425 Osiridis
1726 3370 1971 3448 Diony-

265 3461 339 3521 ιι.
1544 3463 1627 3522 23
