2184 3840
323 261 451 320 884
864 271 1099 316 121131311
1141 272 1571 316 SECUNDUS.

322 405 446 478 ille,
490 400 789 483 quidquid
837 400 1058 476 ubique
1103 401 1371 478 aliquam
1423 403 1844 462 occultationis
1875 412 1982 461 aut
1996 403 2102 462 ob-

325 503 632 565 scuritatis
659 502 924 580 speciem
949 497 1236 571 ostendit,
1262 499 1555 561 obstricto
1580 502 1755 574 collo,
1781 520 1907 561 non
1927 503 2105 562 aliter

325 622 508 685 quam
553 603 607 660 si
650 599 879 659 fiscalia
920 599 1172 657 nomina
1216 600 1514 675 exigeret,
1570 603 1757 662 trahit
1799 605 2103 682 rapitque.

322 704 480 765 Nam
516 699 596 762 ad
639 700 799 757 hunc
839 697 1043 756 locum
1089 708 1149 779 et
1183 697 1264 756 ad
1297 717 1434 759 eam
1467 705 1906 780 quaestionem,
1951 721 2108 781 quae

327 813 419 864 est
464 801 541 859 de
585 797 985 874 ambiguitate
1029 797 1385 871 verborum„
1423 802 1546 860 ista
1586 803 1740 862 nihil
1783 804 2109 883 pertinere,

323 918 535 960 omnes
591 896 830 958 vident.
916 896 1043 956 Sed
1087 900 1364 978 suppetit
1406 900 1546 976 alia
1572 902 1805 962 via.ad
1843 902 2107 982 proban-

323 1002 501 1075 dum,
544 999 980 1076 mysteriorum
1025 1008 1334 1058 curatores
1379 999 1672 1076 singulari
1714 1000 1984 1079 quodam
2016 1000 2107 1059 di-

323 1100 500 1162 cendi
541 1118 759 1178 genere
800 1099 1047 1176 gavisos
1093 1117 1245 1172 esse,
1290 1101 1515 1178 partim
1561 1099 1640 1159 ab
1685 1099 1963 1163 obsoleta
2004 1119 2109 1160 ve-

324 1209 552 1261 tustate
622 1200 918 1278 repetito,
989 1201 1215 1278 partim
1271 1199 1778 1260 translationibus
1829 1201 2108 1277 imagini-

325 1303 555 1381 busque
609 1299 900 1359 colorato.
997 1298 1115 1356 Pro
1170 1299 1280 1358 illo
1335 1300 1596 1360 afferam·
1627 1299 1898 1360 Diodori
1939 1301 2110 1359 testi-

322 1403 602 1461 monium
669 1401 775 1478 qui
828 1400 1294 1459 ,vetustissimos
1365 1400 1826 1467 Samothraciae
1857 1399 2111 1462 ⁴incolas

324 1501 578 1581 propria
632 1497 900 1578 quadam
946 1498 1208 1577 dialecto
1254 1517 1397 1558 usos
1441 1500 1753 1578 perhibet,
1796 1496 1867 1579 ἧς
1910 1499 2104 1562 πολλοὶ

323 1605 390 1665 ἐν
432 1605 568 1668 ταῖς
610 1598 868 1668 θυσίαις
909 1600 1086 1679 μέχρι
1127 1606 1241 1660 τοῦ
1285 1608 1407 1662 νῦν
1445 1607 1750 1682 τηρεῖται,
1806 1618 1932 1659 11011
1986 1617 2106 1679 (1110

323 1699 730 1760 demonstrari
772 1699 999 1778 possit,
1045 1699 1478 1758 sacrificiorum
1511 1702 1792 1763 ,nomine
1816 1701 2111 1775 mysteria

321 1799 668 1878 significari,
709 1797 820 1857 sed
864 1799 1027 1876 quia,
1071 1807 1375 1877 utcunque
1417 1800 1781 1880 accipietur,
1814 1818 1952 1859 cum
1975 1800 2108 1860 uni-

324 1918 506 1961 versa
572 1916 787 1970 causa,
859 1916 1046 1976 quam
1107 1906 1481 1973 tractamuS,
1547 1901 1938 1978 conjunctum
1997 1908 2107 1959 est.

322 1999 529 2078 Hujus
568 2000 780 2075 *igitur
846 1998 1327 2059 Samothraciae
1370 1998 1616 2063 dialecti
1660 2016 1875 2058 ‘unum
1922 1998 2108 2058 hodie

322 2108 603 2179 superest
663 2099 1033 2176 exemplum·
1078 2117 1117 2158 a
1172 2098 1525 2158 Maittaerio
1582 2101 2107 2178 praetermissum,

322 2197 479 2258 illud
557 2196 726 2276 quod
793 2197 1162 2279 Hesychius
1214 2201 1534 2259 servavitz.
1610 2197 1970 2279 Hadrianus:
1990 2199 2107 2278 τὴν

321 2300 602 2382 πέμπτην
643 2295 1067 2381 Σαμόθρακες
1112 2299 1370 2383 λέγουσι.
1430 2295 1616 2370 Quod
1646 2303 1699 2358 si
1734 2317 1915 2379 quem
1947 2298 2107 2358 forte

321 2397 556 2477 pudeat
596 2398 831 2456 nescire
876 2397 1023 2477 quid
1066 2397 1353 2459 vocabuli
1396 2400 1496 2471 sit,
1522 2398 1745 2459 -licebit
1787 2399 1889 2460 vel.
1926 2400 2107 2478 puni-

325 2517 464 2556 cum
534 2496 702 2556 dicat<
755 2497 858 2557 vel
914 2499 1414 2571 samscritioum3.
1448 2517 1620 2558 nam···
1641 2499 2107 2561 ,Samothraciae

324 2597 689 2675 Aborigines
748 2598 970 2676 punice
1013 2596 1299 2676 loquutos
1345 2616 1478 2657 esse
1521 2596 1788 2658 affirmat
1828 2598 2106 2657 Muente-

323 2716 426 2757 rus
447 2700 495 2775 [a
524 2740 541 2770 ,
585 2697 956 2756 samscritice
984 2695 1396 2757 Grotefendus
1412 2693 1508 2778 [¹²],
1552 2707 1613 2757 et
1641 2708 1946 2771 neutrum,
1981 2717 2103 2757 cre-

445 2866 521 2922 [a]
565 2866 792 2922 Antiquar.
817 2865 1030 2909 Abhandl.
1065 2881 1108 2923 p.
1130 2865 1229 2908 224.
1261 2868 1336 2909 ubi
1364 2868 1554 2910 ostendit
1582 2866 1818 2910 Diodorum
1846 2871 1938 2909 toto
1967 2867 2102 2918 caelo,

328 2928 378 2966 ut
414 2925 559 2977 aiunt,
599 2938 789 2977 errasse,
831 2939 958 2981 quum
989 2923 1293 2968 Samothraces
1325 2927 1489 2982 priscos
1518 2926 1796 2981 Pelasgorum
1824 2924 1973 2980 lingua
2002 2939 2101 2966 usos

327 2982 576 3025 diceret:
619 2983 690 3025 Im
734 2983 1093 3040 Gegentheil
1136 2984 1341 3039 glaube
1382 2985 1498 3037 ich,
1539 2985 1671 3026 dass
1712 2984 1799 3026 die
1842 2983 2100 3040 Sprache

328 3041 485 3082 eines
527 3055 584 3081 so
625 3041 803 3084 rohen
855 3041 963 3084 und
1007 3043 1420 3097 ungebildeten
1469 3043 1740 3084 stammes
1792 3042 1903 3097 (der
1942 3042 2099 3084 Pelas-

328 3099 440 3154 ger)
481 3098 646 3141 keine
677 3100 1017 3156 Ausdriicke
1054 3101 1275 3156 ffir,.(..lie
1316 3101 1614 3158 Begrififm
1656 3101 1873 3156 welche
1910 3100 1965 3141 in
1998 3101 2098 3141 den

330 3157 657 3212 Mysterien
699 3159 1007 3203 euthalten
1051 3173 1265 3212 waren,
1312 3159 1532 3215 gehabt
1581 3159 1759 3201 haba
1810 3158 1971 3202 Nescio
2014 3172 2098 3215 quo

327 3215 451 3257 modo
482 3215 562 3258 hoc
590 3216 645 3259 iis
675 3219 992 3273 approbaturus
1019 3218 1091 3271 sit,
1122 3218 1198 3274 qui
1225 3218 1436 3273 Pelasgos
1465 3218 1682 3274 perfectos
1707 3216 1938 3260 Idealistas
1965 3217 2099 3259 fuisse

322 3275 484 3328 Jurant.

444 3358 516 3415 [b]
549 3360 812 3415 Allgemeine
841 3362 1075 3418 Encyclop.
1114 3378 1153 3404 v.
1184 3361 1326 3404 Ersch
1355 3376 1396 3404 11.
1428 3361 1602 3403 Gruber
1634 3361 1690 3402 T.
1715 3360 1791 3403 Vl.
1822 3375 1863 3416 p.
1887 3357 1988 3404 243.
2009 3359 2095 3400 die

326 3418 513 3460 vielen
564 3420 817 3462 fremden
861 3423 1118 3472 Wiirter,
1169 3421 1387 3462 welche
1441 3420 1575 3461 nach
1631 3419 1851 3461 Diodor
1892 3419 1950 3459 in
1993 3417 2094 3459 den
