2210 3886
859 204 1309 288 o-Rru10A.
1848 230 1974 290 797

195 399 355 440 rum
401 387 542 451 est,
585 373 789 456 quod
810 376 907 450 'in
940 374 1354 449 mysteriis
1399 377 1975 437 secretioribus

197 480 520 550 dicitur,
565 479 640 536 in
684 472 1019 557 pecudes
1055 482 1282 553 atque
1315 473 1514 533 alias
1551 473 1823 535 beluas
1858 477 1977 534 ire

196 580 489 638 animas
545 575 1074 656 improborum
1090 617 1108 647 ‚
1170 593 1324 653 quae
1393 571 1612 634 eodem
1669 577 1979 655 pertinere

196 699 271 738 ex
326 678 825 757 subsequendum
882 675 1381 735 testimoniorum
1427 673 1754 734 collatione
1799 674 1980 735 effici-

196 787 311 838 tur.
398 777 500 838 Ad
543 777 818 837 Platonis
862 779 1057 838 verba
1100 774 1324 835 Phaed.
1369 795 1430 855 p.
1464 775 1566 834 70.
1612 770 1678 834 C.
1722 775 1981 845 παλαιὸς

194 881 311 961 μέν
354 878 486 941 ἐστί
526 903 618 948 τις
663 879 695 940 ὃ
743 875 923 964 λόγος
967 872 1168 950 οὗτος,
1215 872 1290 939 οὗ
1332 873 1727 957 μεμνήμεθα,
1742 924 1746 927 -
1771 875 1854 945 ὥς
1897 880 1983 937 εἲ-

198 980 299 1043 σὶν
355 979 584 1043 ἐνθένὸ
585 1005 609 1040 ε
659 977 1033 1061 ἀφικόμεναι
1078 979 1202 1038 ἐκεῖ
1242 977 1333 1052 (αἱ
1377 975 1602 1057 ψυχαί)
1632 1018 1633 1021 =
1648 976 1755 1038 καὶ
1795 974 1983 1039 πάλιν

194 1105 264 1164 γε
303 1080 488 1163 δεῦρο
512 1101 515 1107 ··
531 1080 947 1160 ἀφικνοῦνται
983 1076 1087 1138 καὶ
1114 1073 1439 1160 γίγνονται
1469 1078 1533 1136 ἐκ
1556 1083 1687 1140 τῶν
1709 1074 1984 1140 τεθνεώὲ

193 1201 323 1241 των
334 1223 356 1251 ,
426 1175 912 1259 olympiodorus
980 1177 1130 1236 haec
1200 1173 1484 1235 adnotat:
1543 1175 1638 1238 ὅτι
1670 1220 1676 1223 ·-
1692 1177 1763 1239 τὸ
1823 1176 1985 1252 ζῶον

196 1279 302 1342 καὶ
355 1279 426 1342 τὸ
482 1278 754 1348 narseus·
810 1282 872 1349 ἐξ
916 1275 1196 1357 ἀλλήλων
1208 1322 1229 1351 ,
1286 1274 1729 1352 κατασκευάζει
1772 1301 1863 1339 εκ
1879 1284 1987 1357 τῆς

193 1381 542 1465 μαρτυρίας
583 1387 715 1444 τῶν
757 1386 1043 1442 παλαιῶν
1087 1402 1366 1457 ποιητων
1409 1385 1541 1440 τῶν
1597 1379 1719 1444 απὸ
1761 1379 1985 1463 Ὀρφέ-

198 1506 281 1550 ως
292 1527 314 1554 ,
360 1481 522 1564 φημὶ
532 1528 553 1555 ,
599 1481 882 1567 λεγοντος
1398 1498 1400 1501 ’

341 1593 408 1647 Oc
443 1593 496 1646 δ’
537 1592 681 1646 αὐτοὶ
719 1592 932 1664 πατέρες
967 1613 1019 1645 τε
1057 1594 1141 1644 καὶ
1178 1591 1317 1653 υἷέες-
1343 1593 1394 1644 ἔν
1428 1591 1722 1663 μεγάροισιν

335 1677 402 1747 ἠδ
411 1678 425 1697 ’
466 1677 642 1745 ἄλοχοι
680 1680 861 1746 σεμναὶ
898 1678 1074 1730 κεδναί
1105 1698 1157 1729 τε
1197 1674 1453 1747 θύγατρες
1493 1709 1552 1731 .—-

199 1788 521 1860 πανταχοῦ
563 1781 688 1866 γὰρ
733 1781 766 1842 ὅ
797 1778 1077 1841 Πλάτων
1122 1778 1404 1860 παρῳὸεἷ
1441 1779 1519 1840 τὰ
1555 1786 1668 1841 τοῦ
1689 1779 1982 1861 Ὀρφέως.

196 1898 455 1959 quorum
523 1880 673 1940 haec
739 1880 1042 1939 sententia
1072 1922 1074 1924 ι
1108 1896 1241 1938 esse
1310 1877 1559 1940 videtur
1574 1899 1586 1936 ε
1602 1927 1605 1929 ,
1643 1880 1869 1938 animis
1887 1902 1892 1925 τ
1924 1880 1989 1937 in

196 1999 457 2062 corpora
510 1981 982 2058 remigrantibus
1038 1998 1225 2061 saepe
1268 1980 1337 2038 fit
1349 2023 1366 2052 ‚
1423 1990 1492 2039 ut
1536 1981 1642 2065 qui
1656 2030 1659 2031 γ
1687 1980 1837 2039 olim
1870 1997 1988 2037 ¹na-

197 2092 370 2142 turae
450 2090 512 2141 et
604 2080 917 2142 affinitatis
1002 2081 1265 2143 vinculis
1334 2081 1467 2158 conj
1477 2082 1643 2140 uncti
1709 2080 1955 2140 fuerant
1968 2122 1985 2150 ‚

198 2193 420 2263 postea
463 2183 797 2263 aliquando
843 2185 909 2242 in
956 2181 1214 2241 eandem
1265 2180 1522 2240 domum
1557 2182 1987 2258 recolligantur

202 2281 283 2340 ad
319 2284 646 2361 pristinam
693 2282 1109 2342 conditionem
1155 2282 1440 2342 revoluti.
1486 2280 1866 2359 Augustinus
1909 2278 1987 2337 de

200 2379 334 2442 civ.
391 2381 593 2442 XXII.
638 2403 686 2442 c.
730 2385 832 2442 28.
893 2383 1392 2442 Genethliaci
1452 2381 1761 2462 quidam
1808 2382 1988 2440 scri-

196 2490 558 2562 pserunt,
626 2502 792 2543 esse
846 2485 926 2542 in
978 2481 1484 2541 renascendis
1543 2481 1986 2541 hominibus

198 2602 418 2664 quam
463 2584 872 2664 appellant
913 2583 1386 2670 παλιγγενεσίαν
1432 2583 1745 2643 Graeci&
1773 2582 1938 2643 Han
1956 2603 1987 2641 c

198 2689 694 2766 scripserunt
737 2685 1028 2745 confici
1070 2686 1146 2744 in
1191 2686 1421 2744 annis>
1456 2703 1769 2744 numero
1815 2702 1986 2764 qua-

200 2784 641 2863 dringentis
698 2785 1254 2866 quadraginta,
1323 2796 1402 2844 ut
1457 2784 1657 2846 idem
1702 2803 1987 2866 corpus

201 2894 274 2944 et
317 2885 579 2946 eadem
625 2890 876 2946 anima
920 2906 1109 2967 quae
1152 2887 1229 2946 fu
1247 2895 1412 2944 erat
1455 2886 1622 2964 conj
1641 2893 1873 2945 uncta
1910 2887 1986 2945 in

200 2986 510 3047 homine
597 2987 971 3068 aliquand
989 3007 1026 3047 o
1109 2987 1428 3048 eandem
1504 2984 1832 3046 redeant
1907 2987 1988 3045 in

200 3107 232 3146 c
246 3106 283 3146 o
296 3088 370 3166 nj
388 3106 430 3148 u
444 3106 485 3147 n
499 3089 659 3147 ctio
675 3107 716 3147 n
731 3109 764 3147 e
777 3108 860 3148 m.
957 3089 1059 3148 De
1114 3087 1330 3148 eodem
1392 3087 1666 3147 Platonis
1711 3088 1847 3169 loco
1895 3097 1988 3146 est

201 3186 636 3270 olympiodori
693 3189 984 3250 Scholion
1041 3209 1079 3250 a
1136 3186 1440 3248 Columna
1496 3187 1578 3248 ad
1620 3188 1777 3248 Enn.
1822 3209 1882 3269 p.
1927 3189 1983 3246 6.

202 3299 263 3346 et
306 3289 579 3350 Gesnero
623 3290 866 3369 Fragm.
914 3289 1102 3371 Orph.
1147 3311 1206 3369 p.
1254 3288 1392 3349 510.
1440 3289 1792 3368 evulgatum
1808 3310 1821 3348 z
1866 3315 1986 3351 πα-

204 3388 371 3458 λαιὸς
423 3389 601 3474 λόγος
639 3389 930 3474 Ὀρφικός
973 3417 1037 3452 τε
1083 3391 1185 3451 καὶ
1231 3390 1674 3475 Πυθαγόρειος
1719 3391 1750 3451 ὅ
1798 3388 1984 3451 πάλιν
