2150 3814
737 213 1296 261 SAMOTHRACIA-
1734 212 1893 274 1325

126 351 253 402 tem
296 341 750 420 significaverit,
792 357 991 421 neque
1025 343 1212 406 ranila
1250 345 1536 425 probabit
1577 350 1895 417 Ernestius

124 444 284 503 hunc
337 444 665 504 velitem
724 439 844 500 dici
899 458 1261 522 posse.non
1318 449 1512 526 magis
1552 469 1743 530 quam
1792 458 1894 533 qui

126 543 509 603 urbanitatis.
528 539 775 601 laudem
818 553 1079 606 venatur
1122 555 1492 608 venatorem.
1568 549 1659 626 Ac
1702 554 1896 612 miror

124 645 493 720 Scaligerum
551 650 612 699 et
663 640 1046 706 Ferrarium'i.
1070 644 1230 706 hunc
1266 647 1487 729 locum
1541 668 1666 711 non
1724 652 1894 712 adhi-

125 744 328 803 buisse
359 739 588 802 Διῐιινθη.
632 738 721 800 V:
757 739 893 802 153.
943 784 945 787 -

261 888 339 937 Tu
375 887 532 934 scabie
566 886 739 935 fiueris
775 870 945 947 mali,
983 880 1109 950 quod
1144 891 1194 935 in
1231 905 1410 955 aggere
1444 894 1572 940 rodit

259 974 344 1037 qui
377 974 558 1036 tegitur
593 987 757 1033 parma
792 980 842 1019 et
876 974 1019 1038 galea
1053 982 1362 1038 metuensque
1397 976 1579 1042 flagelli

260 1048 403 1121 discit
439 1057 498 1104 ab
535 1055 720 1104 hirsuta
744 1059 968 1119 jaculum,
996 1066 1218 1119 torquere
1254 1062 1452 1122 capella.

118 1206 237 1268 quo
294 1185 544 1245 nomine
600 1185 655 1241 si
699 1182 902 1259 campi
939 1168 1162 1259 ‘doctor
1204 1184 1603 1260 significatur,
1647 1206 1893 1249 necesse

116 1296 210 1346 est
253 1303 424 1354 eum,
468 1279 918 1368 qui-flagellum
962 1283 1217 1356 metuit,
1262 1284 1632 1347 tirunculum
1676 1287 1895 1350 barba-

112 1405 248 1445 rum
279 1380 523 1462 ⁴‘'dici[³'].
579 1381 663 1439 Et
705 1399 780 1439 ex
823 1376 946 1439 hoc
980 1400 1197 1458 genere
1239 1385 1371 1443 sine
1416 1376 1603 1444 dubio
1646 1388 1896 1451 fuerunt

111 1468 490 1546 illi'scurrae
534 1490 897 1565 castrenses&
935 1481 1195 1540 ‘calones
1239 1491 1422 1563 atque
1464 1486 1740 1562 galearii,
1784 1473 1894 1549 ho-⁷-v

112 1589 310 1647 mines
367 1583 443 1642 ab
500 1572 810 1640 armorum
840 1570 982 1639 ’ἤδη
1026 1583 1278 1641 minime
1322 1584 1507 1643 alieni
1550 1586 1658 1645 sed
1701 1588 1891 1650 iidem
1945 1588 1947 1590 ’

115 1688 195 1747 ad
268 1667 476 1765 turpia>
542 1681 885 1741 ministeria
955 1689 1018 1739 et
1087 1681 1167 1740 ad
1242 1701 1485 1743 omnem
1555 1691 1892 1767 nequitiam

113 1778 551 1868 promtissimi.
616 1780 844 1839 Verum
889 1780 1109 1839 urbani
1153 1800 1396 1861 quoque
1439 1786 1572 1845 sive
1614 1786 1889 1848 forenses

115 1887 325 1966 geruli,
370 1883 523 1964 quos
566 1880 1230 1963 Graecinpovvsixovg
1273 1893 1498 1943 vocant
1515 1885 1583 1964 [²]
1633 1886 1710 1946 ob
1756 1891 1890 1947 infi-

232 2057 308 2114 [y]
361 2045 598 2110 Lydus*de
627 2051 831 2113 Magistr.
858 2065 902 2108 p.
934 2051 998 2093 82.
1034 2055 1223 2107 τίρωνας
1262 2051 1365 2102 τοὺς
1402 2052 1661 2112 ταπεινούς,
1705 2047 1904 2110 ὁποίουζ

115 2113 231 2162 εἶναι
261 2117 498 2174 συμβαίνει
526 2109 629 2172 τοὺς
657 2112 931 2182 λεγομένους
965 2109 1252 2167 Τριιβάλλους.
1325 2112 1491 2155 Marius
1533 2115 1743 2158 satellites
1782 2118 1891 2173 legit

116 2178 167 2220 ἐκ
211 2177 303 2218 τῶν
356 2182 811 2229 προςηεφοιτηκυτων
862 2163 1060 2222 δούλων,
1116 2166 1192 2217 οὓς
1240 2170 1516 2225 Βαρδιαίους
1557 2173 1890 2232 προςηγόρευεν

113 2233 334 2281 Plutarch.
363 2231 417 2274 V..
450 2229 562 2280 Mar.
595 2227 757 2275 XLIII.
798 2227 873 2269 ubi
903 2227 995 2270 cod.
1021 2225 1269 2286 Ὀρταίους,
1303 2227 1488 2272 Glossae
1520 2231 1598 2272 Gr.
1628 2232 1728 2274 Lat.
1759 2234 1890 2276 Bar-

115 2294 203 2336 dei
233 2286 426 2348 Ιλλύριοι
457 2287 625 2330 δοῦλοι.
671 2283 850 2329 Aristot‘.
890 2285 1050 2327 Mirab.
1091 2301 1127 2328 c.
1161 2285 1252 2327 CL.
1296 2286 1346 2329 ἐν
1378 2286 1608 2348 Ἰλλυρίοις
1644 2289 1747 2340 τοὺς
1783 2291 1884 2350 Ἀρ-

115 2353 287 2399 διαίους
315 2349 631 2404 καλουμένους.
690 2344 962 2387 Ptolemaeus
997 2342 1277 2404 Οὗαρδαίους
1304 2351 1452 2398 vocat3
1495 2352 1624 2403 atque
1654 2349 1766 2391 haud
1798 2352 1886 2393 scio

115 2426 171 2454 an
210 2408 326 2464 regis
366 2405 611 2460 Illyriorum
645 2402 897 2446 nobilissimi
935 2417 1085 2445 nomen
1129 2401 1350 2457 Bardyllis
1392 2405 1483 2446 sive
1526 2406 1728 2462 Bardylis
1769 2409 1885 2452 Plut.

114 2469 271 2525 Pyrrh.
302 2481 338 2508 c.
368 2464 445 2507 IX.
475 2462 631 2506 Liban.
661 2461 784 2504 Decl.
816 2461 873 2502 Τ.
904 2461 985 2504 ΠΙ.
1015 2460 1114 2502 251.
1158 2461 1339 2503 Lucian.
1374 2461 1569 2506 Macrob.
1612 2468 1653 2518 §.
1687 2468 1753 2508 10.
1788 2467 1887 2510 120.

114 2527 295 2571 Photius
323 2523 430 2566 Cod.
460 2521 558 2564 279.
587 2536 629 2578 p.
661 2520 760 2563 866.
800 2520 1056 2574 gentilitium
1087 2519 1222 2575 magis
1260 2519 1316 2561 sit
1346 2534 1472 2575 quam
1502 2524 1731 2579 proprium.
1780 2525 1887 2568 Plu-

114 2587 250 2630 tarch.
280 2584 334 2625 V.
373 2582 496 2623 Brut.
539 2595 576 2623 c.
606 2578 741 2622 XLV.
786 2577 872 2622 σὺν
899 2582 993 2628 τοῖς
1022 2581 1391 2635 στρατευομένοις
1419 2582 1607 2630 οἰκέταις
1650 2580 1727 2632 οὓς
1767 2588 1888 2643 Βρί-

118 2662 201 2704 γας
243 2638 474 2699 ὠνόμαζεν
524 2635 547 2682 ὃ
599 2639 810 2696 Βροῦτος.
893 2636 1138 2692 Hesychius
1198 2632 1410 2695 Τράλλεις
1461 2635 1600 2688 οὕτως
1645 2641 1884 2687 ἐκαλοῦντο

118 2697 399 2763 μισθοφόροι
434 2699 605 2757 Θρᾷκες
631 2701 724 2745 τοῖς
751 2697 1009 2750 βασιλεῦσιν
1039 2697 1082 2738 οἱ
1101 2692 1179 2743 τὰς
1203 2693 1394 2750 φονικὰς
1415 2701 1575 2754 χρείας
1598 2700 1883 2756 πληροῦντες.

120 2777 201 2819 quo
231 2771 402 2803 munere
430 2755 631 2799 Bardarii
661 2769 831 2811 quoque
860 2755 1151 2811 fungebantur
1180 2758 1224 2794 et
1254 2753 1455 2795 Scurrae.
1515 2757 1627 2798 Acta
1665 2758 1884 2801 Passionis

53 2849 63 2859 .
120 2822 166 2864 S.
193 2817 382 2863 victoris
411 2815 467 2858 ad
496 2813 621 2856 VIII.
665 2813 774 2868 Maj.
813 2813 1011 2857 Bolland.
1052 2817 1181 2854 tunc
1216 2810 1596 2855 Maximianus
1636 2815 1885 2873 Impera-

119 2886 207 2922 tor
249 2875 423 2932 iussit
470 2871 666 2918 vocari
717 2885 1030 2929 scurronas
1074 2876 1127 2912 et
1165 2870 1353 2925 jussit
1395 2871 1505 2926 eis,
1547 2877 1607 2914 ut
1647 2874 1886 2918 ducere-

119 2945 209 2980 tur
250 2934 314 2976 ad
354 2931 619 2976 silvulam
658 2934 711 2972 et
743 2929 828 2972 ibi
869 2929 1261 2974 decollaretur
1306 2942 1348 2970 v.
1394 2928 1605 2972 Murator.
1650 2933 1706 2974 ad
1749 2934 1885 2977 Inscr.

118 2991 440 3039 DCCCXLIII.
477 2991 518 3033 2.
565 2991 719 3046 Itaque
748 2988 906 3032 desinit
933 2989 1081 3032 mirum
1112 3001 1204 3029 esse
1236 2986 1309 3043 qui
1337 3001 1487 3030 nomen
1517 2985 1707 3043 κόβαλος
1735 2998 1779 3034 et
1808 2993 1884 3035 de-

117 3056 295 3098 risorem
324 3056 369 3092 et
395 3049 598 3092 artificem
629 3047 870 3091 decollandi
898 3048 988 3092 sive
1018 3041 1386 3103 ἀποκεφαλιστήν
1414 3047 1662 3102 significare
1690 3051 1841 3106 possit.

239 3111 321 3167 [Ζ]
364 3105 605 3162 Hesychius
625 3104 873 3166 qubmnoa
892 3108 938 3151 οἱ
960 3107 1133 3166 μισθοῦ
1156 3106 1408 3163 κομίζοντες
1428 3103 1480 3148 τὰ
1506 3100 1634 3162 ὤνια,
1673 3104 1749 3158 οὕς
1770 3123 1886 3158 τινες

122 3169 427 3229 παιδαριῶνας
464 3167 671 3223 καλοῦσι,
716 3165 921 3225 δρομεῖς,
962 3164 1206 3219 εὐκίνητοι,
1248 3167 1423 3263 γοργοί.
1495 3163 1718 3219 Ejusmodi
1758 3169 1885 3222 baju-

118 3233 182 3274 los
210 3223 513 3276 mercenarios,
545 3239 628 3267 non
656 3238 804 3268 servos
835 3225 1109 3275 domesticos,
1151 3222 1310 3278 compel
1330 3235 1404 3264 are
1432 3222 1604 3265 videtur
1641 3224 1758 3267 Simo
1789 3227 1880 3269 Te-

120 3293 227 3332 rent.
264 3285 395 3329 Andr.
425 3282 487 3335 I.‚
530 3298 628 3326 vo·
654 3284 880 3328 isthaec
916 3283 1068 3326 intro
1109 3281 1359 3335 auferte,
1392 3280 1558 3323 abite.
1617 3283 1882 3343 Παιδαριῶ-

121 3362 193 3397 νες
221 3346 284 3388 illi
316 3343 515 3385 dicuntur
544 3341 655 3386 sicut
684 3356 825 3387 omnes
853 3341 1033 3386 ministri
1063 3338 1234 3398 pueri.
1294 3337 1361 3380 De
1391 3337 1613 3384 calonibus
1643 3341 1882 3399 Theophy-

187 3422 247 3472 ιι.
1463 3408 1543 3470 35
