2150 3814
691 221 1244 266 SAMOTHRAclA.
1716 195 1918 272 1159‘

104 353 512 414 Stesimbroto
578 362 925 412 mutuatum
995 368 1128 413 esse
1185 330 1487 423 traderet,
1546 353 1651 432 qui
1702 353 1883 432 longe

102 454 288 515 aliam
332 456 628 533 originem
671 471 741 512 ac
783 472 862 512 ne
904 453 1118 512 matris
1162 451 1413 532 quidem
1456 470 1686 512 nomen
1717 451 1888 512 idem

102 553 396 635 prodidit.
463 552 639 614 Adeo
682 551 913 613 caduca
954 561 1099 614 sunt
1140 552 1545 613 fundamenta
1586 571 1624 612 a
1666 552 1887 632 quibus

105 664 237 714 tota
286 654 437 712 haec
489 662 702 713 nostra
743 652 1086 735 disputatio
1128 655 1550 734 proficiscitur.
1636 653 1890 714 Interim

104 756 157 813 si
186 772 264 813 ex
319 753 601 832 pluribus
645 755 948 815 molestiis
994 754 1372 835 capessenda
1414 763 1510 815 est
1550 754 1890 827 levissima,

102 852 515 913 Stesimbroto
558 854 733 915 illam
762 865 932 916 ortus
957 854 1247 927 fabulosi,
1291 853 1456 914 unde
1480 854 1892 932 Dactylorum

98 969 326 1013 nomen
349 964 565 1015 natum
596 955 876 1030 credidit,
907 957 1264 1036 opinionem
1290 953 1656 1033 relinquam,
1699 954 1894 1035 Apol-·

100 1051 337 1114 lonium
383 1066 590 1117 autem
633 1058 1003 1136 repetivisse
1028 1054 1278 1136 quidem
1305 1050 1463 1113 illud
1490 1071 1528 1112 a
1553 1052 1760 1131 digitis
1783 1053 1895 1113 sed

102 1152 225 1212 alia
266 1156 535 1228 ratione,
578 1171 760 1235 quam
806 1150 1078 1215 declarat
1118 1151 1459 1214 Diomedes
1504 1152 1782 1213 Gramm.
1823 1153 1895 1214 L.

99 1251 203 1313 111.
261 1253 407 1313 474.
451 1254 691 1313 Putsch.
738 1253 1110 1332 dactylicum
1165 1254 1524 1332 rhythmum
1570 1253 1647 1314 ab
1691 1253 1897 1314 Idaeis

99 1352 385 1429 Dactylis
429 1373 653 1415 nomen
695 1354 923 1415 habere
957 1354 1288 1430 affirmans,
1332 1374 1523 1436 quos
1570 1352 1896 1414 Curetes

103 1458 274 1515 sive
322 1446 809 1532 Corybantes
853 1467 1135 1536 poetae
1180 1454 1711 1537 appellabant.
1798 1452 1897 1513 Hi

102 1572 433 1634 namque
510 1557 586 1614 in
658 1557 920 1616 insula
988 1554 1221 1616 Creta
1285 1555 1559 1618 Jovem
1633 1564 1897 1615 custo-

0 1659 1 1696 3
105 1652 423 1729 diendo,
480 1675 570 1716 ne
622 1658 895 1735 vagitu
953 1677 1030 1716 se
1073 1659 1459 1739 parvulus
1503 1653 1897 1736 proderet,

0 1816 1 1819 ,
107 1754 498 1836 clypeolis
570 1759 839 1817 aeneis
908 1759 1116 1815 inter
1184 1776 1263 1816 se
1309 1764 1898 1825 concurrentes,

0 1875 5 1937 ,ᾗ
105 1855 407 1916 tinnitu
476 1859 684 1916 aeris
739 1857 897 1930 illi,
965 1857 1412 1933 rhythmica
1481 1863 1719 1915 etiam
1777 1874 1899 1934 pe-

0 1939 3 1976 ³
105 1954 223 2016 dis
281 1955 669 2034 dactylici
726 1958 1303 2038 compositione
1358 1957 1722 2017 celavere
1765 1973 1901 2016 vo-

5 2069 9 2098 f
105 2075 262 2116 cem
305 2057 660 2117 infantis,
731 2057 882 2118 Sed
924 2060 1385 2119 nativitatis
1432 2076 1693 2117 eorum
1738 2064 1903 2117 cau'-

109 2175 268 2217 sam
313 2166 635 2218 vetusta
677 2158 1165 2218 fabulositas
1211 2157 1437 2217 docet
1479 2158 1671 2216 hanc
1714 2150 1902 2215 fui‘s-

110 2275 207 2315 se.
307 2258 547 2336 Ajunt
605 2257 836 2338 Opem
898 2258 1243 2319 in.Idam
1306 2267 1639 2318 montem
1696 2258 1901 2315 insu-

109 2358 232 2417 lae
274 2355 550 2417 Cretae
593 2358 967 2436 fugiendo
1013 2359 1356 2419 delatam
1412 2376 1678 2418 manus
1723 2372 1902 2415 suas

108 2454 694 2539 imposuisse[‘¹]
750 2470 1182 2518 memorato
1236 2461 1485 2518 monti
1529 2468 1605 2517 et
1648 2458 1757 2516 sic
1800 2458 1903 2514 in-

110 2558 401 2618 fantem
467 2561 725 2639 ipsum
791 2559 1166 2634 edidisse,
1244 2571 1320 2619 et
1387 2579 1476 2619 ex
1544 2575 1902 2618 manuum

0 2733 1 2737 Ἰ
110 2660 634 2739 impressione
691 2662 1112 2720 emersisse
1169 2658 1491 2720 Curetas
1548 2661 1718 2719 sive
1777 2654 1903 2715 Co—

0 2754 10 2791 *
111 2756 520 2835 rybantas,
599 2779 789 2840 quos
867 2780 906 2823 a
972 2764 1272 2822 montis
1348 2761 1660 2819 nomine
1726 2767 1820 2837 et.
1868 2775 1906 2815 a

120 2860 499 2937 qualitate
554 2862 752 2922 facti
806 2861 1085 2923 Idaeos
1130 2861 1514 2937 Dactylos
1559 2856 1903 2937 appella-

118 2974 255 3016 run
267 2968 295 3016 t
308 3004 325 3032 ‚
368 2982 478 3042 per
521 2965 732 3023 omnia
754 2963 1092 3044 Apollonio
1134 2962 1536 3032 consentiens,
1582 2958 1703 3016 nisi
1739 2954 1906 3037 quod

119 3057 219 3118 hic
259 3060 595 3123 Anchialen
650 3066 856 3129 nescio
911 3084 1096 3144 quam
1135 3074 1380 3144 partum
1416 3046 1736 3120 enixuram
1773 3075 1904 3119 ma-

121 3177 236 3218 nus
288 3160 477 3227 humo
532 3166 803 3225 infixisse
860 3165 1174 3226 fabulatur
1188 3209 1205 3238 ,
1262 3163 1365 3222 ille
1421 3161 1682 3233 Rheam3
1741 3156 1905 3239 qnod

245 3372 320 3430 [ὖ]
367 3376 735 3434 Impressissc
776 3382 1005 3425 Putschius
1038 3381 1185 3423 edidit.
