<?xml version="1.0" encoding="UTF-8"?>
<!DOCTYPE html PUBLIC "-//W3C//DTD XHTML 1.0 Transitional//EN"
    "http://www.w3.org/TR/xhtml1/DTD/xhtml1-transitional.dtd">
<html xmlns="http://www.w3.org/1999/xhtml" xml:lang="en" lang="en">
 <head>
  <title>
</title>
<meta http-equiv="Content-Type" content="text/html;charset=utf-8" />
  <meta name='ocr-system' content='tesseract 3.04.00' />
  <meta name='ocr-capabilities' content='ocr_page ocr_carea ocr_par ocr_line ocrx_word'/>
</head>
<body>
  <div class='ocr_page' id='page_1' title='image "./aglaophamussived02lobeuoft_0498.png"; bbox 0 0 2150 3814; ppageno 0'>
   <div class='ocr_carea' id='block_1_1' title="bbox 242 190 1469 251">
    <p class='ocr_par' dir='ltr' id='par_1_1' title="bbox 242 190 1469 251">
     <span class='ocr_line' id='line_1_1' title="bbox 242 190 1469 251; baseline 0 0"><span class='ocrx_word' id='word_1_1' title='bbox 242 190 403 251; x_wconf 86' lang='lat'>1274</span> <span class='ocrx_word' id='word_1_2' title='bbox 816 204 1050 247; x_wconf 67' lang='lat' dir='ltr'><strong>numu</strong></span> <span class='ocrx_word' id='word_1_3' title='bbox 1109 205 1469 251; x_wconf 79' lang='lat' dir='ltr'><strong>TERTIUS.</strong></span> 
     </span>
    </p>
   </div>
   <div class='ocr_carea' id='block_1_2' title="bbox 190 337 2014 3420">
    <p class='ocr_par' dir='ltr' id='par_1_2' title="bbox 190 337 2014 3420">
     <span class='ocr_line' id='line_1_2' title="bbox 236 337 2007 421; baseline 0.004 -27"><span class='ocrx_word' id='word_1_4' title='bbox 236 337 437 408; x_wconf 71' lang='lat' dir='ltr'><strong>Esset,</strong></span> <span class='ocrx_word' id='word_1_5' title='bbox 494 345 554 393; x_wconf 93' lang='lat' dir='ltr'><strong>et</strong></span> <span class='ocrx_word' id='word_1_6' title='bbox 610 337 882 395; x_wconf 89' lang='lat' dir='ltr'><strong>omnium</strong></span> <span class='ocrx_word' id='word_1_7' title='bbox 939 338 1403 415; x_wconf 86' lang='lat' dir='ltr'><strong>intelligentium</strong></span> <span class='ocrx_word' id='word_1_8' title='bbox 1460 358 1710 399; x_wconf 88' lang='lat' dir='ltr'><strong>assensu</strong></span> <span class='ocrx_word' id='word_1_9' title='bbox 1768 341 2007 421; x_wconf 86' lang='lat' dir='ltr'><strong>publice</strong></span> 
     </span>
     <span class='ocr_line' id='line_1_3' title="bbox 235 433 2007 514; baseline 0.001 -20"><span class='ocrx_word' id='word_1_10' title='bbox 235 433 700 514; x_wconf 91' lang='lat' dir='ltr'><strong>comprobatum</strong></span> <span class='ocrx_word' id='word_1_11' title='bbox 746 453 877 494; x_wconf 89' lang='lat' dir='ltr'><strong>esse</strong></span> <span class='ocrx_word' id='word_1_12' title='bbox 919 447 1128 496; x_wconf 89' lang='lat' dir='ltr'><strong>narrat</strong></span> <span class='ocrx_word' id='word_1_13' title='bbox 1171 475 1254 484; x_wconf 87' lang='grc'><strong>--</strong></span> <span class='ocrx_word' id='word_1_14' title='bbox 1297 440 1409 501; x_wconf 73' lang='grc' dir='ltr'><strong>ὑπ’</strong></span> <span class='ocrx_word' id='word_1_15' title='bbox 1458 440 1690 504; x_wconf 68' lang='grc' dir='ltr'><em>ἐκείνου</em></span> <span class='ocrx_word' id='word_1_16' title='bbox 1733 442 1838 503; x_wconf 75' lang='grc' dir='ltr'><strong>καὶ</strong></span> <span class='ocrx_word' id='word_1_17' title='bbox 1878 450 2007 505; x_wconf 58' lang='grc' dir='ltr'><strong>«τῶν</strong></span> 
     </span>
     <span class='ocr_line' id='line_1_4' title="bbox 231 532 2002 624; baseline 0.001 -27"><span class='ocrx_word' id='word_1_18' title='bbox 231 538 360 597; x_wconf 78' lang='grc' dir='ltr'><strong>κατ’</strong></span> <span class='ocrx_word' id='word_1_19' title='bbox 419 532 612 596; x_wconf 78' lang='grc' dir='ltr'><em>αὐτὸν</em></span> <span class='ocrx_word' id='word_1_20' title='bbox 673 539 1012 605; x_wconf 76' lang='grc' dir='ltr'><em>ἐξεταστῶν</em></span> <span class='ocrx_word' id='word_1_21' title='bbox 1052 545 1160 616; x_wconf 80' lang='grc' dir='ltr'><strong>τῆς</strong></span> <span class='ocrx_word' id='word_1_22' title='bbox 1204 540 1499 617; x_wconf 75' lang='grc' dir='ltr'><em>ἀληθείας</em></span> <span class='ocrx_word' id='word_1_23' title='bbox 1541 541 1895 624; x_wconf 71' lang='grc' dir='ltr'><em>παρεδέχθη</em></span> <span class='ocrx_word' id='word_1_24' title='bbox 1942 561 2002 620; x_wconf 87' lang='lat' dir='ltr'><strong>p.</strong></span> 
     </span>
     <span class='ocr_line' id='line_1_5' title="bbox 233 633 2010 713; baseline 0.003 -20"><span class='ocrx_word' id='word_1_25' title='bbox 233 635 331 693; x_wconf 89' lang='lat'><strong>31.</strong></span> <span class='ocrx_word' id='word_1_26' title='bbox 375 634 447 694; x_wconf 90' lang='lat' dir='ltr'><strong>A.</strong></span> <span class='ocrx_word' id='word_1_27' title='bbox 534 633 941 713; x_wconf 88' lang='lat' dir='ltr'><strong>Porphyrium</strong></span> <span class='ocrx_word' id='word_1_28' title='bbox 998 652 1180 708; x_wconf 85' lang='lat' dir='ltr'><strong>vero,</strong></span> <span class='ocrx_word' id='word_1_29' title='bbox 1238 642 1798 700; x_wconf 87' lang='lat' dir='ltr'><strong>constantissimum</strong></span> <span class='ocrx_word' id='word_1_30' title='bbox 1843 651 2010 702; x_wconf 90' lang='lat' dir='ltr'><strong>vete-</strong></span> 
     </span>
     <span class='ocr_line' id='line_1_6' title="bbox 230 734 2012 812; baseline 0.006 -22"><span class='ocrx_word' id='word_1_31' title='bbox 230 752 369 791; x_wconf 90' lang='lat' dir='ltr'><strong>rum</strong></span> <span class='ocrx_word' id='word_1_32' title='bbox 415 735 918 812; x_wconf 82' lang='lat' dir='ltr'><strong>superstitionum</strong></span> <span class='ocrx_word' id='word_1_33' title='bbox 965 734 1379 810; x_wconf 81' lang='lat' dir='ltr'><strong>defensorem,</strong></span> <span class='ocrx_word' id='word_1_34' title='bbox 1424 740 1575 798; x_wconf 90' lang='lat' dir='ltr'><strong>haec</strong></span> <span class='ocrx_word' id='word_1_35' title='bbox 1619 740 1696 799; x_wconf 91' lang='lat' dir='ltr'><strong>de</strong></span> <span class='ocrx_word' id='word_1_36' title='bbox 1736 741 1846 799; x_wconf 89' lang='lat' dir='ltr'><strong>illa</strong></span> <span class='ocrx_word' id='word_1_37' title='bbox 1893 741 2012 800; x_wconf 75' lang='lat' dir='ltr'><strong>Ge-</strong></span> 
     </span>
     <span class='ocr_line' id='line_1_7' title="bbox 230 833 2009 917; baseline 0.005 -27"><span class='ocrx_word' id='word_1_38' title='bbox 230 833 508 910; x_wconf 85' lang='lat' dir='ltr'><strong>nealogia</strong></span> <span class='ocrx_word' id='word_1_39' title='bbox 537 833 888 894; x_wconf 82' lang='lat' dir='ltr'><strong>Eusebiana</strong></span> <span class='ocrx_word' id='word_1_40' title='bbox 931 836 1339 915; x_wconf 83' lang='lat' dir='ltr'><strong>praedicasse,</strong></span> <span class='ocrx_word' id='word_1_41' title='bbox 1383 857 1504 917; x_wconf 88' lang='lat' dir='ltr'><strong>qua</strong></span> <span class='ocrx_word' id='word_1_42' title='bbox 1549 841 1826 898; x_wconf 90' lang='lat' dir='ltr'><strong>omnium</strong></span> <span class='ocrx_word' id='word_1_43' title='bbox 1870 860 2009 917; x_wconf 84' lang='lat' dir='ltr'><strong>gen-</strong></span> 
     </span>
     <span class='ocr_line' id='line_1_8' title="bbox 231 932 2012 1016; baseline 0.004 -25"><span class='ocrx_word' id='word_1_44' title='bbox 231 934 384 992; x_wconf 91' lang='lat' dir='ltr'><strong>tium</strong></span> <span class='ocrx_word' id='word_1_45' title='bbox 440 950 846 1014; x_wconf 80' lang='lat' dir='ltr'><strong>generumque</strong></span> <span class='ocrx_word' id='word_1_46' title='bbox 892 935 1008 1013; x_wconf 90' lang='lat' dir='ltr'><strong>dii,</strong></span> <span class='ocrx_word' id='word_1_47' title='bbox 1067 932 1367 1016; x_wconf 86' lang='lat' dir='ltr'><strong>superi,</strong></span> <span class='ocrx_word' id='word_1_48' title='bbox 1410 938 1688 1011; x_wconf 87' lang='lat' dir='ltr'><strong>inferi,</strong></span> <span class='ocrx_word' id='word_1_49' title='bbox 1731 939 2012 998; x_wconf 89' lang='lat' dir='ltr'><strong>medio-</strong></span> 
     </span>
     <span class='ocr_line' id='line_1_9' title="bbox 231 1034 2014 1118; baseline 0.003 -26"><span class='ocrx_word' id='word_1_50' title='bbox 231 1034 471 1106; x_wconf 86' lang='lat' dir='ltr'><strong>xumi,</strong></span> <span class='ocrx_word' id='word_1_51' title='bbox 556 1035 623 1092; x_wconf 92' lang='lat' dir='ltr'><strong>in</strong></span> <span class='ocrx_word' id='word_1_52' title='bbox 666 1034 946 1095; x_wconf 90' lang='lat' dir='ltr'><strong>homines</strong></span> <span class='ocrx_word' id='word_1_53' title='bbox 991 1037 1503 1110; x_wconf 76' lang='lat' dir='ltr'><strong>transcribantur,</strong></span> <span class='ocrx_word' id='word_1_54' title='bbox 1588 1039 1846 1118; x_wconf 85' lang='lat' dir='ltr'><strong>ipsaque</strong></span> <span class='ocrx_word' id='word_1_55' title='bbox 1879 1039 2014 1098; x_wconf 88' lang='lat' dir='ltr'><strong>fun-</strong></span> 
     </span>
     <span class='ocr_line' id='line_1_10' title="bbox 231 1132 2014 1218; baseline 0.003 -27"><span class='ocrx_word' id='word_1_56' title='bbox 231 1132 520 1192; x_wconf 86' lang='lat' dir='ltr'><strong>damenta</strong></span> <span class='ocrx_word' id='word_1_57' title='bbox 577 1133 935 1210; x_wconf 80' lang='lat' dir='ltr'><strong>allegoricae</strong></span> <span class='ocrx_word' id='word_1_58' title='bbox 990 1139 1518 1217; x_wconf 88' lang='lat' dir='ltr'><strong>interpretationis</strong></span> <span class='ocrx_word' id='word_1_59' title='bbox 1573 1148 2014 1218; x_wconf 84' lang='lat' dir='ltr'><strong>expugnantur,</strong></span> 
     </span>
     <span class='ocr_line' id='line_1_11' title="bbox 228 1233 2011 1317; baseline 0.004 -26"><span class='ocrx_word' id='word_1_60' title='bbox 228 1235 534 1292; x_wconf 92' lang='lat' dir='ltr'><strong>neminem</strong></span> <span class='ocrx_word' id='word_1_61' title='bbox 579 1233 952 1294; x_wconf 90' lang='lat' dir='ltr'><strong>crediturum</strong></span> <span class='ocrx_word' id='word_1_62' title='bbox 997 1237 1279 1311; x_wconf 87' lang='lat' dir='ltr'><strong>arbitror,</strong></span> <span class='ocrx_word' id='word_1_63' title='bbox 1325 1240 1429 1317; x_wconf 88' lang='lat' dir='ltr'><strong>qui</strong></span> <span class='ocrx_word' id='word_1_64' title='bbox 1471 1238 1661 1298; x_wconf 80' lang='lat' dir='ltr'><strong>modo·</strong></span> <span class='ocrx_word' id='word_1_65' title='bbox 1706 1255 1842 1299; x_wconf 92' lang='lat' dir='ltr'><strong>cum</strong></span> <span class='ocrx_word' id='word_1_66' title='bbox 1876 1239 2011 1298; x_wconf 90' lang='lat' dir='ltr'><strong>Pla-</strong></span> 
     </span>
     <span class='ocr_line' id='line_1_12' title="bbox 227 1331 2010 1417; baseline 0.004 -28"><span class='ocrx_word' id='word_1_67' title='bbox 227 1334 446 1391; x_wconf 90' lang='lat' dir='ltr'><strong>tonicis</strong></span> <span class='ocrx_word' id='word_1_68' title='bbox 526 1331 776 1411; x_wconf 88' lang='lat' dir='ltr'><strong>aliquod</strong></span> <span class='ocrx_word' id='word_1_69' title='bbox 853 1337 1284 1394; x_wconf 82' lang='lat' dir='ltr'><strong>commercium</strong></span> <span class='ocrx_word' id='word_1_70' title='bbox 1356 1338 1580 1397; x_wconf 86' lang='lat' dir='ltr'><strong>habeat</strong></span> <span class='ocrx_word' id='word_1_71' title='bbox 1647 1341 2010 1417; x_wconf 89' lang='lat' dir='ltr'><strong>noveritque</strong></span> 
     </span>
     <span class='ocr_line' id='line_1_13' title="bbox 228 1432 2010 1515; baseline 0.001 -21"><span class='ocrx_word' id='word_1_72' title='bbox 228 1443 455 1514; x_wconf 86' lang='lat' dir='ltr'><strong>quanta</strong></span> <span class='ocrx_word' id='word_1_73' title='bbox 517 1433 610 1491; x_wconf 91' lang='lat' dir='ltr'><strong>illi</strong></span> <span class='ocrx_word' id='word_1_74' title='bbox 679 1432 1006 1492; x_wconf 82' lang='lat' dir='ltr'><strong>sedulitate</strong></span> <span class='ocrx_word' id='word_1_75' title='bbox 1063 1433 1321 1494; x_wconf 87' lang='lat' dir='ltr'><strong>deorum</strong></span> <span class='ocrx_word' id='word_1_76' title='bbox 1377 1439 1722 1515; x_wconf 87' lang='lat' dir='ltr'><strong>patriorum</strong></span> <span class='ocrx_word' id='word_1_77' title='bbox 1779 1439 2010 1497; x_wconf 89' lang='lat' dir='ltr'><strong>cultum</strong></span> 
     </span>
     <span class='ocr_line' id='line_1_14' title="bbox 221 1534 2012 1616; baseline -0.001 -21"><span class='ocrx_word' id='word_1_78' title='bbox 221 1537 353 1614; x_wconf 87' lang='lat' dir='ltr'><strong>jam</strong></span> <span class='ocrx_word' id='word_1_79' title='bbox 414 1537 478 1594; x_wconf 91' lang='lat' dir='ltr'><strong>in</strong></span> <span class='ocrx_word' id='word_1_80' title='bbox 537 1534 670 1594; x_wconf 89' lang='lat' dir='ltr'><strong>dies</strong></span> <span class='ocrx_word' id='word_1_81' title='bbox 728 1543 1193 1595; x_wconf 86' lang='lat' dir='ltr'><strong>evanescentem</strong></span> <span class='ocrx_word' id='word_1_82' title='bbox 1255 1546 1599 1595; x_wconf 90' lang='lat' dir='ltr'><strong>sustentare</strong></span> <span class='ocrx_word' id='word_1_83' title='bbox 1653 1536 2012 1616; x_wconf 87' lang='lat' dir='ltr'><strong>fabulasque</strong></span> 
     </span>
     <span class='ocr_line' id='line_1_15' title="bbox 226 1635 2011 1716; baseline 0.001 -20"><span class='ocrx_word' id='word_1_84' title='bbox 226 1655 431 1697; x_wconf 88' lang='lat' dir='ltr'><strong>sacras</strong></span> <span class='ocrx_word' id='word_1_85' title='bbox 475 1655 513 1695; x_wconf 90' lang='lat' dir='ltr'><strong>a</strong></span> <span class='ocrx_word' id='word_1_86' title='bbox 555 1635 1063 1716; x_wconf 89' lang='lat' dir='ltr'><strong>reprehensorum</strong></span> <span class='ocrx_word' id='word_1_87' title='bbox 1098 1635 1456 1695; x_wconf 89' lang='lat' dir='ltr'><strong>criminibus</strong></span> <span class='ocrx_word' id='word_1_88' title='bbox 1494 1647 1816 1716; x_wconf 83' lang='lat' dir='ltr'><strong>praetextu</strong></span> <span class='ocrx_word' id='word_1_89' title='bbox 1847 1654 2011 1714; x_wconf 71' lang='lat' dir='ltr'><strong>nym-</strong></span> 
     </span>
     <span class='ocr_line' id='line_1_16' title="bbox 227 1734 2013 1815; baseline 0 -19"><span class='ocrx_word' id='word_1_90' title='bbox 227 1738 466 1797; x_wconf 89' lang='lat' dir='ltr'><strong>bolicae</strong></span> <span class='ocrx_word' id='word_1_91' title='bbox 508 1737 964 1815; x_wconf 86' lang='lat' dir='ltr'><strong>significationis</strong></span> <span class='ocrx_word' id='word_1_92' title='bbox 1011 1734 1341 1795; x_wconf 88' lang='lat' dir='ltr'><strong>defendere</strong></span> <span class='ocrx_word' id='word_1_93' title='bbox 1386 1739 1588 1796; x_wconf 90' lang='lat' dir='ltr'><strong>conati</strong></span> <span class='ocrx_word' id='word_1_94' title='bbox 1631 1740 1770 1798; x_wconf 89' lang='lat' dir='ltr'><strong>sint.</strong></span> <span class='ocrx_word' id='word_1_95' title='bbox 1837 1739 2013 1797; x_wconf 86' lang='lat' dir='ltr'><strong>Prae—</strong></span> 
     </span>
     <span class='ocr_line' id='line_1_17' title="bbox 228 1835 2013 1898; baseline 0 0"><span class='ocrx_word' id='word_1_96' title='bbox 228 1849 395 1898; x_wconf 90' lang='lat' dir='ltr'><strong>terea</strong></span> <span class='ocrx_word' id='word_1_97' title='bbox 451 1837 527 1897; x_wconf 94' lang='lat' dir='ltr'><strong>ab</strong></span> <span class='ocrx_word' id='word_1_98' title='bbox 586 1837 856 1896; x_wconf 87' lang='lat' dir='ltr'><strong>Eusebio</strong></span> <span class='ocrx_word' id='word_1_99' title='bbox 915 1854 1040 1894; x_wconf 93' lang='lat' dir='ltr'><strong>non</strong></span> <span class='ocrx_word' id='word_1_100' title='bbox 1095 1836 1319 1896; x_wconf 91' lang='lat' dir='ltr'><strong>leviter</strong></span> <span class='ocrx_word' id='word_1_101' title='bbox 1379 1835 1653 1896; x_wconf 90' lang='lat' dir='ltr'><strong>dissidet.</strong></span> <span class='ocrx_word' id='word_1_102' title='bbox 1738 1837 1862 1898; x_wconf 83' lang='lat' dir='ltr'><strong>Hic</strong></span> <span class='ocrx_word' id='word_1_103' title='bbox 1903 1857 2013 1897; x_wconf 85' lang='lat' dir='ltr'><strong>ne-</strong></span> 
     </span>
     <span class='ocr_line' id='line_1_18' title="bbox 227 1935 2013 2017; baseline -0.001 -19"><span class='ocrx_word' id='word_1_104' title='bbox 227 1958 371 1999; x_wconf 88' lang='lat' dir='ltr'><strong>vem</strong></span> <span class='ocrx_word' id='word_1_105' title='bbox 415 1937 690 1996; x_wconf 89' lang='lat' dir='ltr'><strong>Philonis</strong></span> <span class='ocrx_word' id='word_1_106' title='bbox 734 1936 924 1996; x_wconf 89' lang='lat' dir='ltr'><strong>libros</strong></span> <span class='ocrx_word' id='word_1_107' title='bbox 967 1945 1280 2007; x_wconf 82' lang='lat' dir='ltr'><strong>numerat,</strong></span> <span class='ocrx_word' id='word_1_108' title='bbox 1326 1935 1431 1994; x_wconf 91' lang='lat' dir='ltr'><strong>ille</strong></span> <span class='ocrx_word' id='word_1_109' title='bbox 1475 1947 1642 2011; x_wconf 86' lang='lat' dir='ltr'><strong>octo;</strong></span> <span class='ocrx_word' id='word_1_110' title='bbox 1697 1937 1863 2017; x_wconf 86' lang='lat' dir='ltr'><strong>quod</strong></span> <span class='ocrx_word' id='word_1_111' title='bbox 1907 1940 2013 2017; x_wconf 91' lang='lat' dir='ltr'><strong>qui</strong></span> 
     </span>
     <span class='ocr_line' id='line_1_19' title="bbox 190 2034 2012 2116; baseline 0 -18"><span class='ocrx_word' id='word_1_112' title='bbox 190 2067 193 2070; x_wconf 52' lang='lat'><strong>&gt;</strong></span> <span class='ocrx_word' id='word_1_113' title='bbox 228 2055 516 2098; x_wconf 86' lang='lat' dir='ltr'><strong>excusare</strong></span> <span class='ocrx_word' id='word_1_114' title='bbox 560 2036 828 2109; x_wconf 89' lang='lat' dir='ltr'><strong>student,</strong></span> <span class='ocrx_word' id='word_1_115' title='bbox 870 2036 988 2094; x_wconf 93' lang='lat' dir='ltr'><strong>hoc</strong></span> <span class='ocrx_word' id='word_1_116' title='bbox 1031 2034 1252 2112; x_wconf 85' lang='lat' dir='ltr'><strong>effugio</strong></span> <span class='ocrx_word' id='word_1_117' title='bbox 1301 2046 1554 2095; x_wconf 88' lang='lat' dir='ltr'><strong>utuntur</strong></span> <span class='ocrx_word' id='word_1_118' title='bbox 1596 2034 2012 2116; x_wconf 89' lang='lat' dir='ltr'><strong>Porphyrium</strong></span> 
     </span>
     <span class='ocr_line' id='line_1_20' title="bbox 228 2132 2012 2216; baseline -0.001 -18"><span class='ocrx_word' id='word_1_119' title='bbox 228 2147 337 2198; x_wconf 90' lang='lat' dir='ltr'><strong>aut</strong></span> <span class='ocrx_word' id='word_1_120' title='bbox 389 2137 616 2196; x_wconf 90' lang='lat' dir='ltr'><strong>librum</strong></span> <span class='ocrx_word' id='word_1_121' title='bbox 674 2135 752 2195; x_wconf 89' lang='lat' dir='ltr'><strong>de</strong></span> <span class='ocrx_word' id='word_1_122' title='bbox 808 2132 1060 2194; x_wconf 84' lang='lat' dir='ltr'><strong>Judaeis</strong></span> <span class='ocrx_word' id='word_1_123' title='bbox 1119 2144 1228 2194; x_wconf 92' lang='lat' dir='ltr'><strong>aut</strong></span> <span class='ocrx_word' id='word_1_124' title='bbox 1282 2153 1456 2207; x_wconf 93' lang='lat' dir='ltr'><strong>eum,</strong></span> <span class='ocrx_word' id='word_1_125' title='bbox 1511 2153 1632 2215; x_wconf 89' lang='lat' dir='ltr'><strong>quo</strong></span> <span class='ocrx_word' id='word_1_126' title='bbox 1677 2135 2012 2216; x_wconf 86' lang='lat' dir='ltr'><strong>Theologia</strong></span> 
     </span>
     <span class='ocr_line' id='line_1_21' title="bbox 226 2234 2011 2312; baseline -0.002 -13"><span class='ocrx_word' id='word_1_127' title='bbox 226 2240 664 2311; x_wconf 86' lang='lat' dir='ltr'><strong>contineretur,</strong></span> <span class='ocrx_word' id='word_1_128' title='bbox 731 2234 810 2294; x_wconf 91' lang='lat' dir='ltr'><strong>ab</strong></span> <span class='ocrx_word' id='word_1_129' title='bbox 864 2234 1159 2295; x_wconf 87' lang='lat' dir='ltr'><strong>Historiis</strong></span> <span class='ocrx_word' id='word_1_130' title='bbox 1215 2236 1570 2312; x_wconf 84' lang='lat' dir='ltr'><strong>sejunxisse.</strong></span> <span class='ocrx_word' id='word_1_131' title='bbox 1629 2255 1689 2296; x_wconf 89' lang='lat' dir='ltr'><strong>v.</strong></span> <span class='ocrx_word' id='word_1_132' title='bbox 1733 2236 2011 2297; x_wconf 87' lang='lat' dir='ltr'><strong>Bochart.</strong></span> 
     </span>
     <span class='ocr_line' id='line_1_22' title="bbox 230 2333 2012 2416; baseline -0.003 -16"><span class='ocrx_word' id='word_1_133' title='bbox 230 2339 377 2400; x_wconf 89' lang='lat' dir='ltr'><strong>Can.</strong></span> <span class='ocrx_word' id='word_1_134' title='bbox 421 2340 486 2398; x_wconf 93' lang='lat' dir='ltr'><strong>P.</strong></span> <span class='ocrx_word' id='word_1_135' title='bbox 544 2339 620 2399; x_wconf 91' lang='lat' dir='ltr'><strong>II.</strong></span> <span class='ocrx_word' id='word_1_136' title='bbox 683 2336 779 2396; x_wconf 91' lang='grc'><strong>17.</strong></span> <span class='ocrx_word' id='word_1_137' title='bbox 823 2333 967 2395; x_wconf 87' lang='grc'><strong>857.</strong></span> <span class='ocrx_word' id='word_1_138' title='bbox 1011 2334 1178 2415; x_wconf 92' lang='lat' dir='ltr'><strong>quod</strong></span> <span class='ocrx_word' id='word_1_139' title='bbox 1221 2344 1547 2416; x_wconf 88' lang='lat' dir='ltr'><strong>utrumque</strong></span> <span class='ocrx_word' id='word_1_140' title='bbox 1589 2347 1833 2416; x_wconf 88' lang='lat' dir='ltr'><strong>praeter</strong></span> <span class='ocrx_word' id='word_1_141' title='bbox 1875 2351 2012 2416; x_wconf 83' lang='lat' dir='ltr'><strong>spe-</strong></span> 
     </span>
     <span class='ocr_line' id='line_1_23' title="bbox 228 2435 2011 2516; baseline -0.003 -16"><span class='ocrx_word' id='word_1_142' title='bbox 228 2443 382 2500; x_wconf 90' lang='lat' dir='ltr'><strong>ciem</strong></span> <span class='ocrx_word' id='word_1_143' title='bbox 436 2439 696 2516; x_wconf 87' lang='lat' dir='ltr'><strong>fingitur.</strong></span> <span class='ocrx_word' id='word_1_144' title='bbox 797 2435 1042 2494; x_wconf 90' lang='lat' dir='ltr'><strong>Deinde</strong></span> <span class='ocrx_word' id='word_1_145' title='bbox 1096 2436 1475 2515; x_wconf 86' lang='lat' dir='ltr'><strong>Porphyrius</strong></span> <span class='ocrx_word' id='word_1_146' title='bbox 1523 2436 2011 2496; x_wconf 86' lang='lat' dir='ltr'><strong>Sanchuniatho-</strong></span> 
     </span>
     <span class='ocr_line' id='line_1_24' title="bbox 226 2534 2010 2616; baseline -0.003 -17"><span class='ocrx_word' id='word_1_147' title='bbox 226 2560 367 2600; x_wconf 91' lang='lat' dir='ltr'><strong>nem</strong></span> <span class='ocrx_word' id='word_1_148' title='bbox 439 2537 587 2598; x_wconf 91' lang='lat' dir='ltr'><strong>dicit</strong></span> <span class='ocrx_word' id='word_1_149' title='bbox 653 2536 1007 2596; x_wconf 89' lang='lat' dir='ltr'><strong>universam</strong></span> <span class='ocrx_word' id='word_1_150' title='bbox 1075 2534 1397 2600; x_wconf 87' lang='lat' dir='ltr'><strong>historiam</strong></span> <span class='ocrx_word' id='word_1_151' title='bbox 1460 2538 1774 2616; x_wconf 86' lang='lat' dir='ltr'><strong>antiquam</strong></span> <span class='ocrx_word' id='word_1_152' title='bbox 1830 2537 2010 2597; x_wconf 88' lang='lat' dir='ltr'><strong>colle-</strong></span> 
     </span>
     <span class='ocr_line' id='line_1_25' title="bbox 228 2631 2008 2718; baseline -0.001 -19"><span class='ocrx_word' id='word_1_153' title='bbox 228 2641 385 2718; x_wconf 84' lang='lat' dir='ltr'><strong>gisse</strong></span> <span class='ocrx_word' id='word_1_154' title='bbox 444 2642 509 2701; x_wconf 81' lang='grc' dir='ltr'><strong>ἐκ</strong></span> <span class='ocrx_word' id='word_1_155' title='bbox 562 2645 694 2701; x_wconf 80' lang='grc' dir='ltr'><strong>τῶν</strong></span> <span class='ocrx_word' id='word_1_156' title='bbox 749 2635 909 2698; x_wconf 81' lang='grc' dir='ltr'><em>κατὰ</em></span> <span class='ocrx_word' id='word_1_157' title='bbox 966 2631 1148 2697; x_wconf 77' lang='grc' dir='ltr'><em>πόλιν</em></span> <span class='ocrx_word' id='word_1_158' title='bbox 1203 2635 1672 2717; x_wconf 76' lang='grc' dir='ltr'><em>ὑπομνημάτων</em></span> <span class='ocrx_word' id='word_1_159' title='bbox 1724 2636 1829 2698; x_wconf 80' lang='grc' dir='ltr'><strong>καὶ</strong></span> <span class='ocrx_word' id='word_1_160' title='bbox 1879 2643 2008 2698; x_wconf 82' lang='grc' dir='ltr'><strong>τῶν</strong></span> 
     </span>
     <span class='ocr_line' id='line_1_26' title="bbox 230 2733 2006 2821; baseline -0.006 -19"><span class='ocrx_word' id='word_1_161' title='bbox 230 2745 298 2804; x_wconf 76' lang='grc' dir='ltr'><strong>ἐν</strong></span> <span class='ocrx_word' id='word_1_162' title='bbox 339 2744 467 2808; x_wconf 81' lang='grc' dir='ltr'><em>τοῖς</em></span> <span class='ocrx_word' id='word_1_163' title='bbox 511 2740 692 2820; x_wconf 78' lang='grc' dir='ltr'><strong><em>ἱεροῖς</em></strong></span> <span class='ocrx_word' id='word_1_164' title='bbox 737 2738 1129 2821; x_wconf 75' lang='grc' dir='ltr'><em>ἀναγραφῶν</em></span> <span class='ocrx_word' id='word_1_165' title='bbox 1172 2753 1269 2814; x_wconf 86' lang='lat' dir='ltr'><strong>ap.</strong></span> <span class='ocrx_word' id='word_1_166' title='bbox 1314 2735 1460 2795; x_wconf 90' lang='lat' dir='ltr'><strong>Eus.</strong></span> <span class='ocrx_word' id='word_1_167' title='bbox 1503 2737 1548 2795; x_wconf 92' lang='grc' dir='ltr'><strong>Ι.</strong></span> <span class='ocrx_word' id='word_1_168' title='bbox 1593 2737 1650 2795; x_wconf 87' lang='grc'><strong>9.</strong></span> <span class='ocrx_word' id='word_1_169' title='bbox 1696 2734 1796 2796; x_wconf 87' lang='grc'><strong>31.</strong></span> <span class='ocrx_word' id='word_1_170' title='bbox 1841 2733 1915 2794; x_wconf 91' lang='lat' dir='ltr'><strong>X.</strong></span> <span class='ocrx_word' id='word_1_171' title='bbox 1948 2734 2006 2793; x_wconf 85' lang='lat'><strong>9.</strong></span> 
     </span>
     <span class='ocr_line' id='line_1_27' title="bbox 229 2835 2008 2900; baseline -0.004 0"><span class='ocrx_word' id='word_1_172' title='bbox 229 2837 372 2900; x_wconf 87' lang='lat'><strong>485.</strong></span> <span class='ocrx_word' id='word_1_173' title='bbox 432 2837 608 2897; x_wconf 91' lang='lat' dir='ltr'><strong>Philo</strong></span> <span class='ocrx_word' id='word_1_174' title='bbox 667 2854 816 2898; x_wconf 90' lang='lat' dir='ltr'><strong>vero</strong></span> <span class='ocrx_word' id='word_1_175' title='bbox 872 2835 1255 2895; x_wconf 90' lang='lat' dir='ltr'><strong>Eusebianus</strong></span> <span class='ocrx_word' id='word_1_176' title='bbox 1312 2836 1584 2896; x_wconf 91' lang='lat' dir='ltr'><strong>Taautae</strong></span> <span class='ocrx_word' id='word_1_177' title='bbox 1636 2844 2008 2894; x_wconf 89' lang='lat' dir='ltr'><strong>commenta-</strong></span> 
     </span>
     <span class='ocr_line' id='line_1_28' title="bbox 228 2933 2006 3017; baseline -0.002 -17"><span class='ocrx_word' id='word_1_178' title='bbox 228 2942 337 3000; x_wconf 87' lang='lat' dir='ltr'><strong>riis</strong></span> <span class='ocrx_word' id='word_1_179' title='bbox 394 2957 571 2999; x_wconf 88' lang='lat' dir='ltr'><strong>usum</strong></span> <span class='ocrx_word' id='word_1_180' title='bbox 627 2938 800 3015; x_wconf 85' lang='lat' dir='ltr'><strong>fingit</strong></span> <span class='ocrx_word' id='word_1_181' title='bbox 855 2936 961 2999; x_wconf 79' lang='grc' dir='ltr'><strong>καὶ</strong></span> <span class='ocrx_word' id='word_1_182' title='bbox 1015 2941 1143 3000; x_wconf 70' lang='grc' dir='ltr'><em>τοῖς</em></span> <span class='ocrx_word' id='word_1_183' title='bbox 1198 2937 1319 2998; x_wconf 77' lang='grc' dir='ltr'><strong>ἀπὸ</strong></span> <span class='ocrx_word' id='word_1_184' title='bbox 1364 2945 1494 2999; x_wconf 81' lang='grc' dir='ltr'><strong>τῶν</strong></span> <span class='ocrx_word' id='word_1_185' title='bbox 1538 2933 1794 2998; x_wconf 73' lang='grc' dir='ltr'><em>ἀδύτων</em></span> <span class='ocrx_word' id='word_1_186' title='bbox 1834 2935 2006 3017; x_wconf 77' lang='grc' dir='ltr'><em>εὗρε-</em></span> 
     </span>
     <span class='ocr_line' id='line_1_29' title="bbox 231 3034 2004 3121; baseline -0.006 -19"><span class='ocrx_word' id='word_1_187' title='bbox 231 3044 438 3118; x_wconf 56' lang='lat' dir='ltr'><strong>&amp;stow</strong></span> <span class='ocrx_word' id='word_1_188' title='bbox 499 3034 885 3119; x_wconf 78' lang='grc' dir='ltr'><strong><em>ἄποκρύφοις·</em></strong></span> <span class='ocrx_word' id='word_1_189' title='bbox 933 3037 1328 3118; x_wconf 81' lang='grc' dir='ltr'><em>Ἆμμουνὲων</em></span> <span class='ocrx_word' id='word_1_190' title='bbox 1369 3034 1763 3121; x_wconf 77' lang='grc' dir='ltr'><em>γράμμασιν,</em></span> <span class='ocrx_word' id='word_1_191' title='bbox 1819 3035 2004 3093; x_wconf 88' lang='lat' dir='ltr'><strong>nimis</strong></span> 
     </span>
     <span class='ocr_line' id='line_1_30' title="bbox 229 3130 2004 3214; baseline -0.005 -13"><span class='ocrx_word' id='word_1_192' title='bbox 229 3130 476 3201; x_wconf 70' lang='lat' dir='ltr'><strong>vastum</strong></span> <span class='ocrx_word' id='word_1_193' title='bbox 529 3137 663 3196; x_wconf 88' lang='lat' dir='ltr'><strong>fore</strong></span> <span class='ocrx_word' id='word_1_194' title='bbox 715 3135 1099 3195; x_wconf 88' lang='lat' dir='ltr'><strong>mendacium</strong></span> <span class='ocrx_word' id='word_1_195' title='bbox 1158 3145 1359 3209; x_wconf 87' lang='lat' dir='ltr'><strong>ratus,</strong></span> <span class='ocrx_word' id='word_1_196' title='bbox 1425 3137 1479 3195; x_wconf 91' lang='lat' dir='ltr'><strong>si</strong></span> <span class='ocrx_word' id='word_1_197' title='bbox 1535 3136 1691 3195; x_wconf 91' lang='lat' dir='ltr'><strong>hanc</strong></span> <span class='ocrx_word' id='word_1_198' title='bbox 1744 3135 2004 3214; x_wconf 88' lang='lat' dir='ltr'><strong>impiam</strong></span> 
     </span>
     <span class='ocr_line' id='line_1_31' title="bbox 232 3234 2000 3317; baseline -0.005 -17"><span class='ocrx_word' id='word_1_199' title='bbox 232 3239 574 3300; x_wconf 87' lang='lat' dir='ltr'><strong>doctrinam</strong></span> <span class='ocrx_word' id='word_1_200' title='bbox 591 3281 609 3311; x_wconf 91' lang='lat'><strong>,</strong></span> <span class='ocrx_word' id='word_1_201' title='bbox 652 3245 775 3317; x_wconf 49' lang='lat' dir='ltr'><strong>qua*</strong></span> <span class='ocrx_word' id='word_1_202' title='bbox 817 3238 1016 3297; x_wconf 84' lang='lat' dir='ltr'><strong>omnis</strong></span> <span class='ocrx_word' id='word_1_203' title='bbox 1058 3235 1314 3295; x_wconf 89' lang='lat' dir='ltr'><strong>deorum</strong></span> <span class='ocrx_word' id='word_1_204' title='bbox 1356 3235 1570 3313; x_wconf 87' lang='lat' dir='ltr'><strong>religio</strong></span> <span class='ocrx_word' id='word_1_205' title='bbox 1616 3234 1869 3307; x_wconf 89' lang='lat' dir='ltr'><strong>tollitur,</strong></span> <span class='ocrx_word' id='word_1_206' title='bbox 1913 3243 2000 3292; x_wconf 85' lang='lat' dir='ltr'><strong>ta-</strong></span> 
     </span>
     <span class='ocr_line' id='line_1_32' title="bbox 236 3334 2000 3420; baseline -0.005 -21"><span class='ocrx_word' id='word_1_207' title='bbox 236 3341 393 3400; x_wconf 88' lang='lat' dir='ltr'><strong>bulis</strong></span> <span class='ocrx_word' id='word_1_208' title='bbox 450 3337 779 3420; x_wconf 88' lang='lat' dir='ltr'><strong>oppidanis</strong></span> <span class='ocrx_word' id='word_1_209' title='bbox 823 3346 885 3396; x_wconf 92' lang='lat' dir='ltr'><strong>et</strong></span> <span class='ocrx_word' id='word_1_210' title='bbox 927 3336 1321 3396; x_wconf 86' lang='lat' dir='ltr'><strong>monimentis</strong></span> <span class='ocrx_word' id='word_1_211' title='bbox 1364 3355 1476 3415; x_wconf 91' lang='lat' dir='ltr'><strong>per</strong></span> <span class='ocrx_word' id='word_1_212' title='bbox 1519 3336 1750 3415; x_wconf 90' lang='lat' dir='ltr'><strong>templa</strong></span> <span class='ocrx_word' id='word_1_213' title='bbox 1792 3334 2000 3409; x_wconf 85' lang='lat' dir='ltr'><strong>vulga-</strong></span> 
     </span>
    </p>
   </div>
  </div>
 </body>
</html>
