2150 3814
270 213 433 282 1278
812 230 1045 276 LIBER
1098 230 1463 275 TER-mus

268 384 386 447 que
438 366 506 423 in
559 369 801 421 coetum
858 359 1118 420 relatum
1176 376 1324 419 esse.
1423 349 1595 420 Haec
1651 369 1858 420 utrum
1916 361 2046 421 Da-

269 466 530 526 mascius
573 477 626 521 ,a
680 460 1216 520 Sanchuniathone
1277 477 1358 519 an
1410 459 1486 519 ab
1543 461 1679 519 aliis
1724 462 2050 540 antiquita·-

270 574 401 625 tum
467 562 832 621 Punicarum
901 559 1300 640 scriptoribus
1382 562 1712 642 acceperit,
1793 560 2054 620 ‘discerni

271 664 514 742 nequit,
561 662 850 742 quoniam
893 679 1005 720 nec
1047 661 1164 719 hoc
1207 660 1383 733 loco,
1429 680 1624 741 neque
1666 663 1732 720 in
1773 661 1936 720 libro·
1978 660 2055 719 de

271 762 628 842 PrincipiiS,
669 761 778 821 ubi
821 762 1168 820 Poenorum
1213 747 1638 839 theologorum
1691 763 1921 840 placita
1962 780 2056 819 re-

273 862 421 935 fert,
486 861 650 921 illius
691 880 917 921 nomen
961 868 1246 942 usurpat3
1313 860 1425 920 sed
1467 863 1588 920 ista
1631 860 1886 921 deorum
1929 869 2068 920 ma-‘

272 973 385 1035 ter,
429 981 586 1041 quae
631 964 932 1022 amasium
977 979 1160 1021 suum
1205 960 1667 1020 immortalitate
1701 960 1909 1034 donat,
1951 979 2059 1018 ve-

273 1064 587 1122 hementer
622 1061 930 1146 discrepat
973 1061 1050 1121 ab
1094 1062 1479 1122 homunculis
1523 1061 1907 1134 EusebianiS,
1952 1062 2057 1139 qui

274 1171 558 1243 parentes
615 1180 760 1221 suos
817 1162 1046 1222 divinis
1102 1161 1350 1240 quidem
1418 1160 1656 1221 afficere
1723 1159 2060 1221 honoribus

275 1261 387 1321 sed
465 1262 722 1319 minime
802 1261 1195 1320 mortalitatis
1262 1262 1395 1339 lege
1465 1262 1708 1320 solvere
1773 1267 2061 1341 possunt3

275 1358 440 1419 unde
507 1360 781 1438 sequitur
850 1360 1283 1434 Damascium,
1351 1362 1406 1420 si
1461 1360 2064 1420 Sanchuniathonem

275 1459 454 1537 legit,
513 1477 653 1518 eum
708 1458 958 1536 legisse,
1016 1478 1200 1539 quem
1256 1460 1670 1539 PorphyriuS,
1725 1478 1852 1518 non
1904 1460 2066 1518 hunc

277 1557 768 1620 Christianorum
812 1561 1199 1637 armigerum.
1268 1560 1482 1639 Itaque
1524 1578 1856 1634 summum,
1902 1557 2069 1639 quod

278 1657 641 1719 Cabirorum
697 1660 956 1718 istorum
1018 1661 1297 1738 patronis
1354 1659 1607 1719 concedi
1667 1670 1882 1741 queat,
1947 1656 2066 1715 hoc

278 1771 387 1834 est,
431 1762 791 1839 scriptorem
817 1759 1113 1818 Punicum
1140 1768 1203 1818 et
1238 1778 1381 1819 eum
1415 1759 1684 1840 quidem,
1727 1767 1798 1818 ut
1822 1756 2068 1816 Philoni

271 1858 538 1931 videtur,
581 1867 989 1938 perveterem,
1035 1859 1262 1935 Sadyci
1307 1860 1607 1940 quosdam
1649 1860 1809 1917 filios
1849 1856 2062 1934 Beryti

278 1959 476 2018 cultos
535 1975 1076 2032 commemorasse;
1139 1972 1291 2038 quos
1350 1961 1404 2016 si
1459 1961 1596 2038 ipse
1648 1955 1912 2018 Cabiros
1957 1966 2067 2015 aut

275 2059 615 2117 Dioscuros
660 2065 767 2114 aut
810 2053 1194 2131 Corybantes
1239 2075 1374 2116 esse
1418 2058 1594 2130 dixit,
1640 2057 1718 2117 de
1761 2066 2101 2119 vetustate

277 2156 408 2235 ejus
467 2163 671 2215 actum
730 2164 850 2229 est;
906 2173 1052 2214 nam
1108 2155 1259 2215 haec
1312 2158 1568 2216 nomina
1623 2159 2067 2238 antiquissimis

279 2257 529 2316 Graecis
571 2257 781 2333 ignota
825 2265 998 2329 sunt,
1055 2255 1223 2336 apud
1265 2259 1584 2336 proximos
1628 2275 1844 2318 eorum
1887 2259 2066 2336 longe

278 2357 591 2417 diversum
635 2356 847 2416 valent
891 2365 952 2414 et
994 2358 1429 2417 recentissimis
1475 2356 1724 2419 demum
1773 2359 2066 2440 tempori—

285 2456 400 2515 bus
444 2456 796 2535 promiscue
840 2467 1230 2536 usurpantur.
1302 2458 1371 2517 Si
1418 2477 1585 2531 vero,
1630 2459 1796 2538 quod
1838 2456 2062 2540 proba-

279 2556 463 2615 bilius
507 2555 785 2627 videtur,
841 2555 1113 2616 Philonis
1156 2558 1308 2616 haec
1352 2567 1444 2617 est
1484 2560 1911 2640 interpretatio
1957 2568 2066 2617 aut
2148 2590 2150 2620 3

279 2656 628 2727 Damascii,
701 2656 854 2713 nihil
923 2657 1211 2716 utilitatis
1268 2657 1444 2717 affert
1498 2660 1620 2719 nisi
1674 2668 1747 2718 ut
1781 2660 2062 2719 ‘sciamus
2147 2649 2150 2683 ³

282 2756 431 2815 deos
486 2756 920 2832 Berytensium
980 2757 1211 2815 similes
1255 2758 1446 2819 fuisse
1492 2756 1729 2818 Cabiris
1775 2768 1837 2818 et
1878 2759 2062 2818 Dios·
2145 2803 2150 2836 3

280 2858 467 2929 curis;
513 2856 658 2936 quid
695 2856 942 2930 fuerint,
987 2875 1111 2917 non
1145 2861 1339 2937 magis
1375 2860 1518 2920 hinc
1552 2859 1841 2918 discimus
1876 2872 2061 2939 quam
2142 2853 2147 2863 ”

277 2957 848 3036 Memphiticorum,
906 2954 1276 3017 Celticorum
1309 2961 1377 3038 [Ζ]
1437 2967 1500 3018 et
1554 2958 2059 3019 Germanicorum

281 3052 536 3117 deorum
580 3054 864 3116 naturam
907 3077 945 3115 e
988 3058 1420 3133 similitudine,
1466 3078 1647 3139 quam
1692 3078 1830 3121 cum
1876 3061 2057 3119 alter-

278 3158 431 3216 utris
485 3157 736 3218 illorum
794 3157 1019 3218 habere
1072 3160 1193 3219 visi
1237 3168 1407 3234 sunt,
1457 3162 1796 3239 conjectare
1837 3177 2055 3241 possu-

397 3384 465 3441 [z]
517 3384 643 3428 Diod.
674 3386 750 3428 IV.
780 3384 850 3429 56.
895 3385 1040 3430 Tacit.
1075 3387 1220 3430 Germ.
1255 3402 1289 3430 c.
1322 3385 1393 3430 43.
