2150 3814
808 217 1256 264 onpnch.
1766 205 1926 266 1035

146 354 668 440 κατατρίβοντας,
739 349 780 430 ἢ
848 347 929 410 τὰ
999 347 1165 416 ὅπως
1209 343 1324 409 οὖν
1368 350 1434 409 ἐκ
1484 354 1614 409 τῶν
1660 351 1930 414 σακκίων

147 458 454 521 πίπτοντα
511 456 775 532 ὄσπρια,
825 446 1031 530 κάρυα
1088 446 1194 510 καὶ
1250 445 1510 526 ἰσχάδας
1555 448 1927 533 ἐκλέγοντας.

146 557 407 618 Brevius
470 548 670 611 Schol.
726 546 976 607 Lucian.
1021 567 1081 628 p.
1127 547 1271 607 237.
1317 546 1385 606 T.
1428 547 1532 607 ΠΙ.
1591 548 1931 631 σπερμολό-

145 683 254 744 γος
324 651 565 729 εὐτελὴς
621 648 727 710 καὶ
786 645 1328 730 εὐκαταφρόνητος
1384 648 1506 710 ἀπὸ
1563 655 1693 711 τῶν
1750 650 1928 712 ἂλλο-

143 755 336 839 τρίων
379 750 634 826 διαζῶν.
678 748 772 808 illi
817 749 1118 808 consentit
1160 749 1442 808 Eustath.
1493 745 1674 807 1547.
1720 744 1820 808 54.
1877 753 1937 812 οἱ

138 853 398 918 Ἀττικοὶ
453 847 914 935 σπερμολόγους
970 846 1231 912 ἐκάλουν
1285 850 1431 919 τοὺς
1488 849 1628 931 περὶ
1670 848 1934 932 ἐμπόρια

143 956 250 1019 καὶ
303 953 539 1040 οἷγοροὶς
596 950 1041 1033 διατρίβοντας
1095 949 1201 1011 διὰ
1260 950 1331 1011 τὸ
1390 949 1810 1033 ἀναλέγεσθαι
1852 951 1933 1013 τοὶ

148 1060 215 1117 ἐκ
244 1062 377 1117 τῶν
419 1053 700 1136 φορτίων
741 1050 1138 1129 ἅποῤῥέοντα.
1183 1047 1327 1107 Alia
1368 1047 1593 1106 horum
1638 1050 1940 1109 analecta-

144 1173 280 1213 rum
336 1153 567 1212 'cohors
594 1150 809 1230 paullo
849 1148 1166 1207 honestior
1210 1149 1334 1208 aris
1379 1146 1723 1209 adsistebat
1767 1166 1938 1209 oeca-

145 1255 393 1313 sionem
439 1260 695 1330 captans
732 1249 946 1310 marnis
1003 1245 1106 1307 vel
1162 1246 1499 1309 scurrando
1544 1246 1941 1314 emendican-

143 1353 264 1413 dae
286 1351 411 1414 ‘vel
451 1351 666 1412 furtim
708 1347 1118 1422 auferendam
1185 1350 1289 1428 qui
1333 1350 1648 1409 communi
1690 1351 1944 1413 nomine

144 1451 499 1536 βωμολόχοι
550 1451 654 1512 Vel
707 1447 998 1531 βώμακες
1052 1459 1368 1510 vocantur.
1426 1449 1629 1510 Schol.
1684 1448 1941 1513 Aristid.

147 1574 208 1635 p.
253 1553 397 1614 266.
453 1549 837 1632 παρίσταντό
893 1576 1056 1622 τινες
1109 1556 1241 1620 τοῖς
1280 1554 1521 1633 βωμοῖς
1564 1551 1670 1613 καὶ
1713 1556 1834 1636 εἴγε
1856 1606 1858 1609 ι
1878 1577 1939 1614 τι

147 1661 261 1718 τοῦ
332 1651 645 1735 θύματος·
688 1652 997 1722 ἐξέπιπτεν
1070 1651 1347 1734 ἥρπαζον
1412 1652 1519 1714 καὶ
1574 1649 1942 1731 κατήσθιον.

149 1753 315 1835 quod
360 1762 424 1812 et
463 1752 699 1831 Delphi
740 1752 942 1812 facere
984 1750 1266 1810 solebant
1310 1750 1512 1809 Schol.
1558 1749 1734 1810 Pind.
1765 1750 1943 1811 Nem.

149 1855 281 1915 VII.
324 1852 425 1912 47.
471 1862 534 1911 et
567 1852 832 1929 juvenes
875 1852 1156 1931 protervi
1201 1849 1634 1930 dissolutique:
1702 1851 1811 1911 illi
1839 1862 1946 1914 ve-

148 1964 278 2013 tere
344 1950 617 2031 quodam
664 1953 807 2029 jure
859 1952 1253 2031 maximeque
1311 1949 1664 2031 oppidano,
1726 1953 1822 2026 hi,
1877 1961 1948 2012 ut
2037 1977 2039 1979 ·

150 2053 339 2114 faceti
394 2071 529 2113 esse
578 2050 942 2133 ,viderentur
996 2052 1245 2111 scilicet.
1335 2050 1536 2110 Schol.
1579 2051 1768 2113 Arist.
1812 2054 1853 2112 l.
1900 2074 1947 2114 0.

158 2158 226 2218 ἐν
292 2159 428 2223 ταῖς
493 2151 764 2235 τριόδοις
820 2155 879 2215 οἱ
933 2159 1042 2230 τῆς
1089 2149 1341 2230 Ἑκάτης
1394 2155 1648 2216 ἵσταντο
1705 2154 1945 2235 βωμοὶ,

155 2255 263 2317 καὶ
305 2252 785 2336 δραπετεύοντες
827 2254 886 2315 οἱ
930 2254 1054 2315 νέοι
1097 2252 1210 2321 τοὶς
1253 2252 1585 2335 διατριβὰς
1609 2251 1946 2336 ἐνήδρευον

155 2359 292 2417 ἐκεῖ.
335 2371 598 2432 quarum
644 2371 948 2431 nugarum
991 2355 1305 2432 specimen
1348 2352 1648 2432 praebent
1690 2352 1785 2411 illi
1825 2350 1948 2412 Co-

153 2455 329 2513 nonii
372 2471 651 2532 vappae,
692 2471 934 2515 ‚coenas
976 2453 1266 2512 funebres
1312 2451 1582 2533 diripere
1628 2461 1689 2511 et
1731 2471 1950 2532 porco-

153 2573 291 2615 rum
347 2553 701 2615 lustralium
749 2554 1058 2634 .p.olimina
1114 2552 1414 2630 deglutire
1471 2553 1672 2625 soliti,
1740 2556 1951 2634 utique

154 2673 282 2715 non
324 2653 510 2714 famis
553 2653 910 2714 tolerandae
954 2671 1157 2727 causa,
1203 2662 1379 2713 erant
1421 2656 1586 2713 enim
1625 2652 1792 2712 haud
1820 2671 1952 2713 sor-

158 2753 305 2816 dide
360 2755 524 2826 nati,
581 2753 693 2814 sed
750 2755 1043 2815 effrenata
1099 2753 1417 2814 scurrandi
1459 2753 1719 2813 libidine
1765 2764 1827 2813 et
1869 2753 1950 2814 ad

162 2856 638 2931 ostentationem
693 2856 887 2915 animi
939 2856 1116 2915 fortis
1132 2899 1149 2928 ‚
1203 2855 1451 2932 ingenui
1481 2851 1571 2933 [45]
1633 2863 1696 2913 et
1751 2854 1948 2916 validi

163 2954 519 3035 spernendis
587 2956 911 3016 hominum
973 2955 1239 3035 judiciis.
1363 2954 1624 3034 Parique
1702 2957 1948 3033 ingenio

164 3053 478 3134 praeditus
539 3066 803 3135 nugator
881 3076 919 3116 a
983 3056 1255 3116 Luciano
1321 3053 1631 3116 inducitur
1694 3056 1949 3136 Lexiph.

167 3152 247 3214 Χ.
294 3154 431 3216 189.
486 3155 555 3215 Τ.
598 3155 670 3215 V.
718 3160 884 3221 ἐστιν
929 3162 995 3220 ἐν
1037 3164 1165 3226 τοῖς
1211 3157 1587 3241 σκιραφείοις
1630 3158 1949 3242 ἐγκαψικί-

293 3381 383 3436 [⁴⁵]
423 3381 767 3444 Ἐλευθεριόιητι
800 3386 967 3431 ἀσωτία
999 3387 1245 3445 ἀγχίθυρος
1275 3387 1428 3442 Synes.
1460 3387 1513 3429 de
1544 3386 1681 3442 Regu.
1713 3402 1754 3442 p.
1787 3386 1826 3428 6.
1861 3386 1909 3427 C.
