2210 3886
183 213 309 273 796
719 225 954 269 monn
998 225 1426 271 SECUNDUS.

182 356 380 429 nefas,
437 356 490 414 si
546 353 692 435 quid
738 362 897 414 esset
939 354 1292 433 hujusmodi
1334 357 1592 414 initiatis
1639 353 1952 428 traditum,

179 457 421 516 Platoni
465 465 590 514 tam
637 463 847 536 aperte
890 453 956 512 id
995 456 1198 535 eloqui
1234 474 1356 515 non
1392 456 1688 530 licuisset3
1731 455 1956 532 Pytha-

177 559 414 635 goricos
469 564 671 615 autem
731 554 1134 634 philosophos
1178 555 1346 613 nullo
1391 575 1516 614 non
1561 563 1840 635 tempore
1882 555 1956 614 il-

177 656 287 716 lud
329 656 536 737 palam
580 674 777 734 neque
821 658 888 717 ἒν
931 651 1250 735 ἀπορρήτῳ
1295 653 1588 727 edixisse,
1643 654 1956 714 Philolaus

177 758 314 837 ipse
370 758 544 815 testis
601 764 694 814 est
750 761 812 812 et
868 740 1210 812 Euxitfieus
1266 753 1485 815 Athen.
1541 755 1644 816 IV.
1693 753 1833 815 157.
1885 755 1956 813 E.

179 858 404 936 aliique
450 853 724 932 ejusdem
769 864 969 913 sectae
1013 861 1076 912 et
1118 857 1473 915 sententiae.
1573 855 1803 917 Verum
1845 872 1958 913 nos

178 956 358 1015 docet
426 963 608 1017 vetus
678 954 951 1014 Platonis
1015 955 1317 1035 interpres
1390 974 1429 1014 a
1484 954 1958 1032 WVyttenbachio

179 1051 493 1116 adhibitus
540 1075 602 1135 p.
646 1054 705 1114 8.
733 1047 737 1052 *
763 1058 1056 1118 ἐντεῦθεν
1108 1055 1178 1118 τὸ
1223 1063 1473 1138 πρῶτον
1516 1054 1848 1138 πρόβλημα
1889 1053 1959 1116 τὸ

177 1157 292 1239 μὴν·
325 1156 470 1219 ΐὸεῒν
528 1154 765 1242 ἐξάγειν
823 1155 1081 1227 ἑαυτὸν,
1139 1151 1214 1217 οὗ
1271 1155 1625 1238 ἐπιχείρημα
1680 1154 1962 1237 μυθικὸν

178 1261 246 1328 ἐξ
287 1257 560 1338 Ὀρφέως
611 1257 1060 1339 παραληφθὲν,
1133 1255 1249 1314 hoc
1307 1264 1433 1329 est,
1505 1277 1540 1314 e
1594 1253 1963 1316 carminibus

179 1357 490 1437 Orphicis;
554 1355 742 1436 idque
786 1357 1104 1415 confirmat
1147 1353 1526 1415 Jamblichus
1570 1356 1763 1415 Protr.
1799 1355 1960 1415 VIII.

182 1457 321 1517 134.
395 1459 454 1520 οἱ
522 1457 634 1526 τὰς
700 1456 943 1526 τελετὰς
1002 1457 1274 1540 λέγοντές
1332 1477 1486 1538 φασι
1543 1454 1795 1520 διδόναι
1849 1455 1963 1534 τὴν

177 1558 390 1643 ψυχὴν
442 1555 752 1638 τιμωρίαν
808 1556 914 1618 καὶ
969 1555 1083 1635 ζῇν
1135 1555 1298 1635 ἡμᾶς
1343 1557 1439 1617 ἐπὶ
1482 1554 1727 1619 κολάσει
1769 1553 1964 1641 μεγά-

178 1666 304 1720 λων
359 1653 845 1738 ἆμαρτημάτων.
908 1673 968 1714 V.
1027 1653 1094 1711 L.
1155 1655 1199 1712 l.
1260 1652 1313 1734 ξ
1339 1654 1458 1712 ‘'19.
1503 1665 1629 1714 not.
1659 1656 1716 1725 f.
1801 1656 1965 1713 Ean-

176 1756 318 1816 dem
362 1773 512 1816 vero
557 1754 922 1813 sententiam
968 1763 1030 1812 et
1075 1763 1275 1813 cetera
1313 1751 1696 1832 Pythagorae
1723 1754 1966 1814 decreta

178 1856 255 1916 de
310 1857 654 1916 animorum
713 1862 848 1912 ortu
909 1852 1126 1912 divino
1185 1863 1246 1912 et
1298 1873 1410 1933 per
1465 1857 1639 1915 varia
1709 1871 1968 1934 corpora

178 1967 524 2017 transcursu
584 1954 893 2032 orgiorum
953 1971 1199 2032 quoque
1257 1953 1667 2034 Orphicorum
1711 1957 1965 2015 cerimo-

177 2059 296 2116 niis
342 2055 706 2116 adumbrata
748 2054 956 2126 fuisse,
1003 2049 1332 2128 CiceroniS‚
1376 2054 1638 2116 Arnobii
1682 2055 1967 2115 aliorum-

179 2177 318 2237 que·
340 2156 708 2218 testimoniis
754 2154 1163 2214 confirmatur.
1263 2153 1476 2215 Cicero
1519 2158 1584 2215 in
1627 2155 1965 2215 Hortensio

178 2257 232 2316 F
233 2274 422 2335 ragm.
478 2275 538 2335 p.
586 2254 686 2315 60.
747 2253 1098 2313 Philolaum
1144 2256 1332 2314 tacita
1374 2257 1724 2316 imitatione
1767 2254 1969 2334 expri-

179 2375 382 2416 mens:
448 2357 558 2415 Ex
627 2353 907 2434 quibus
962 2354 1350 2413 humanae
1407 2358 1622 2417 vitae
1677 2355 1966 2414 errori-

179 2457 318 2517 bus
376 2463 452 2514 et
509 2454 904 2515 aerumnis
947 2452 1052 2512 fit
1095 2462 1178 2512 ut
1219 2454 1614 2515 interdum
1659 2462 1965 2516 veteres

181 2557 304 2616 illi
372 2557 544 2616 sive
599 2561 821 2615 vates
876 2553 1051 2613 sive
1110 2554 1186 2612 in
1240 2557 1485 2616 sacris
1539 2555 1965 2633 initiisque

181 2654 593 2717 tradendis
683 2653 1008 2714 divinae
1084 2657 1368 2715 mentis
1451 2658 1966 2735 interpreteS‚

183 2759 311 2836 qui
387 2773 524 2816 nos
602 2753 692 2813 ob
759 2753 1027 2833 aliqua
1096 2754 1392 2814 scelera
1456 2763 1828 2835 suscepta
1889 2754 1967 2812 in

185 2858 351 2918 vita
468 2854 878 2935 superiore
978 2872 1402 2934 poenarum
1505 2853 1965 2916 luendarum

185 2973 421 3016 causa
488 2963 714 3013 natos
788 2971 952 3014 esse
1021 2953 1423 3030 dixerunt,
1494 2954 1802 3035 aliquid
1856 2955 1962 3015 vi-

184 3055 396 3115 disse
462 3053 896 3115 videantur.
961 3073 1081 3134 quo
1149 3058 1398 3116 nomine
1465 3055 1794 3117 denotatur
1850 3072 1962 3134 po-

186 3158 493 3215 tissimum
537 3155 644 3213 ille
687 3174 857 3214 sacer
899 3157 1319 3236 interpresque
1364 3155 1620 3216 deorum
1666 3155 1967 3235 OrpheuS‚

184 3276 224 3316 a
266 3255 543 3314 Philolao
589 3255 850 3315 solemni
896 3255 1190 3333 Theologi
1236 3257 1414 3316 titulo
1460 3257 1799 3335 insignitus
1855 3254 1967 3313 Ar-

188 3355 407 3415 nobius
455 3373 601 3415 vero
648 3355 715 3414 L.
761 3357 836 3415 II.
883 3377 928 3415 c.
982 3356 1073 3416 16.
1120 3353 1337 3429 Quod
1382 3358 1561 3430 siet
1603 3353 1805 3416 illud
1853 3373 1968 3415 ve-
