2150 3814
227 254 388 316 1026
778 267 999 310 mima
1043 267 1450 310 SECUNDUS.

223 400 421 459 oratio
491 398 738 458 mollior
806 408 912 458 aut
980 398 1272 460 valetudo
1330 416 1552 478 parum
1619 399 1796 456 firma
1829 398 2003 458 serat.

222 500 434 579 anue
494 499 794 578 suspicio,
862 516 982 577 qua
1039 516 1129 561 nes
1178 499 1688 579 philosophorum
1757 494 2007 576 quidem

225 607 560 660 conventus
629 616 878 658 caruere
908 595 998 676 [⁸⁶]
1071 606 1206 656 tum
1273 617 1483 658 omnes
1551 598 2011 675 conjuratorum

225 708 489 758 secretos
533 714 892 775 congressus
936 697 1234 757 insectata
1277 708 1388 771 est,
1433 697 1837 778 praecedente
1871 715 2012 778 per·

226 800 511 859 suasione
553 799 691 872 illa,
742 799 913 858 nulla
953 817 1022 857 re
1064 799 1260 876 magis
1304 799 1627 859 hominum
1668 798 1856 883 fidem
1902 795 2012 856 ad-

225 900 469 977 stringi,
536 883 722 980 quam
783 907 998 958 mutua
1066 899 1363 959 scelerum
1418 900 1818 971 conscientia,
1880 906 2013 956 tum

228 999 522 1060 facillime
568 1000 644 1059 de
686 998 1027 1059 Alcibiadis
1081 1000 1351 1059 factione
1407 1001 1557 1059 oriri
1614 1000 1849 1080 potuit,
1902 995 2013 1054 ho-

228 1101 414 1159 minis
472 1110 600 1159 tam
657 1099 971 1160 ambitiosi
1025 1120 1206 1180 quam
1262 1088 1626 1181 praecipitis*
1674 1100 1743 1158 in
1802 1098 2017 1156 luxum

230 1209 292 1259 et
334 1198 623 1258 libidines
654 1197 766 1280 [³⁷].
856 1200 924 1260 Si
966 1199 1155 1259 hodie
1210 1200 1614 1278 Thrasybuli,
1669 1197 2017 1279 Antiphon-

228 1299 337 1371 tis,
408 1300 823 1378 aliorumque,
895 1301 998 1379 qui
1064 1299 1311 1381 publice
1363 1303 1430 1360 in
1482 1298 1870 1361 Alcibiadem
1922 1298 2018 1356 in-

229 1399 392 1458 vecti
464 1407 638 1471 sunt,
705 1411 1098 1479 superessent
1164 1404 1504 1474 orationeS,
1580 1418 1709 1459 non
1779 1396 2017 1468 dubito,

230 1498 379 1577 quin
421 1498 617 1557 multa
660 1495 997 1577 legeremus
1041 1501 1271 1561 similia
1311 1502 1467 1574 illis,
1511 1518 1669 1580 quae
1704 1496 2018 1581 quondam

228 1599 295 1657 in
340 1594 667 1658 Catilinam
712 1601 962 1681 ejusque
1005 1601 1276 1680 gregales
1312 1603 1547 1680 jactata
1600 1609 1774 1671 sunt,
1830 1597 2019 1658 clare—

231 1716 351 1778 que
406 1718 790 1763 cerneremus
856 1702 999 1761 illos
1059 1699 1347 1780 Cotyttus
1404 1701 1767 1783 nepotulos,
1835 1715 2020 1779 pue·-

230 1816 356 1857 ros
424 1799 738 1878 lepidos
795 1811 868 1859 et
934 1800 1370 1876 delicatos,
1431 1820 1628 1883 pexo
1690 1799 2017 1881 capillo,

234 1899 625 1958 talaribus
682 1903 1000 1973 tunicis,
1069 1905 1198 1982 qui
1252 1921 1398 1961 non
1454 1902 1703 1960 solum
1762 1916 2018 1959 amare

232 2006 308 2058 et
361 2001 631 2071 amari,
703 2019 949 2079 neque
1018 2011 1331 2060 cantare
1394 2011 1466 2059 et
1525 2001 1824 2060 saltare
1882 1996 2017 2057 sed

233 2100 470 2157 etiam
525 2101 726 2158 sicas
787 2099 1110 2159 vibrare
1167 2112 1240 2160 et
1297 2120 1595 2162 venena
1650 2117 2017 2180 spargere

233 2197 685 2259 didicerunt
730 2196 851 2259 Cic.
899 2197 1031 2261 Cat.
1059 2202 1135 2261 Π.
1170 2200 1264 2262 10.
1291 2199 1383 2282 [³⁸]
1429 2220 1542 2261 nec
1585 2199 1867 2259 deforent
1906 2198 2018 2258 illa

235 2411 486 2454 Graecolat.
517 2411 826 2454 Cincinnia
855 2410 944 2455 θεὰ
975 2412 1215 2468 κιναίδων,
1252 2418 1301 2455 ut
1329 2413 1488 2468 passim
1520 2413 1886 2456 cincinnatus
1916 2426 2014 2468 ga-

234 2484 360 2521 neo,
404 2470 838 2512 calamistratus
880 2470 1158 2523 saltator,
1205 2476 1249 2512 et
1288 2471 1376 2513 alia
1405 2471 1526 2513 talia.
1586 2470 1703 2522 Quin
1741 2473 1896 2524 etiam,
1940 2471 2014 2528 qui

231 2528 403 2629 ἱτδιέἳγίῗο
434 2528 534 2629 (ἐὲιὲ
553 2527 845 2581 delectantur,
884 2528 1049 2571 nomine
1086 2529 1287 2585 ambiguo
1316 2530 1519 2587 μαλακοί
1555 2534 1765 2573 vocantur
1793 2529 1876 2573 Dio
1909 2529 2014 2572 Chr.

356 2673 448 2730 [³⁶]
499 2673 771 2716 Timocrates
797 2673 986 2749 Epicuri³
1008 2676 1236 2730 transfuga
1265 2673 1425 2718 ἑαυτὸν
1454 2674 1675 2747 διηγεῖται
1702 2672 1846 2747 μόγις
1865 2674 2014 2733 ἐκφυ-

235 2737 335 2790 γεῖν
364 2734 546 2803 ἵοχῦσαι
574 2730 652 2780 τὰς
679 2731 938 2792 νυκτερινὰς
966 2733 1137 2783 ἐκείνας
1167 2735 1445 2791 φιλοσοφίας
1462 2736 1540 2776 καὶ
1567 2732 1649 2788 τὴν
1663 2731 1888 2806 μυστικην
1901 2747 2015 2778 συν-

237 2787 585 2892 ῗγωζήνέἰος.
626 2790 707 2833 La.
746 2790 800 2833 Χ.
839 2790 880 2832 6.
900 2792 1094 2893 171105οἕ5
1100 2797 1202 2835 sunt
1235 2792 1418 2848 Epicuri
1455 2790 1693 2851 θεόφαντα
1735 2788 1869 2854 ὄργια
1908 2792 2014 2835 Ρ111-

259 2864 331 2892 arc
481 2865 534 2891 on
564 2863 683 2891 suav.
713 2850 799 2892 viv.
831 2864 866 2891 c.

360 2920 427 2976 [37
434 2921 450 2977 ]
494 2921 763 2976 Hesychius:
801 2919 902 2964 Ἐπὶ
941 2923 1160 2979 φαλητίου
1201 2920 1278 2966 τὸν
1313 2919 1594 2993 Ἀλκιβιάδην
1633 2922 1775 2991 φησὶν
1806 2920 2011 2980 Ἀριστο-

241 2975 400 3035 φάνης.
432 2983 516 3021 etc.
575 2976 821 3021 Athenaeus
849 2978 1162 3023 L.X11.534.
1195 2981 1244 3022 C.
1278 2977 1510 3030 κάλλιστος
1549 2995 1613 3023 ων
1646 2977 1794 3038 κόιιην
1821 2981 2011 3049 ἔτρεφεν

240 3038 317 3080 ἐπὶ
346 3035 463 3082 πολὺ
491 3040 567 3090 τῆς
594 3036 766 3092 ἡλικιας
794 3042 877 3085 etc.
913 3039 1028 3095 quod
1056 3039 1180 3081 modo
1210 3039 1393 3083 diximus
1422 3039 1627 3082 mollitiae
1668 3039 1835 3095 signum
1877 3041 2010 3082 fmsse

241 3097 297 3138 cf.
330 3096 538 3139 Suevern.
568 3095 714 3141 Ueber
742 3097 1048 3155 Aristophanes
1078 3099 1263 3141 Wolken
1292 3114 1334 3156 p.
1357 3096 1429 3141 33.

359 3183 450 3239 [³⁸]
496 3184 667 3227 Similes
697 3186 901 3256 quosdam
931 3190 1198 3256 grassatores
1229 3191 1515 3229 memorantur
1554 3186 1726 3242 Joseph.
1766 3184 1875 3226 Bell.
1909 3183 2007 3227 Jud.

240 3241 289 3283 L.
319 3241 395 3282 IV.
425 3241 467 3285 9.
499 3245 541 3296 §-
574 3244 641 3286 10.
666 3241 827 3318 κόμας
857 3242 1219 3303 συνθετιζόιιενοι
1264 3247 1341 3288 καὶ
1378 3248 1636 3316 γυναικείας
1671 3244 1864 3313 ἐσθῆτας
1893 3241 2008 3285 ἄνα-

241 3296 564 3370 λαμβάνοντες,
607 3301 709 3352 τοὺς
738 3302 1008 3362 ὀφθαλμοὺς
1037 3301 1401 3380 ὑπογράφοντες,
1432 3302 1486 3346 οὐ
1514 3299 1661 3374 μόνον
1691 3298 1864 3350 κόσμον
1893 3299 2006 3345 αλλὰ

240 3360 317 3400 καὶ
343 3355 470 3428 πάθη
498 3364 728 3416 γυναικῶν
755 3363 1010 3435 ἐμιμοῦντο.
1030 3365 1107 3405 καὶ
1135 3362 1378 3422 ἀθεμίτους
1407 3359 1573 3417 ἡδονὰς
1603 3357 1877 3415 ἐπενόησαν·
1918 3373 2001 3415 γυ-

244 3413 542 3476 ναικιζόμενοι
574 3419 624 3466 δὲ
654 3418 731 3471 τὰς
759 3420 888 3478 οψεις
917 3418 1098 3479 ἐφόνων
1127 3427 1240 3472 ταῖς-
1250 3421 1415 3473 δεξιαῖς
1444 3426 1524 3464 etc.
