2150 3814
764 278 1316 324 SAMOTHRACIA.
1770 272 1928 334 1151

147 429 266 491 que
335 421 405 471 ut
471 405 847 470 manducum
910 407 1274 477 Sami-num.
1315 423 1595 483 arceant,
1686 411 1798 472 sed
1865 425 1937 475 ut

147 511 407 588 Magnae
461 507 675 568 matris
731 507 1028 570 satellites
1084 516 1149 567 et
1191 510 1491 588 armigeri.
1577 510 1768 591 quue
1810 531 1935 572 non

147 627 286 671 meo
342 607 612 688 periculo
657 605 893 670 affirmo
939 608 1082 683 sed,
1142 618 1212 671 ut
1255 612 1319 670 in
1355 612 1495 689 jure
1542 610 1797 684 dicitur,
1844 624 1932 672 te-

146 709 341 772 stibus
394 707 828 787 superstitibus
884 710 1328 789 praesentibus.
1387 711 1609 772 Strabo
1666 713 1706 771 1.
1770 734 1816 786 c.
1877 716 1936 776 οἱ

144 810 213 872 δ’
260 809 336 871 οὐ
378 809 526 878 τοὺς
558 817 883 892 Κουρῆτας
929 812 1083 873 ἄλλα
1117 812 1264 882 τοὺς
1297 810 1714 894 Κορύβαντας
1751 811 1931 896 Φρύ-

141 933 276 993 γας.
323 918 385 968 et
427 908 646 971 eodem
690 910 880 971 modo
924 911 1247 971 Lucianus.
1327 912 1683 972 Demetrius
1728 924 1935 973 autem

144 1027 271 1068 non
299 1007 449 1069 dicit
474 1009 727 1090 quidem
757 1011 976 1071 eadem
1002 1010 1133 1084 sed,
1161 1029 1316 1090 quae
1354 1011 1523 1084 dicit,
1568 1011 1784 1072 eadem
1831 1032 1938 1075 va-

143 1109 301 1169 lent:
343 1118 670 1193 Κουρῆτας
710 1112 817 1173 καὶ
853 1109 1270 1192 Κορύβαντας
1313 1111 1471 1174 εἶναι
1512 1111 1660 1181 τοὺς
1705 1114 1937 1183 αὐτοὺς

146 1212 206 1271 οἱ
257 1211 398 1292 περὶ
449 1211 563 1280 τὰς
603 1218 713 1289 τῆς
753 1211 987 1293 μητρὸς
1028 1218 1160 1273 τῶν
1204 1215 1334 1273 θεοῖ
1339 1235 1379 1275 ν
1421 1211 1734 1297 ἁγιστείας
1777 1212 1933 1294 πρὸς

143 1306 430 1381 ἐνόπλιον
474 1312 730 1392 ὄρχησιν
771 1310 978 1391 ἠίθεοι
1020 1312 1127 1374 καὶ
1168 1308 1345 1393 κόροι
1387 1309 1772 1398 τυγχάνουσι
1813 1337 1937 1375 πα-

143 1411 548 1491 ρειλημμένοι.
632 1410 814 1471 Illam
869 1413 1036 1472 enim
1099 1410 1357 1471 deorum
1400 1421 1663 1472 matrem
1708 1431 1747 1472 a
1793 1409 1937 1471 Cre-

143 1510 418 1571 tensibus
479 1511 599 1573 coli
639 1521 852 1589 negat,
898 1512 1387 1593 Euripidemque
1431 1515 1803 1572 contrarium
1849 1512 1939 1573 af-

143 1612 492 1672 firmantem
547 1616 934 1698 μυθολογεῖν
989 1621 1231 1694 μᾶλλον
1272 1612 1312 1692 ἢ
1357 1616 1643 1695 ἱστορεῖν.
1731 1613 1937 1693 Atque

145 1711 296 1771 haec
348 1714 706 1773 testimonia
759 1714 1198 1772 ⁴confirmantur
1251 1712 1596 1771 rationibus
1640 1712 1940 1791 pluribus.

145 1811 418 1871 Primum
465 1812 633 1893 quod
678 1810 1065 1889 Corybantes
1109 1814 1182 1884 si,
1227 1822 1297 1871 ut
1330 1799 1713 1889 Pherecydes
1757 1812 1941 1889 signi·

146 1912 320 1985 ficat,
379 1910 603 1973 Jovem
659 1931 790 1972 nou
835 1913 1204 1985 educarunt,
1262 1913 1515 1972 omnino
1559 1913 1791 1972 nullam
1836 1911 1944 1971 ha-

143 2010 291 2071 bent
332 2031 471 2072 cum
516 2013 634 2072 hoc
676 2012 795 2072 deu
837 2013 1359 2074 necessitudinem
1405 2033 1604 2094 neque
1659 2014 1726 2072 in
1768 2011 1943 2090 fabu-

145 2112 224 2172 lis
279 2124 389 2173 aut
442 2115 634 2173 sacris
680 2114 1057 2174 Graecorum
1113 2115 1434 2191 conjuncte
1478 2133 1616 2173 cum
1660 2114 1778 2173 hoc
1822 2113 1941 2172 deo

150 2221 258 2271 aut
327 2214 612 2274 coluntur
682 2225 791 2274 aut
842 2200 1307 2294 praedicantur,
1367 2213 1478 2272 sed
1534 2215 1598 2271 in
1658 2212 1943 2292 turpibus

150 2312 464 2391 Phrygum
517 2314 917 2392 religionibus
961 2312 1299 2373 secundum
1346 2312 1681 2372 Sabazium
1729 2323 1791 2395 et
1833 2311 1946 2372 At-

151 2415 243 2472 tin
295 2416 532 2494 primas
586 2425 773 2493 agunt
826 2425 1052 2494 partes.
1139 2411 1421 2473 Julianus
1465 2421 1678 2472 narrat
1722 2411 1825 2471 Or.
1870 2411 1944 2471 V.

155 2513 296 2574 167.
367 2514 600 2579 Attinis
642 2514 1040 2594 clandestinat
1070 2533 1208 2574 cum
1253 2514 1531 2594 nympha
1575 2513 1945 2573 commercia

149 2632 190 2674 a
231 2615 412 2674 leone
457 2613 727 2693 Cybelae
780 2616 1089 2696 patefacta
1133 2634 1267 2675 esse
1309 2615 1583 2695 impulsu
1629 2610 1946 2690 Coryban-

151 2717 263 2789 tis‚
328 2735 514 2797 quem
568 2719 709 2798 ipse
761 2717 972 2777 Solem
1030 2718 1498 2797 interpretatur:
1559 2711 1855 2796 Κορύβας
1908 2712 1943 2775 ὅ

154 2818 343 2903 μέγας
398 2818 565 2898 ἥλιος
613 2818 646 2881 ὃ
707 2816 1062 2900 σύνθρονος
1104 2826 1179 2899 τῇ
1226 2816 1446 2899 Μητρὶ
1486 2814 1593 2877 καὶ
1637 2813 1945 2896 συνδημι-

162 2926 411 3004 ουργῶν
468 2921 627 3000 αὐτῇ
682 2919 764 2983 τὰ
817 2917 1026 2983 πάντα
1077 2919 1281 2982 πείθει
1321 2918 1436 2980 τὸν
1480 2916 1697 2979 λέοντα
1739 2938 1943 2996 μηνυ-

158 3017 273 3097 τὴν
325 3021 636 3103 γενέσθαι.
697 3029 758 3078 et
813 3039 872 3100 p.
936 3020 1074 3081 168.
1121 3020 1550 3102 δορυφοροῦσι
1591 3016 1706 3079 τὸν
1736 3017 1942 3079 ’Ἀττιν

162 3118 332 3199 παρὰ
374 3127 482 3198 τῆς
505 3121 768 3204 Μητρὸς
810 3121 1104 3191 δοθέντες
1149 3122 1206 3182 οἱ
1229 3116 1630 3201 Κορύβαντες
1673 3117 1740 3178 αἱ
1780 3121 1943 3198 τρεῖς

165 3219 411 3298 ἀρχικαὶ
425 3215 501 3301 [¹¹]
545 3229 674 3286 τῶν
716 3221 874 3302 μετὰ
918 3222 1109 3292 θεοὺς
1151 3217 1530 3303 κρεισσόνων
1559 3224 1763 3304 γενῶν
1787 3215 1945 3278 ὑπο-

285 3384 343 3442 [h]
395 3388 514 3431 Idem
545 3388 751 3435 Curetum
781 3406 1004 3443 numerus,
1047 3389 1170 3451 τρὰς
1198 3391 1418 3448 Κουρητίς
1446 3386 1700 3432 Nicomach.
1731 3385 1859 3428 Phot.
1900 3397 1942 3440 p.

166 3445 265 3490 239.
311 3454 356 3488 et
397 3446 567 3502 Sibylla
606 3447 657 3490 L.
688 3449 767 3492 111.
810 3449 911 3494 847.
967 3448 1062 3504 Ῥέη
1103 3453 1229 3494 τέκεν
1265 3443 1435 3507 ἄρσενα
1473 3447 1621 3490 παῖδα
1658 3442 1739 3489 τὸν
1778 3445 1947 3501 ταχέως

1443 3520 1609 3582 24*
