2150 3814
807 200 1263 248 onrulca.
1802 189 1920 248 971

150 337 219 398 Τ.
258 336 359 403 VI,
402 356 465 418 p.
499 335 641 398 398.
697 332 913 393 Goetz.
958 329 1039 392 de
1078 328 1323 390 Pistrin.
1369 329 1528 394 Vett,
1571 348 1634 410 p.
1676 330 1927 390 222.-

146 438 369 498 Pollux
405 435 540 502 Vll,
590 433 727 494 108.
770 432 890 518 πρὸ
935 439 1065 497 τῶν
1106 430 1392 514 καμίνων
1430 435 1560 502 τοῖς
1593 438 1927 511 χαλκεῦσιν

148 541 296 608 ἔθος
334 534 413 615 ἦν
454 531 662 621 γελοῖοί
717 556 860 596 τινα
914 539 1235 615 καταρτᾷν
1294 532 1332 615 ἢ
1391 530 1777 597 ἐπιπλάττειν
1830 533 1928 595 ἐπὶ

146 633 401 720 φθόνου
441 635 779 717 ἀποτροπῇ·
825 637 1093 696 ἐκαλεῖτο
1136 632 1207 696 δὲ
1240 632 1575 716 βασκανία·
1621 634 1795 712 cnjus
1835 634 1928 692 rei

133 744 361 795 *testem
405 735 556 794 citat
596 732 1093 815 Aristophanem.
1177 733 1278 793 De
1321 734 1440 795 hoc
1480 752 1595 794 nos
1639 734 1928 794 certiores

140 835 293 894 facit
332 833 564 897 Anecd.
607 834 801 895 Bekk.
856 854 919 916 p.
965 834 1066 894 30.
1125 832 1477 916 βασκᾶνιον
1532 837 1928 920 ἄνθρωποειο

140 934 245 1006 ὃὲς
297 933 784 1019 κατασκεύασμα
838 934 958 1017 πρὸ
1016 941 1149 997 τῶν
1202 935 1627 1020 ἐργαστηρίων
1679 944 1793 999 τοῦ
1841 936 1928 1019 μὴ

139 1035 603 1119 βασκαίνεσθαι
657 1036 774 1116 τὴν
842 1035 1057 1097 αὐτῶν
1123 1033 1438 1119 ἐργασίαν.
1539 1033 1929 1113 Significatur

140 1136 250 1194 iile
293 1135 544 1217 πήλινος
569 1136 915 1218 ἻΙφαιστος
958 1151 1006 1192 8.
1036 1133 1301 1215 ἀνδριὰς
1336 1131 1587 1215 πήλινος
1619 1135 1775 1218 πρὸς
1816 1135 1930 1205 τὰς

140 1235 346 1305 ἑστίας
378 1236 707 1318 ἱδρυμένος
743 1235 826 1306 ὥς
871 1236 1095 1317 ἔφορος
1135 1241 1249 1297 τοῦ
1293 1232 1506 1318 πυρός·
1545 1238 1613 1299 ἐν
1641 1235 1766 1322 γὰρ
1793 1241 1930 1307 ταῖς

140 1332 429 1417 ἐσχάραις
485 1336 682 1420 ὥςπερ
745 1339 813 1399 ἐν
877 1341 1015 1406 ταῖς
1081 1333 1366 1419 καμίνοις
1423 1335 1539 1400 τὸν
1576 1336 1929 1421 ’Ἠφαιστον

140 1433 646 1501 ἀναπλάττουσιν
713 1434 915 1496 Schol.
982 1434 1149 1498 Avv.
1206 1435 1351 1496 436.
1380 1435 1453 1517 [⁸]
1524 1455 1717 1517 eaque
1778 1437 1931 1498 Vul-

142 1537 278 1595 cani
319 1520 705 1614 imaguncula
761 1535 844 1596 ad
890 1536 1333 1617 compescenda
1382 1536 1697 1611 incendia,
1753 1547 1928 1617 puto,

141 1636 570 1716 apponebatur
615 1645 678 1695 et
727 1655 807 1695 ne
858 1637 1018 1696 ollae
1074 1637 1142 1697 vi
1186 1637 1343 1715 ignis
1382 1638 1485 1698 vel
1534 1636 1671 1697 dira
1713 1657 1930 1719 preca-

142 1737 312 1796 tione
346 1745 806 1816 rumperentur,
850 1736 1016 1816 quod
1055 1738 1324 1796 maxime
1360 1736 1694 1797 cavebatur
1723 1739 1788 1796 in
1826 1757 1931 1797 ca-

140 1837 328 1896 minis
353 1837 706 1915 figulorum3
741 1855 886 1896 nam
933 1847 1163 1896 cantu
1199 1825 1658 1914 figlinarum
1694 1857 1930 1919 opera

139 1937 398 2017 rumpi
465 1937 696 1997 multi
766 1936 1093 1997 credunt
1158 1938 1311 1997 Plin.
1379 1937 1669 1998 XXVIII.
1737 1939 1798 2000 4.
1867 1951 1930 2000 et

141 2035 337 2096 Varro
382 2037 627 2115 Fragm.
681 2057 743 2118 p.
788 2037 931 2099 265.
1028 2037 1483 2113 Vulcanum,
1544 2058 1635 2099 ne
1677 2059 1929 2102 novae

141 2137 464 2214 lagenae
498 2138 833 2198 ollarum
862 2140 1354 2217 frangantur,
1387 2148 1504 2198 ter
1541 2152 1929 2222 precatur,

140 2237 393 2314 figuluS,
458 2248 528 2296 ut
588 2240 827 2318 opinor.
938 2237 1115 2312 Quae
1171 2242 1525 2321 superstitio
1586 2243 1792 2301 nescio
1850 2260 1930 2307 an

143 2336 331 2396 hodie
374 2336 555 2398 duret
597 2338 767 2420 apud
824 2340 1281 2419 campanarioS,
1337 2340 1446 2401 sed
1502 2344 1928 2423 perantiquam

142 2455 278 2496 esse
332 2449 594 2519 apparet
647 2457 724 2499 ex
776 2438 1038 2499 Homeri
1096 2442 1365 2500 carmine
1408 2440 1688 2524 Κάμινος
1729 2443 1768 2524 ἢ
1811 2451 1879 2506 K
1898 2484 1929 2490 -

143 2543 357 2619 ραμεῖς
411 2539 742 2622 inscripto,
806 2539 974 2621 quod
1026 2541 1095 2600 in
1151 2541 1456 2620 ejusmodi
1510 2546 1927 2623 precationem

144 2636 400 2698 desinit:

212 2780 488 2850 Συγκαλέω
525 2780 591 2850 δὴ
623 2780 794 2835 ἔπειτα
828 2784 1024 2858 καμίνῳ
1061 2786 1355 2857 δηλητῆρας
1371 2826 1389 2850 ,

213 2861 453 2938 Σύντριβ
492 2863 634 2935 ὁμῶς
663 2865 944 2940 Σμάραγόν
977 2890 1031 2945 τε
1066 2871 1151 2923 καὶ
1174 2868 1422 2939 Ἄσβετον
1456 2868 1549 2940 ἠδὲ
1577 2869 1857 2941 Σαβάκτην

210 2949 513 3021 Ὠμόὸαμον
545 2951 623 3019 θ’,
658 2952 718 3017 ὃς
752 2956 873 3027 τῇδε
899 2954 1048 3028 τέχνῃ
1085 2955 1253 3028 (τέγῃ)
1285 2955 1415 3009 κακὰ
1450 2957 1617 3011 πολλὰ
1643 2959 1856 3031 πορίζω,

214 3037 468 3108 περθέμεν
501 3038 763 3095 αἴθὀυσαν
797 3042 882 3094 καὶ
919 3038 1134 3110 δώματα
1152 3058 1165 3072 ·
1222 3041 1316 3095 σὺν
1351 3043 1408 3096 δὲ
1442 3040 1655 3112 κάμινος

216 3126 360 3177 πᾶσα
394 3126 643 3196 κυκηθείη
679 3126 939 3198 κεραμέων
978 3127 1110 3199 μέγα
1144 3126 1483 3183 κωκυσάντων
1518 3142 1610 3188 ete.

269 3307 340 3364 [⁸]
382 3309 459 3353 Sic
485 3310 551 3354 ini
578 3312 918 3372 interpretantur
947 3328 1098 3359 nomen
1137 3310 1392 3372 ἐπιστάτης,
1436 3319 1482 3362 οἱ
1510 3314 1562 3364 δὲ
1591 3316 1727 3371 ξύλον
1755 3320 1922 3380 eatan«

152 3378 224 3415 κες
253 3369 698 3430 πεπασσαλωμένον,
740 3373 788 3423 ἐξ
816 3365 871 3420 οὗ
899 3375 1100 3434 κρεμῶσι
1139 3371 1193 3418 τὰ
1221 3374 1464 3437 μαγειρικὰ
1503 3378 1728 3438 ἐργαλεῖα.
1772 3393 1798 3423 a
1837 3393 1921 3437 quo
