2150 3814
205 172 330 232 918
735 187 969 232 LIBER
1013 186 1440 232 SECUNDUS.

209 316 399 374 cosmi
440 317 724 395 suspicio.
769 314 929 373 Hinc
972 314 1051 374 ad
1095 324 1324 375 ceteros
1353 314 1777 394 transgredior.
1819 315 1976 375 Her-

209 432 342 475 mes
388 413 558 474 Stob.
603 415 729 474 Ecl.
774 413 879 472 Ph.
923 414 969 472 Ι.
1002 415 1058 473 2.
1089 414 1230 474 990.
1270 417 1307 496 ἡ
1349 425 1435 502 γῆ
1470 418 1620 498 μέση
1664 423 1776 478 τοῦ
1819 440 1978 478 παν·-

207 516 313 585 τὸς
369 522 562 578 κεῖται
605 515 796 595 ὥςπερ
843 514 1181 594 ἄνθρωπος
1215 549 1296 559 ·-
1330 518 1482 598 πρὸς
1523 515 1640 598 μὲν
1681 523 1770 597 τῷ
1812 513 1985 597 νότῳ·

207 623 321 678 τοῦ
375 615 606 681 παντὸς
662 615 778 691 ἔχει
830 611 943 690 τὴν
997 613 1300 693 κεφαλὴν,
1357 617 1511 697 πρὸς
1551 615 1620 678 δὲ
1666 613 1978 694 ἀπηλιώτῃ

208 715 321 779 τὸν
364 714 566 783 δεξιὸν
611 706 785 789 ὦμον
829 719 938 768 etc.
984 709 1106 768 Sed
1150 711 1327 789 longe
1370 715 1552 773 aliam
1580 714 1724 775 Ter
1752 716 1983 774 maxi-

208 815 309 872 mi
362 809 764 891 popularibus
811 810 1165 888 opinionem
1208 811 1422 871 tribuit
1464 814 1846 873 Plutarchus:
1904 815 1983 876 τὰ

210 916 332 993 ἑῷα
374 918 486 972 τοῦ
532 908 769 992 κόσμου
814 908 1142 992 πρόςωπον
1185 912 1376 985 εἶναι,
1431 914 1510 975 τὰ
1554 914 1707 995 πρὸς
1748 917 1986 994 βοῤῥᾶν

211 1011 402 1084 δεξιὰ,
446 1009 525 1073 τὰ
571 1010 640 1073 δὲ
683 1010 836 1093 πρὸς
878 1009 1065 1074 νότον
1112 1011 1404 1094 ἀριστερά
1447 1012 1523 1071 de
1547 1014 1623 1072 IS.
1654 1012 1987 1096 QXXXII.

215 1108 353 1169 145.
413 1109 481 1169 T.
537 1109 646 1168 IX.
703 1109 874 1189 quod
932 1110 1008 1169 de
1065 1112 1462 1190 Pythagoreis
1518 1112 1666 1172 dicit
1720 1112 1991 1172 Achilles

211 1209 346 1269 Tat.
391 1210 428 1268 l.
475 1230 521 1268 c.
566 1229 626 1289 p.
677 1208 811 1270 165.
858 1229 962 1270 eos
1007 1211 1175 1282 δεξιά
1205 1231 1427 1273 vocare
1449 1213 1528 1275 τὰ
1565 1211 1804 1295 βόρεια,
1852 1214 1989 1293 oign-

213 1307 396 1390 στερά
439 1327 589 1369 Vero
632 1310 712 1371 τὰ
754 1309 931 1373 νότια
949 1308 1041 1391 [¹].
1101 1312 1384 1391 Plerique
1440 1322 1644 1371 autem
1690 1311 1994 1388 Pythago-

212 1427 345 1467 ram
418 1409 701 1467 similiter
766 1419 837 1468 ut
895 1411 1213 1478 Platonem
1271 1413 1474 1492 (Legg.
1530 1411 1635 1470 VI.
1689 1412 1833 1470 760.
1885 1410 1994 1490 D.)

169 1493 175 1499 ’
214 1507 490 1567 dextram
545 1506 763 1567 mundi
819 1521 1055 1588 partem
1114 1514 1410 1570 orientem
1457 1510 1685 1570 dixisse
1726 1509 1993 1568 tradunt.

214 1626 275 1669 v.
332 1608 560 1667 Balfor.
607 1608 686 1667 ad
732 1605 1043 1669 Cleomed.
1090 1611 1156 1670 L.
1200 1613 1246 1670 I.
1292 1611 1432 1670 380.
1484 1610 1683 1670 Sturz.
1727 1609 1808 1668 ad
1850 1610 1998 1668 Em-

214 1707 354 1786 ped.
398 1728 458 1788 p.
496 1708 639 1767 336.
685 1710 1144 1770 accommodate
1188 1710 1266 1770 ad
1313 1728 1609 1788 augurum
1644 1727 2000 1787 graecorum

216 1814 487 1879 statum,
543 1826 722 1886 quem
779 1808 1064 1889 Orpheus
1111 1829 1350 1890 quoque
1391 1811 1457 1868 in
1499 1809 1580 1869 H.
1625 1808 1759 1869 Vll.
1800 1809 1995 1889 sequi-

218 1915 317 1964 tur
360 1905 571 1965 Solem
614 1909 941 1968 invocans:
1032 1960 1035 1965 f

428 2025 580 2086 Δεξιὲ
614 2026 709 2091 μὲν
743 2026 956 2096 γενέτωρ
993 2025 1146 2094 ἠοῦς,
1183 2024 1405 2093 εὖώνυμε
1442 2023 1640 2088 νυκτός.

218 2125 336 2186 His
380 2144 530 2186 vero
575 2124 848 2185 nondum
895 2125 1177 2200 efficitur,
1237 2136 1306 2185 ut
1357 2126 1723 2204 Pythagorei
1764 2137 2004 2189 veteres

175 2293 179 2299 ¹
221 2224 518 2285 mundum
578 2225 834 2285 humani
878 2228 1152 2307 corporis
1196 2228 1461 2307 speciem
1505 2226 1732 2286 habere
1777 2236 2004 2286 statue-

223 2328 372 2399 rint3
446 2343 642 2403 neque
684 2344 811 2384 non
856 2326 1107 2399 dubito,
1174 2345 1253 2385 an
1296 2326 1412 2385 hoc
1456 2327 1583 2386 ulio
1628 2336 1724 2386 sat
1767 2328 2004 2406 antiqui

225 2425 489 2482 auctoris
514 2426 867 2482 testimonio
895 2427 1238 2484 confirmari
1267 2428 1481 2505 possit.
1540 2427 1847 2485 Succurrit
1874 2428 2005 2505 qui-

227 2522 367 2582 dem
411 2523 762 2583 Aristotelis
807 2525 977 2584 locus
1022 2525 1099 2583 de
1127 2519 1292 2584 Coel.
1317 2526 1392 2584 II.
1420 2527 1477 2584 2.
1506 2527 1604 2585 37.
1652 2524 1821 2601 sylb.
1848 2529 2005 2587 ἐπει-

228 2620 307 2703 δή
349 2625 508 2692 τινές
552 2629 706 2687 εἰσιν
751 2627 810 2685 οἳ
854 2624 1012 2707 φασί
1051 2650 1112 2686 τι
1154 2624 1355 2695 δεξιὸν
1398 2627 1503 2688 καὶ
1542 2625 1870 2709 ἀριστερὸν
1889 2628 2005 2689 ’ἰξοῦ

231 2722 539 2805 οὐρανοῦ,
584 2721 870 2806 καθάπερ
916 2726 975 2787 οἱ
1015 2723 1381 2806 καλούμενοι
1417 2723 1849 2811 Πυθαγόρειοι
1881 2733 2003 2797 sete.

234 2822 358 2881 Sed
411 2841 566 2903 quae
621 2823 890 2883 adnectit
935 2822 1092 2886 clare
1133 2824 1407 2884 indicant
1451 2845 1556 2886 eos
1590 2826 1778 2902 vlonge
1820 2824 2006 2883 aliam

232 2923 534 2982 rationem
590 2931 879 3003 sequutos
934 2943 1082 2983 esse.
1167 2924 1324 2984 Nam
1368 2943 1554 3006 quum
1596 2924 2006 3005 perfectorum

354 3088 417 3147 [¹]
463 3091 678 3135 Tonitrua
706 3107 818 3150 quae
846 3108 875 3136 a
899 3093 1028 3138 laeva
1066 3093 1208 3135 mundi
1253 3098 1379 3151 parte
1419 3093 1500 3135 hoc
1540 3097 1608 3135 est
1645 3107 1673 3135 a
1699 3091 2004 3150 *septentrione

235 3147 423 3194 exi-tant
449 3149 660 3194 diviniora
687 3166 782 3195 esse
810 3151 961 3196 scribit
997 3152 1094 3195 Joh.
1122 3152 1273 3207 Lydus
1315 3152 1370 3194 de
1408 3151 1580 3194 Ostent.
1611 3149 1754 3196 XXII.
1793 3150 1864 3193 88.
1903 3150 2006 3194 ἐπεὶ

238 3207 318 3250 καὶ
343 3204 458 3267 πρὸς
484 3211 564 3253 τοῦ
592 3211 668 3261 τῆς
694 3212 777 3267 γῆς
805 3207 976 3272 ἐφόρου
1006 3206 1346 3270 ἔπιτροπεύεται
1372 3206 1422 3255 τὸ
1453 3206 1619 3265 νότιον,
1652 3205 1713 3258 ὥς
1738 3210 2006 3267 Αἰγυπτίοις

239 3265 391 3366 (ignei,
429 3269 511 3311 τοῦ
537 3265 716 3327 Κρόνου
747 3270 887 3326 λέγω,
935 3265 1079 3327 ὥςπερ
1119 3266 1169 3313 τὸ
1212 3266 1390 3328 βόρειον
1430 3265 1518 3312 ὑπὸ
1559 3270 1639 3312 τοῦ
1677 3269 1753 3322 τῆς
1789 3269 2007 3325 γενέσεως

240 3339 267 3365 α
288 3337 312 3366 τ
330 3339 398 3368 ov.
