2150 3814
277 175 438 236 1334
871 187 1105 230 LIBER
1155 188 1514 233 TERTIUS.

266 328 470 403 τρῷον
501 339 560 398 p.
597 316 731 376 104.
773 315 866 375 15.
911 318 1135 396 quasi
1176 315 1489 378 Hermes
1533 319 1674 378 ille
1719 341 1757 380 a
1800 326 2027 400 majo-

265 421 484 479 ribus
527 414 962 477 Andocidis
1007 426 1213 476 esset
1269 429 1769 480 consecratus
1815 441 2030 500 quem

266 527 572 579 constat
615 517 860 575 fuisse
905 514 1303 575 donarium
1350 519 1593 578 tribus
1624 519 2028 598 Aegeidos.

262 619 488 677 Verum
533 615 671 678 θεοὶ
711 623 1022 701 πατρῷοι,
1068 624 1310 694 praeter
1352 618 1510 696 illos,
1557 638 1814 698 quorum
1859 638 2032 679 sacra

263 719 481 796 aliquis
534 718 600 774 in
656 716 781 774 suis
838 713 1109 793 praediis
1168 715 1404 775 colebat
1458 737 1496 775 a
1553 719 1887 795 majoribus
1933 739 2028 779 ac-

261 826 466 896 cepta,
523 817 654 874 sine
718 813 904 872 dubio
965 816 1149 873 etiam
1207 818 1507 875 nominati
1562 827 1704 876 sunt
1756 818 2028 896 ejusdem

256 917 486 997 phylae
543 924 604 974 et
660 914 969 994 phratriae
1026 914 1114 972 dii
1169 925 1229 973 et
1287 918 1390 994 qui
1445 916 1521 975 ab
1579 918 1715 976 aliis
1782 916 2028 995 quidem

254 1014 364 1075 sed
406 1017 472 1073 in
515 1017 799 1093 proximo
845 1016 1178 1074 consecrati
1219 1026 1472 1094 propter
1504 1017 1704 1095 ipsam
1739 1017 2029 1077 viciniam

251 1117 512 1175 solemni
553 1115 825 1174 familiae
867 1115 1211 1172 ministerio
1259 1115 1612 1174 colebantur
1654 1118 1885 1195 pariter
1923 1116 2028 1175 do-

253 1218 538 1275 mesticis.
638 1214 736 1273 De
792 1213 1057 1272 Pindaro
1101 1223 1311 1272 narrat
1356 1213 1628 1274 Thomas
1670 1217 1734 1274 in
1779 1215 1925 1275 Vita
1964 1237 2025 1296 p.

257 1312 396 1374 155.
465 1311 725 1395 κατῴκει
779 1314 890 1382 τὰς
953 1312 1159 1394 Θήβας
1214 1315 1474 1392 πλησίον
1527 1324 1640 1378 τοῦ
1698 1318 1863 1398 ἱεροῦ
1918 1324 2025 1395 τῆς

241 1416 407 1484 Ῥέας
448 1412 563 1493 τὴν
598 1413 828 1476 οἰκίαν·
875 1412 1052 1494 ἐτίμα
1089 1412 1156 1474 δὲ
1190 1414 1304 1491 τὴν
1337 1405 1493 1476 θεὸν
1528 1414 1793 1497 σφόδρα.
1839 1434 2026 1494 quam

247 1516 605 1592 religionem
649 1515 702 1572 si
746 1513 980 1592 posteri
1025 1513 1157 1590 ejus
1199 1513 1598 1585 retinuerunt,
1643 1532 1766 1573 non
1812 1514 2024 1575 dubito
2090 1524 2093 1528 ’

245 1617 391 1695 quin
450 1614 630 1674 deam
685 1613 859 1672 illam
915 1612 1033 1671 sibi
1088 1611 1388 1695 πατρῴαν
1446 1612 1646 1672 dicere
1689 1617 2025 1693 potuerint,

245 1715 530 1775 similiter
596 1724 666 1773 ut
728 1712 1079 1773 Andocides
1148 1713 1553 1787 Mercurium,
1641 1733 1819 1792 quem
1887 1717 2023 1793 ipse

242 1817 412 1898 παρὰ
492 1812 792 1897 πατρῴαν
836 1813 1067 1887 οἰκίαν
1136 1813 1496 1872 collocatum
1565 1832 1698 1873 esse
1765 1822 2023 1872 testatur

240 1917 340 1976 De
382 1923 566 1992 myst.
613 1934 672 1994 p.
718 1915 775 1976 9.
823 1914 1134 1973 Socratem
1181 1923 1415 1986 autem,
1460 1915 1563 1993 qui
1606 1913 1725 1972 sibi
1765 1914 2022 1995 βωμοὺς

241 2018 348 2081 καὶ
407 2017 542 2097 ἱερὰ
598 2020 790 2076 οἰκεῖα
846 2015 951 2075 καὶ
1005 2021 1264 2095 πατρῷα
1322 2030 1454 2071 esse
1510 2012 1824 2091 praedicat
1867 2014 2018 2074 Plat.

242 2114 511 2190 Euthyd.
554 2134 614 2194 p.
661 2114 803 2197 302.
841 2111 906 2172 C.
950 2123 1194 2193 praeter
1239 2111 1608 2172 domesticos
1653 2111 1802 2185 deos
1829 2116 2020 2173 etiam

240 2215 591 2276 communia
655 2214 885 2294 phylae
941 2223 1001 2272 et
1060 2214 1373 2292 phratriae
1427 2231 1574 2272 suae
1629 2231 1802 2272 sacra
1858 2231 2019 2274 com-

240 2315 633 2398 prehendisse
678 2315 958 2386 arbitror,
1001 2333 1198 2393 neque
1241 2312 1604 2373 Aeschinem
1647 2315 2019 2390 negaverim,

244 2420 348 2498 qui
402 2427 642 2496 patrem
686 2435 865 2475 suum
909 2414 1058 2473 dicit
1101 2415 1258 2478 εἶναι
1302 2419 1367 2477 ἐκ
1410 2413 1754 2498 φρατρίας,
1805 2414 1843 2493 ἢ
1888 2421 2018 2478 τῶν

242 2520 453 2581 αὐτῶν
490 2521 730 2600 βωμῶν
767 2512 1272 2597 Ἐτεοβουτάδαις
1312 2518 1543 2597 μετέχει
1585 2515 1683 2574 De
1726 2513 1860 2573 fals.
1901 2513 2014 2590 leg.

237 2638 298 2698 p.
340 2618 442 2677 47.
488 2618 588 2677 39.
649 2617 759 2675 has
815 2635 950 2674 aras
1005 2614 1126 2674 sibi
1177 2614 1468 2698 πατρῴας
1512 2631 1863 2694 nuncupare
1902 2631 2013 2692 po·
2081 2674 2083 2676 a

235 2720 444 2778 tuisse.
527 2717 760 2776 Multos
818 2724 1024 2775 autem
1079 2715 1160 2776 ad
1213 2719 1555 2777 vicinorum
1613 2714 1760 2774 deos
1802 2714 2013 2792 priva-

236 2829 333 2879 tos
403 2838 536 2879 sese
603 2818 973 2897 applicuisse
1039 2827 1297 2896 apparet
1361 2838 1395 2876 e
1459 2815 1890 2895 Xenophontis
1952 2824 2012 2874 et

232 2921 418 2979 Plinii
469 2919 854 2979 testimoniis.
953 2916 1155 2996 Hujus
1209 2920 1275 2977 in
1331 2916 1600 2998 praediis
1656 2923 1787 2974 erat
1829 2913 2013 2976 aedes
2092 2940 2099 2992 ξ

238 3018 509 3094 Cereris,
579 3038 699 3100 quo
768 3028 930 3078 stato
989 3019 1089 3078 die
1144 3018 1346 3078 coibat
1400 3016 1669 3098 populus
1726 3014 1806 3075 ad
1859 3025 2018 3080 vota

237 3121 630 3201 suscipienda
683 3121 1115 3200 reddendaque
1169 3118 1238 3178 L.
1281 3117 1385 3180 IX.
1430 3119 1545 3198 Ep.
1590 3117 1691 3178 39.
1779 3116 2008 3177 Simili-

235 3229 331 3280 ter
397 3241 583 3301 quum
649 3221 1002 3303 Xenophon
1064 3222 1131 3280 in
1186 3238 1332 3297 agro
1391 3218 1712 3278 Scilluntio
1767 3216 2008 3275 Dianae
2099 3247 2105 3255 ι

235 3322 538 3402 templum
597 3324 1038 3397 constituisset,
1103 3319 1328 3390 πάντες
1383 3320 1442 3382 οἱ
1494 3324 1736 3381 πολῖται
1791 3316 1896 3379 καὶ
1948 3315 2006 3376 οἱ
