2150 3814
187 203 350 265 1090
742 212 974 256 mssuss
1019 210 1446 256 SECUNDUS.

182 349 292 426 ligi
334 346 492 407 licet.
578 344 792 425 Neque
846 344 996 403 haec
1039 342 1159 402 dea
1202 343 1278 403 ab
1322 345 1547 404 artium
1590 346 1963 423 magicarum

183 449 545 507 tractatione
598 454 728 504 tam
782 443 982 502 aliena
1037 450 1198 515 erat,
1256 462 1441 522 quam
1494 443 1963 507 Hemsterhusio

183 550 386 610 visum
445 546 525 605 ad
568 545 816 604 Lucian.
860 542 941 600 D.
983 539 1064 601 D.
1109 540 1334 602 XXVI.
1380 546 1437 604 2.
1480 565 1542 625 p.
1587 545 1729 607 345.
1775 546 1844 607 Τ.
1887 549 1964 608 Π.

183 650 249 708 in
308 647 556 706 Tatiani
612 645 750 702 loco
807 660 922 722 pro
980 639 1180 727 μάγος
1235 643 1302 704 (5³
1360 646 1526 709 ἐστὶν
1565 649 1863 730 ’Ἄρτεμις
1890 645 1962 728 [k]

183 746 350 805 haud
406 753 757 804 cunctanter
814 747 972 825 μαῖα
1027 743 1380 819 corrigenti,
1436 745 1649 807 addita
1701 750 1968 807 ratione:

182 847 520 905 Dianam>
571 862 863 922 magam
908 841 1152 901 tando
1199 845 1372 922 quis
1417 845 1770 908 audivit?
1826 847 1970 908 He-

188 955 410 1005 caten
453 947 519 1006 si
563 944 1052 1024 scripsisset,
1097 942 1299 1002 nihil
1342 954 1542 1020 erat,
1586 946 1794 1027 quod
1835 966 1970 1008 nos

185 1055 658 1120 moraretur;
746 1043 1103 1124 quamvis
1192 1045 1388 1104 enim
1473 1065 1612 1132 pro
1702 1046 1972 1108 eadem

186 1156 594 1227 utramque
629 1144 1007 1221 Theologi
1041 1152 1349 1204 veteres
1383 1145 1743 1220 habeant,
1787 1147 1975 1207 mul-

187 1256 344 1307 tum
388 1257 644 1307 tamen
688 1243 936 1318 abest,
1005 1253 1087 1302 ut
1127 1247 1392 1304 munia
1434 1246 1664 1324 longe
1711 1246 1999 1328 dispa-=

187 1356 362 1405 rata
427 1355 713 1426 poetae
781 1344 1074 1422 aliique
1142 1345 1580 1424 scriptores
1647 1347 1975 1407 confun-

191 1444 406 1519 dant3
459 1444 708 1504 simili
764 1442 1020 1515 modo,
1088 1443 1420 1503 Dianam
1478 1448 1632 1506 etsi
1685 1447 1976 1508 Lunam

189 1545 861 1625 interpretentur,
970 1542 1227 1601 fuitne
1305 1553 1563 1604 tamen
1651 1565 1978 1627 unquam

192 1655 590 1725 repertus,
646 1646 776 1724 qui
829 1644 1158 1703 Dianam
1203 1643 1723 1720 Endymionis
1780 1665 1981 1707 amo-

191 1763 273 1804 re
341 1759 648 1825 captam
720 1743 1062 1803 diceret?
1148 1744 1299 1803 Fuit
1352 1763 1531 1820 sane,
1597 1765 1725 1806 non
1778 1748 1982 1808 solum

194 1843 574 1924 Theophilus
647 1843 728 1904 ad
783 1843 989 1903 Autol.
1047 1863 1094 1901 c.
1150 1842 1255 1903 IX.
1310 1844 1426 1923 τὴν
1481 1847 1786 1912 Σκυθίαν
1835 1850 1980 1931 ’Ἀρ-

190 1967 368 2026 τεμιν
420 1946 536 2025 τὴν
585 1942 989 2027 ἀνδροφόνον
1034 1943 1139 2005 καὶ
1186 1952 1299 2006 τοῦ
1337 1945 1754 2026 Ἐνδυμίωνος
1799 1951 1979 2031 ἐρασ-

193 2048 455 2118 θεῖσαν,
514 2043 626 2104 sed
687 2032 874 2103 etiam
931 2043 1288 2123 Propertius
1343 2045 1417 2103 H.
1476 2046 1645 2123 Eleg.
1701 2045 1834 2109 XV.
1885 2045 1982 2106 15.

193 2142 637 2220 Endymion
673 2143 991 2202 Phoebi
1046 2145 1351 2223 cepisse
1408 2163 1753 2205 sororem
1799 2145 1984 2206 dici-

195 2252 349 2317 tur,
395 2262 548 2323 quos
582 2244 751 2303 locos
784 2244 884 2307 vir
917 2262 1197 2303 summus
1231 2246 1478 2325 saepius
1511 2246 1756 2324 legerat.
1803 2243 1986 2319 Quod

194 2342 275 2401 ad
318 2345 587 2420 magicas
633 2353 796 2403 artes
840 2346 1090 2418 attinet,
1154 2342 1529 2406 Claudianus
1572 2345 1795 2406 XXVI.
1839 2332 1985 2406 441.

192 2444 474 2503 nominat
531 2441 813 2503 Circaeas
868 2444 1089 2503 herbas
1144 2445 1418 2519 Dianae,
1473 2456 1536 2504 et
1580 2444 1750 2525 apud
1792 2444 1981 2505 Diod.

195 2541 298 2601 IV.
345 2541 443 2602 51.
487 2542 729 2617 Medea,
774 2543 994 2603 enthea
1039 2545 1401 2619 circulatrix,
1440 2546 1682 2606 Dianae
1725 2545 1985 2605 baccha-

195 2651 295 2701 tur
338 2659 562 2723 nempe
603 2642 958 2702 infernae
1016 2643 1195 2721 (Stat.
1242 2645 1393 2707 Silv.
1439 2646 1511 2705 V.
1557 2646 1614 2706 3.
1659 2646 1827 2725 271.)
1884 2646 1984 2706 cui

197 2751 439 2801 sacrata
500 2742 723 2802 dicitur
774 2741 976 2802 Valer.
1029 2743 1228 2806 Flacc.
1287 2744 1359 2804 V.
1422 2746 1566 2806 240.
1610 2745 1798 2827 Apud
1844 2746 1982 2807 Sta·-

198 2842 355 2900 tium
413 2842 603 2903 Theb.
645 2842 751 2904 IX.
795 2844 938 2903 733.
1037 2844 1243 2903 Diana
1298 2856 1563 2906 cantus
1608 2864 1872 2906 sacros
1919 2853 1983 2904 et

198 2945 518 3003 conscia
586 2946 858 3004 miscet
928 2962 1316 3005 murmura
1380 2947 1713 3006 secretis
1784 2965 1979 3026 quae

199 3037 618 3104 Colchidas
661 3047 832 3125 ipsa
874 3044 1007 3104 sub
1052 3048 1299 3106 antris
1343 3054 1571 3118 nocte
1614 3046 1842 3106 docet
1875 3055 1984 3106 etc.

348 3237 415 3295 [k]
472 3238 534 3284 ‘H
606 3239 716 3299 άγος
767 3243 947 3286 Lucian.
1000 3245 1118 3286 Asin.
1158 3245 1237 3287 IV.
1278 3243 1374 3288 135.
1426 3244 1483 3287 Τ.
1523 3245 1600 3287 IV.
1654 3242 1802 3304 μάγος
1852 3245 1984 3302 τέχνη

200 3297 487 3406 ghongliabl.
527 3258 812 3345 cfixxxln.
864 3300 965 3345 215.
1007 3298 1157 3359 μάγος
1194 3307 1339 3363 Κίρκη
1379 3303 1535 3347 Plotia.
1584 3302 1695 3346 Enn.
1736 3304 1772 3347 Ι.
1814 3303 1867 3346 L.
1907 3302 1982 3346 VI.
