2150 3814
736 227 1296 273 sAmo‘rnRAcrA.
1617 264 1621 269 .
1750 199 1914 279 1213

127 363 550 447 Σαμοθρηίκῃ
588 357 984 443 μυστηρίοισι
1025 353 1383 437 δεδήλωται.
1436 354 1602 415 unde
1642 360 1916 436 primum

125 466 414 525 Mercurii
470 479 607 532 cum
665 455 998 518 Cabiriacis
1058 458 1375 534 mysteriis
1399 457 1762 536 ⁷implicatio
1806 478 1916 538 pa-

125 567 304 625 tescit
315 607 334 637 ,
408 579 559 622 mox
615 558 837 618 clarius
893 546 1221 617 emersura.
1324 557 1436 617 Ille
1490 566 1699 618 autem
1754 559 1916 641 ἱερὸς

123 665 300 750 λόγος
311 709 334 736 ,
378 660 460 720 ad
502 658 879 719 Hermarum
922 659 1413 718 mutoniatorum
1456 659 1916 739 interpretatio-

121 781 264 823 nem
307 763 601 821 inventus
644 758 812 818 idem
859 777 994 820 esse
1038 757 1309 830 videtur,
1353 776 1534 838 quem
1563 755 1776 819 Cicero
1821 769 1914 819 at-

119 863 300 940 tingit
352 860 426 922 N.
473 861 551 923 D.
607 860 713 919 111.
769 861 872 920 22.
940 859 1381 918 Mercurius
1437 841 1639 918 unus*
1670 847 1777 919 'Co
1793 859 1915 920 elo

117 973 345 1044 patre
400 961 546 1021 Die
588 970 839 1020 matre
882 970 1147 1031 natum,
1220 958 1439 1034 cujus
1493 958 1914 1021 obscenius

119 1063 472 1122 excitata
539 1079 579 1119 n
597 1068 826 1119 atura
882 1058 1212 1130 dicitur,
1268 1056 1473 1136 quod
1534 1057 1914 1140 adspectu

117 1162 636 1239 Proserpinae
685 1149 990 1218 'commo
1007 1161 1130 1215 t‘uS
1200 1157 1335 1230 sit3
1415 1154 1493 1214 de
1549 1176 1669 1237 quo
1730 1143 1914 1240 plura

116 1261 359 1338 collegit
399 1260 785 1319 Burmannus
830 1254 914 1316 ad
957 1245 1235 1337 Propert.
1281 1255 1356 1314 II.
1401 1257 1460 1316 2.
1511 1256 1542 1316 l
1555 1258 1583 1316 l
1594 1303 1606 1316 .

323 1388 566 1437 Mercurio
605 1395 655 1434 et
692 1387 871 1434 sanctis
908 1386 1061 1432 fertur
1097 1385 1354 1433 Boebeidis
1391 1385 1535 1433 undis

447 1475 722 1538 virgineum
756 1472 929 1534 Brimo·
959 1472 1289 1534 composuisse
1326 1471 1496 1523 femur.

112 1587 222 1647 ubi
264 1604 453 1666 quum
498 1583 674 1643 codd.
719 1580 1119 1643 Bobeidos
1179 1582 1534 1656 exhibeant,
1591 1583 1742 1647 fors,
1769 1572 1914 1645 tulit

114 1696 186 1747 ut
242 1684 456 1745 Critici
508 1702 634 1742 non
679 1683 904 1743 Bolbes
935 1682 1046 1743 sed
1089 1682 1327 1742 Boebes
1344 1680 1408 1764 [¹]
1454 1701 1680 1743 nomen
1722 1704 1911 1766 prae-

114 1787 377 1858 ferrent,
434 1783 514 1843 ad
569 1802 701 1843 rem
756 1785 968 1861 utique
1022 1782 1247 1860 aptius,
1346 1781 1468 1840 vix
1524 1784 1689 1842 enim
1734 1783 1915 1844 dubi-

116 1887 236 1947 tari
280 1894 486 1964 potest
527 1884 676 1962 quin
718 1882 963 1941 Brimus
1017 1881 1323 1942 vocabulo
1369 1879 1488 1941 dea
1531 1881 1914 1943 demonstre-

112 1995 214 2044 tur
266 1985 542 2044 Pheraea
596 1981 898 2042 Boebeidi
951 1983 1159 2042 vicina
1213 1980 1555 2061 eademque
1599 1983 1676 2042 ab
1720 1983 1912 2045 Athe-

111 2085 459 2157 niensibus,
519 2083 828 2158 Sicyoniis
886 2093 947 2142 et
1001 2081 1252 2159 Argivis
1308 2081 1502 2155 culta,
1560 2102 1743 2163 quam
1804 2087 1914 2146 alii

112 2185 547 2265 Proserpinam
590 2185 1092 2262 interpretantur,
1137 2182 1244 2240 alii
1286 2181 1563 2241 Hecaten
1609 2194 1717 2242 aut
1757 2185 1913 2244 Dia-

116 2303 279 2343 nam.
334 2303 395 2345 v.
454 2283 784 2364 Spanhem.
838 2280 919 2341 ad
975 2278 1125 2341 Call.
1171 2280 1253 2340 H.
1297 2282 1363 2340 in
1406 2282 1592 2345 Dian.
1638 2281 1911 2365 259.[¹¹¹].

117 2382 448 2464 Utriusque
506 2394 715 2444 autem
776 2382 929 2442 deae
985 2383 1119 2442 sive
1175 2383 1386 2461 potius
1445 2384 1577 2460 ejus
1619 2385 1910 2458 numiniS,

117 2484 285 2563 quod
352 2486 599 2564 utrique
665 2483 1052 2542 simillimum
1108 2481 1480 2555 habebatur,
1546 2483 1907 2562 religionem

115 2584 210 2644 his
263 2583 449 2658 locis,
501 2584 610 2644 ubi
652 2581 1035 2644 ‘Cabirorum
1094 2600 1267 2642 sacra
1322 2584 1656 2643 constituta
1714 2593 1908 2657 erant,

238 2779 304 2840 [1]
348 2782 435 2826 Pro
475 2783 739 2826 Phoebe-s
779 2781 911 2826 Ovid.
958 2781 1068 2824 Met.
1112 2780 1214 2824 VII.
1253 2779 1354 2825 231.
1412 2785 1625 2836 reponunt
1663 2779 1904 2835 Boebes,

122 2839 236 2895 quod
264 2841 376 2884 idem
404 2844 592 2885 fortasse
621 2855 772 2885 nomen
802 2846 869 2883 est
897 2841 974 2883 sed
1006 2838 1335 2883 Macedonicum
1374 2844 1424 2881 ut
1463 2841 1710 2895 Βίλιππος,
1756 2845 1822 2884 Be
1854 2854 1905 2883 ε-

123 2902 239 2953 rtum.
298 2904 495 2956 Φοιβαία
524 2903 662 2959 λίμνη
692 2900 749 2943 ad
777 2900 980 2957 templum
1009 2899 1178 2942 Dianae
1209 2898 1419 2940 Saroniae
1448 2896 1580 2940 Paus.
1610 2897 1666 2940 Π.
1706 2896 1777 2941 34.
1825 2856 1906 2941 {De

124 2956 206 2998 hoc
233 2955 405 3002 deorum
432 2960 665 3003 inferorum
697 2959 949 3003 commercio
979 2958 1122 3016 plures
1152 2957 1326 3001 fabulae
1351 2957 1581 3014 vulgatae3
1617 2971 1712 3000 cum
1741 2957 1903 3010 Daera‚

122 3028 249 3070 quam
278 3017 452 3060 eandem
481 3018 785 3076 Proserpinam
814 3022 992 3075 putant,
1027 3017 1270 3060 Mercurius
1303 3017 1512 3071 Cerycem
1542 3015 1786 3072 progenuit,
1818 3031 1903 3072 quo

123 3072 275 3129 Zoega
312 3074 366 3117 de
406 3076 592 3120 Obelisc.
631 3092 677 3135 p.
715 3076 816 3120 219.
858 3078 1002 3119 nescio
1045 3090 1152 3133 quas
1194 3076 1320 3117 lunae
1360 3075 1624 3118 defectiones
1665 3074 1903 3130 significari

126 3132 326 3188 conjicit3
365 3148 458 3177 cum
485 3135 654 3179 Hecate
682 3140 772 3179 tres
802 3135 914 3179 filias
943 3136 1089 3178 Schol.
1119 3135 1227 3190 Lyc.
1260 3133 1363 3176 680.
1406 3148 1501 3177 cum
1529 3134 1735 3176 Larunda
1763 3133 1903 3176 Lares

127 3188 258 3233 ovid.
287 3190 409 3235 Fast.
439 3193 500 3237 11.
530 3193 631 3239 613.

245 3277 332 3334 [Β]
387 3279 613 3325 Mulierem
641 3281 896 3326 taediferam
925 3281 977 3324 in
1000 3282 1137 3326 numis
1167 3281 1456 3323 Pheraeorum
1485 3278 1722 3322 Eckhelius
1752 3278 1905 3322 Doctr.

126 3335 182 3377 Τ.
214 3335 275 3382 ΙΙ.
307 3334 402 3379 147.
460 3338 660 3382 Cererem
697 3356 791 3384 esse
821 3346 969 3398 putat,
1007 3355 1118 3396 quae
1148 3340 1190 3380 in
1225 3339 1362 3381 vicino
1392 3339 1546 3381 Pheris
1586 3338 1718 3381 Dotio
1754 3351 1909 3381 conse-

128 3399 292 3437 cratum
325 3410 351 3438 a
380 3395 577 3452 Pelasgis
606 3397 741 3441 lucum
775 3400 941 3443 habuit.

196 3469 255 3519 ΙΙ.
1485 3471 1568 3529 28
