2150 3814
276 204 441 267 1226
853 214 1092 259 mann
1150 214 1514 260 TERTHJS.

267 351 476 411 leones
544 355 824 409 vectores
888 348 1118 408 tribuat
1187 364 1324 408 cum
1392 364 1638 409 summa
1689 347 2052 425 religionum

267 451 670 527 mysticarum
715 447 1175 528 praedicatione
1217 466 1278 510 v.
1322 464 1487 529 supr.
1532 448 1601 507 L.
1644 447 1720 506 II.
1763 446 1910 507 624.
1963 448 2055 508 Ac

268 548 695 611 Samothracia
749 564 991 629 quoque
1044 567 1219 607 sacra
1271 550 1398 608 ritu
1440 549 1710 609 fanatico
1753 546 2058 607 celebrata

266 669 400 710 esse
442 648 606 707 infra
650 648 972 708 ostendam
1016 646 1070 728 ξ.
1120 647 1216 708 16.
1305 647 1478 722 Quae
1513 647 1889 721 similitudo,
1933 649 2053 706 nisi
2148 671 2150 673 ·

265 749 482 822 fallor,
541 756 785 809 veteres
840 749 1166 808 historicos
1224 757 1286 806 et
1340 749 1603 808 forsitan
1644 752 1817 830 ipsos
1861 766 2058 808 sacer-

265 848 444 908 dotes
487 847 734 908 induxit
776 859 846 911 ut
888 849 1068 908 deam
1096 848 1609 922 Samothraciam,
1654 850 1826 926 cujus
1857 848 2055 910 cultus

265 949 343 1009 ab
397 949 620 1008 ultima
674 950 1039 1030 antiquitate
1094 959 1399 1023 retentus,
1462 950 1688 1008 notitia
1730 947 2059 1007 obscurata

265 1059 426 1124 erat,
482 1048 672 1110 modo
725 1050 960 1110 Rheam
1018 1049 1437 1130 appellarent,
1504 1048 1694 1110 modo
1755 1047 2056 1109 Cererem.

263 1150 406 1211 Huc
451 1149 780 1210 accedebat
837 1151 1249 1210 communitas
1291 1152 1564 1210 nominis
1609 1160 1671 1209 et
1713 1148 2058 1228 dignitati83

263 1269 528 1329 namque
588 1249 807 1311 ambae
862 1250 1016 1310 deae
1060 1269 1199 1310 cum
1242 1250 1485 1309 familia
1527 1269 1641 1310 sua
1683 1250 1870 1327 vulgo
1914 1249 2057 1311 θεοὶ

261 1349 520 1435 μεγάλοι
584 1348 996 1422 vocabantur,
1068 1348 1236 1428 quod
1307 1349 1386 1408 de
1445 1348 1669 1410 Cerere
1716 1349 2106 1428 Liberaque

260 1452 327 1509 in
379 1450 589 1530 priore
642 1445 974 1509 volumine·
1018 1450 1444 1508 confirmatum
1501 1458 1621 1525 est3
1692 1449 1770 1508 de
1827 1447 2059 1526 Cybele

262 1548 484 1610 sufficit
539 1548 644 1610 vel
706 1549 1005 1626 Polyaeni
1058 1548 1230 1608 locus
1287 1547 1418 1607 VII.
1476 1548 1533 1608 5.
1605 1549 1818 1620 Μίδας
1870 1573 2058 1633 προς-

260 1647 678 1731 ποιησάμενος
718 1650 965 1729 τελετὴν
1006 1656 1206 1714 ποιεῖν
1245 1657 1376 1720 τοῖς
1415 1649 1706 1737 μεγάλοις
1731 1654 1906 1720 θεοῖς
1947 1670 2056 1714 νυ-

262 1752 406 1821 κτὸς
450 1748 703 1836 ἐξήγαγε
745 1750 894 1820 τοὺς
926 1749 1190 1836 Φρύγας
1231 1754 1359 1832 μετ’
1407 1754 1620 1815 αὐλῶν
1661 1750 1768 1814 καὶ
1806 1747 2057 1832 τυμπά-

259 1878 392 1916 νων
437 1847 533 1931 [†].
635 1848 825 1928 Atqui
891 1868 1080 1929 supra
1145 1853 1770 1913 commemoravimus
1824 1848 2056 1909 'Lemni

261 1950 442 2010 deam
498 1948 822 2008 Thraciam
879 1948 994 2008 sub
1051 1953 1304 2010 nomine
1346 1951 1610 2029 Magnae
1651 1952 2055 2031 propitiatam

259 2070 394 2112 esse
450 2067 709 2127 eamque
766 2047 984 2109 doctos
1028 2048 1268 2109 Bendin
1310 2052 1706 2131 interpretari
1749 2058 1812 2110 et
1855 2047 2055 2127 Cybe-

258 2153 388 2226 len3
432 2147 601 2230 quod
643 2157 976 2228 utrumque
1032 2167 1261 2209 nomen
1319 2152 1508 2211 etiam
1553 2150 1780 2210 Veneri
1837 2149 2056 2210 tribui-

258 2263 375 2313 tur.
463 2248 814 2326 Hesychius
869 2248 1132 2333 Κυβήκη
1189 2251 1226 2331 ἡ
1281 2250 1482 2337 μήτηρ
1537 2261 1669 2317 τῶν
1721 2254 1899 2315 θεῶν
1950 2249 2056 2313 καὶ

258 2354 297 2433 ἡ
349 2350 700 2436 Ἀφροδίτη.
801 2349 1062 2433 Κυβήκη
1120 2351 1227 2414 καὶ
1276 2354 1527 2436 Θρηίκη,
1571 2352 1838 2427 Βὲνὸιν,
1881 2353 1941 2415 οἱ
1980 2348 2053 2417 δὲ
2122 2332 2126 2346 ⁸

244 2455 550 2537 ’ΆρτεμιΊΛ
636 2449 893 2510 photius
937 2469 984 2509 S.
1029 2450 1358 2535 Κύβηβος·
1403 2453 1649 2538 Χάρων
1688 2454 1721 2515 ὅ
1766 2456 2050 2535 Λαμψα-

258 2553 445 2634 κηνὸς
508 2551 625 2631 τὴν
684 2549 1057 2633 Ἀφροδίτην
1125 2552 1247 2614 ὑπὸ
1308 2558 1591 2638 Φρυγῶν
1646 2554 1753 2618 καὶ
1805 2553 2047 2616 Λυδῶν

258 2650 566 2737 Κυβήβην
610 2651 917 2737 λέγεσθαι.
1004 2649 1086 2708 Et
1127 2650 1312 2729 hujus
1355 2671 1602 2734 quoque
1645 2653 1799 2713 deae
1841 2655 1895 2712 si
1933 2654 2050 2714 mi—

259 2772 376 2814 nus
427 2755 496 2812 in
549 2750 754 2812 insula
811 2749 1072 2810 Thracia
1125 2760 1190 2810 at
1250 2763 1412 2813 certe
1455 2755 1522 2814 in
1566 2755 1915 2815 continente
1957 2773 2050 2812 re-

259 2855 582 2935 periuntur
661 2851 938 2929 vestigia.
1054 2850 1355 2914 Venerem
1423 2855 1818 2934 Zerynthiam
1887 2856 1927 2913 i.
1997 2873 2048 2912 e.

261 2955 587 3016 Thraciam
675 2952 773 3013 bis
855 2953 1136 3012 nominat
1219 2954 1551 3035 Lycophro
1632 2974 1691 3016 v.
1772 2954 1917 3014 449.
1984 2965 2050 3013 et
2149 2962 2150 2975 ²

260 3053 404 3115 958.
467 3056 645 3134 eique
686 3053 949 3114 fortasse
1001 3061 1246 3114 antrum
1290 3055 1690 3132 Zerynthium
1734 3073 2045 3117 consecra·
2148 3092 2150 3115 2

262 3164 395 3216 tum
465 3154 614 3229 fuit,
683 3153 849 3235 quod
919 3173 1105 3237 quum
1162 3155 1541 3218 Scholiastae
1596 3154 1785 3217 modo
1840 3156 2046 3217 Rheae

264 3372 274 3381 α
370 3311 466 3380 ·[†]
510 3310 725 3354 Arnobius
753 3310 812 3380 ΙΙ..
846 3311 914 3355 13.
959 3311 1141 3355 Mater
1168 3326 1388 3368 magna,
1421 3315 1584 3379 cujus
1623 3313 1885 3357 conditor
1913 3326 2040 3356 csse

264 3370 558 3413 indicatur
601 3369 681 3412 vel
722 3370 911 3414 M1das
952 3371 1044 3414 vel
1079 3370 1388 3416 Dardanus.
