2150 3814
804 193 1343 258 curulem·
1799 182 1922 242 949

130 325 519 409 Ἡράκλειτος
575 330 641 388 ἐκ
694 322 936 386 τούτων
995 323 1444 405 συνιστάμενος
1505 324 1650 392 τοὺς
1707 323 1926 408 λόγους

33 447 40 453 ·
137 422 263 489 ὧδέ
311 451 441 495 πως
496 420 757 510 γράφει,
816 431 1054 506 ψυχῇσι
1107 422 1392 493 θάνατος
1444 430 1565 507 γῆν
1606 424 1958 508 γενέσθαι,4

134 530 200 588 ἐκ
240 534 352 611 γῆς
394 524 463 586 δὲ
507 523 681 604 ὕδωρ
724 520 982 606 γίνεται,
1029 526 1091 594 ἐξ
1134 523 1363 594 ὕδατος
1407 521 1475 585 δὲ
1519 520 1722 605 ψυχή,
1767 540 1921 601 quae

131 643 316 705 quum
361 622 579 681 doctus
622 621 730 680 ille
771 622 1116 702 plagiorum
1158 623 1573 683 literatiorum
1597 620 1922 699 indagator

130 724 207 784 ab
255 722 503 802 Orpheo
548 722 763 781 furtim
807 721 889 782 ad
946 720 1330 783 Heraclitum
1389 723 1671 784 derivata
1722 729 1921 802 putat,

128 823 419 902 deceptus
476 832 572 882 est
615 841 654 881 a
695 822 974 883 falsariis·
1011 821 1324 903 Orphicis‚
1387 825 1490 901 qui
1546 822 1705 882 hanc
1747 823 1920 882 simi-

127 923 451 982 litudinem
519 919 834 982 induxere.
935 919 1223 982 Ceterum
1294 923 1503 982 Stoica
1557 923 1752 998 magis
1827 933 1919 981 est

128 1025 278 1084 haec
341 1022 671 1102 descriptio
732 1040 918 1101 quam.
958 1020 1330 1079 Heraclitea.
1373 1038 1432 1081 v.
1478 1021 1792 1096 Wyttenb.
1837 1021 1917 1079 ad

128 1124 283 1183 Plut.
339 1122 417 1182 de
471 1121 669 1193 Amic.
724 1121 900 1180 Mult.
957 1140 1019 1200 p.
1065 1119 1208 1180 663.
1268 1130 1330 1178 et
1383 1119 1914 1198 Schleiermacher.

125 1224 368 1301 Fragm.
410 1241 471 1302 p.
517 1220 660 1303 339.
706 1220 934 1280 Versus
976 1222 1150 1301 ipsos
1192 1218 1586 1279 Hermannus
1610 1222 1678 1280 in
1691 1219 1913 1300 Opusc.

127 1323 195 1383 Τ.
249 1324 326 1383 Π.
382 1341 442 1404 p.
499 1320 644 1381 244.
688 1322 1003 1402 praeclare
1050 1318 1438 1381 emendavit:

251 1456 438 1510 ’Έστιν
473 1454 613 1526 ὕδωρ
650 1459 822 1526 ψυχῇ,
861 1454 1007 1524 ψυχὴ
1044 1454 1103 1507 ‹5'
1142 1451 1416 1507 ὑδάτεσσιν
1450 1454 1658 1523 ἀμοιβή.

266 1543 320 1595 ἐκ
355 1540 414 1594 δ’
450 1540 642 1601 ’ὕδατος
675 1540 770 1607 μὲν
802 1548 959 1609 γαΐα,
998 1539 1057 1592 τὸ
1097 1539 1158 1592 ‹5'
1199 1540 1253 1592 ἐκ
1289 1541 1437 1609 γαίης
1472 1538 1624 1591 πάλιν
1658 1538 1814 1608 ὕδωρ.

268 1628 320 1679 ἐκ
356 1631 448 1679 τοῦ
483 1625 540 1678 δὲ
574 1623 719 1693 ’ψυχὴ
756 1622 880 1677 ὃὸὸν
916 1625 1127 1695 αἰθέρος
1163 1623 1512 1678 ἀλλάσσουσα.

294 1751 399 1809 ΠΙ.
447 1714 611 1837 ¹Ad
641 1747 916 1806 Platonis
975 1743 1122 1805 Crit.
1178 1768 1225 1805 c.
1283 1747 1342 1805 8.
1407 1746 1544 1806 189.
1589 1746 1912 1805 Fischerus

125 1852 299 1911 affert
339 1865 590 1910 versum
635 1847 983 1910 ἀδέσποτον

263 1981 356 2046 Εἷς
391 1978 518 2044 θεός
554 1981 689 2034 ἔστι·
728 1986 840 2054 θεῷ
877 1981 936 2034 δ’
974 1981 1029 2034 (ἐν
1066 1979 1336 2053 σύμφυτον
1373 1979 1610 2050 ἀλήθεια.

126 2127 308 2188 quem
361 2106 683 2165 Reinesius
742 2104 821 2164 ab
885 2104 1136 2183 Orpheo
1183 2103 1531 2178 conditum,
1577 2123 1616 2163 a
1658 2103 1912 2162 Platone

124 2208 386 2266 latenter
440 2204 870 2264 adumbratum
927 2222 1060 2263 esse
1118 2214 1374 2284 propter
1418 2202 1725 2285 quandam
1770 2222 1912 2264 ver-

127 2308 346 2367 borum
399 2303 868 2365 ‘similitudinem
924 2303 1368 2385 suspicabatur.
1476 2304 1711 2363 Verum·
1760 2303 1912 2362 haec

126 2404 465 2466 similitudo
519 2406 852 2485 perexigua
895 2424 967 2471 ac
1008 2423 1205 2484 prope
1247 2405 1421 2463 nulla
1465 2413 1577 2479 est,
1621 2423 1733 2463 nec
1774 2422 1910 2464 ver—

128 2526 233 2567 sus
275 2505 382 2564 ille
426 2505 679 2586 antiquo
723 2513 911 2585 poeta
954 2503 1195 2582 dignus.

290 2619 393 2679 IV.
491 2621 564 2679 In
618 2619 971 2680 Aristotelis
1040 2614 1593 2679 Oeconomicorlfm
1662 2617 1909 2698 supple-

125 2729 334 2781 mento
378 2720 571 2780 latino
614 2719 780 2801 quod
822 2719 1116 2780 Aretinus
1161 2718 1392 2792 edidit,
1436 2718 1585 2777 haec
1628 2718 1910 2796 leguntur

129 2841 188 2900 p.
232 2819 375 2881 386.
419 2819 494 2879 A.
539 2819 698 2881 Has
744 2819 842 2880 ob.
881 2838 1152 2880 causas
1195 2820 1566 2879 honorem
1611 2816 1907 2878 studio-

130 2921 295 2980 sius
351 2920 623 2983 habe'ri
675 2923 847 2984 viro
902 2930 1234 3001 parest,
1289 2937 1531 2997 neque
1577 2936 1743 2978 eum
1788 2917 1906 2978 de·-

133 3022 366 3100 spici‚
410 3023 507 3096 si,
549 3021 955 3103 pudicitia
996 3021 1248 3093 salva,
1294 3017 1519 3098 copia
1554 3036 1748 3099 quae
1791 3027 1906 3078 est

133 3119 542 3182 secundum
601 3122 908 3203 Orphea
974 3122 1212 3182 animi
1265 3119 1517 3195 magni
1570 3116 1904 3191 soboleS‚

136 3237 281 3279 non
323 3223 557 3284 etiam
592 3233 1141 3303 consequatu13
1184 3238 1340 3299 quae
1380 3217 1660 3280 Tusanus
1693 3236 1904 3297 graece

132 3319 430 3382 reddidit:
474 3323 556 3390 ἄν
592 3324 677 3406 μὴ
711 3325 839 3408 ἱερὴ
882 3322 1073 3394 αἰδώς
1108 3323 1299 3403 αὐτῷ,
1342 3320 1471 3383 κατ’
1501 3321 1756 3404 Ὀρφέα,
1797 3320 1900 3382 καὶ
