2150 3814
181 206 344 268 1140
737 220 973 264 menn
1020 217 1387 262 TERTIUS.

176 359 419 432 praeter
472 367 700 410 nomen
756 350 911 409 nihil
957 349 1085 408 fere
1129 356 1380 407 constat.
1466 347 1559 407 Ac
1599 364 1677 406 ne
1717 347 1955 407 inveni-

179 459 280 511 tur
336 449 584 530 quidem
641 447 797 508 illud
839 449 905 506 in
947 447 1385 509 vetustissimis
1428 464 1797 526 graecarum·
1825 445 1957 513 lite-

178 569 383 610 rarum
440 549 838 609 monimentis
897 545 1005 605 sed
1065 547 1375 621 omnium,
1433 549 1537 627 qui
1591 544 1780 606 hodie
1819 562 1960 603 nos-

181 659 428 721 cuntur,
489 650 727 728 primus
774 646 1057 726 Orpheus
1111 647 1179 704 in
1225 644 1580 725 Theogonia
1620 638 1965 720 introduxit

178 749 582 827 Proserpinae
637 747 964 819 satellites,
1021 755 1092 804 ut
1146 746 1438 806 Proculus
1480 747 1698 820 refert,
1750 746 1789 826 ἡ
1832 751 1963 807 τῶν

180 846 616 931 Κορυβάντων
671 846 842 919 τάξις
899 845 1464 929 συμπροβαίνουσα
1517 854 1592 927 τῇ
1646 843 1819 928 Κόρῃ
1860 842 1967 906 καὶ

179 954 550 1030 φρουροῦσα
608 948 805 1028 αὐτὴν
846 965 906 1007 v.
951 964 1117 1026 supr.
1172 964 1233 1026 p.
1279 943 1420 1005 546.
1479 947 1585 1025 qui
1636 953 1702 1004 et
1741 960 1968 1003 nomen

179 1046 323 1106 hinc
390 1056 592 1108 ortum
659 1057 870 1128 putat,
938 1045 1255 1123 vulgarem
1310 1047 1378 1105 in
1433 1045 1552 1105 hoc
1609 1044 1968 1126 opinionem

181 1156 496 1226 sequutus.
543 1146 798 1206 Servius
843 1144 925 1204 ad
968 1144 1121 1205 Aen.
1163 1146 1266 1205 ΙΠ.
1315 1145 1453 1205 lll.
1497 1162 1738 1206 aenea
1781 1160 1973 1220 cym-

183 1246 363 1307 bala
423 1244 1012 1323 Corybantibus
1072 1243 1288 1304 dedit
1342 1245 1682 1305 Iasionis
1736 1241 1972 1314 filiis,

185 1347 318 1426 qui
372 1348 718 1423 vagitum
763 1343 989 1406 Jovis
1035 1345 1529 1418 celaverunt,
1585 1362 1772 1425 quos
1816 1341 1975 1422 qui-

185 1442 354 1504 dam
426 1442 931 1521 Corybantas
999 1442 1258 1503 dictos
1326 1453 1611 1524 putant
1678 1443 1799 1505 οἷπὸ
1867 1449 1976 1520 τῆς

186 1543 423 1628 Κόρης,
493 1541 852 1621 Corybas
921 1544 1123 1601 enim
1195 1541 1708 1623 Proserpina,
1785 1559 1977 1620 quae

186 1643 358 1729 Κόρη
405 1643 735 1718 dicitur,
780 1645 956 1704 sine
1000 1653 1228 1724 patre
1270 1652 1518 1703 natus.
1606 1641 1822 1703 Paullo
1869 1641 1980 1699 ali-

189 1753 285 1804 ter
328 1746 537 1822 Etym.
581 1744 666 1803 M.
711 1743 1114 1828 Κορύβαντες
1160 1747 1218 1806 οἱ
1253 1744 1370 1825 τὴν
1402 1743 1615 1828 Κόρην
1657 1739 1981 1825 καταβάν-

188 1871 287 1914 τες
332 1846 673 1931 ἀναγαγεῖν
716 1845 823 1907 καὶ
863 1844 950 1926 μὴ
996 1844 1531 1927 ὑποστρέψαντες,
1589 1845 1761 1922 cujus
1804 1841 1982 1901 fabu-

189 1944 288 2003 lae
332 1944 736 2004 fundamenta
778 1944 988 2003 latent.
1075 1942 1269 2004 Nobis
1327 1943 1678 2004 credibilius
1735 1941 1984 2004 videtur

190 2062 419 2103 nomen
465 2042 889 2121 Corybantum
933 2044 1062 2102 illic
1103 2051 1322 2102 natum
1366 2061 1499 2102 esse
1514 2041 1591 2124 [÷]
1640 2042 1747 2103 ubi
1793 2038 1983 2119 Cory—

191 2143 450 2202 bantion
508 2153 570 2202 et
625 2141 961 2221 Corybissa
1002 2144 1150 2216 fuit,
1210 2144 1276 2201 in
1323 2142 1598 2216 Troade,
1643 2161 1800 2224 quae
1842 2141 1985 2201 reli-

186 2244 440 2320 gionum
496 2243 901 2323 Phrygiarum
960 2245 1215 2325 propria
1267 2242 1474 2318 sedes3
1543 2242 1986 2321 etymologiam

196 2353 400 2403 tamen
442 2345 657 2418 istam,
718 2354 860 2405 utut
914 2346 1136 2405 salsam
1194 2343 1586 2423 similemque
1638 2343 1795 2417 illis,
1854 2343 1986 2422 qui-

195 2442 310 2502 bus
351 2442 655 2503 vocabula
697 2445 1006 2518 Amanus,
1050 2444 1391 2521 Atergatis,
1434 2443 1756 2503 Adiabene
1793 2441 1988 2522 expli·
2071 2436 2076 2503 Ῐ

197 2551 447 2615 cantur,
519 2561 644 2602 non
702 2545 837 2604 sola
893 2545 1030 2603 soni
1087 2542 1495 2602 similitudine
1552 2542 1665 2604 sed
1724 2541 1987 2622 quadam

196 2642 458 2703 Liberae
502 2662 640 2702 cum
689 2641 1145 2721 Corybantibus
1190 2645 1485 2703 societate
1528 2645 1675 2717 niti,
1732 2661 1808 2701 ex
1850 2642 1990 2701 aliis

200 2868 394 2911 deflectit
416 2873 576 2927 γένους
595 2869 644 2914 δὲ
676 2861 799 2915 οὗτοι
824 2869 1007 2915 ἀλλοίου
1038 2872 1115 2913 καὶ
1139 2871 1182 2914 οἱ
1202 2867 1442 2929 Κούρητες,
1476 2871 1628 2912 alius
1661 2875 1791 2911 sunt
1823 2881 1987 2923 gene-

200 2928 285 2969 ris
326 2927 694 2984 Corybantes
736 2935 907 2985 atque
953 2929 1208 2971 Curetes.
1270 2929 1359 2971 Sed
1398 2943 1453 2971 ex
1483 2929 1579 2971 aliis
1608 2926 1853 2970 Pausaniae
1881 2925 1990 2968 locis

203 3000 286 3028 non
318 2992 501 3042 apparet
531 3001 626 3029 eum
657 2987 930 3044 Corybantes
961 3002 987 3030 a
1018 2988 1251 3029 Curetibus
1281 2988 1475 3030 diversos
1516 2994 1694 3043 putasse
1733 2990 1778 3028 et
1818 2985 1856 3027 si
1898 2984 1990 3026 Cu-

201 3049 318 3085 retes
358 3050 404 3086 et
445 3045 742 3101 Corybantes,
783 3054 833 3088 ut
870 3046 1002 3102 vulgo
1044 3046 1345 3102 comprehendi
1387 3046 1547 3097 solent,
1590 3047 1655 3087 ita
1695 3044 1739 3086 in
1779 3044 1855 3086 illa
1892 3043 1988 3084 basi

194 3102 420 3157 conjuncti
458 3105 604 3157 fuere,
644 3105 750 3147 nihil
779 3105 988 3148 intererat
1026 3111 1124 3159 utro
1164 3104 1258 3147 loco
1288 3105 1395 3147 illud
1427 3105 1697 3159 admoneret,
1739 3102 1855 3159 quod
1893 3101 1991 3144 vul-

202 3166 310 3216 gata
338 3159 468 3202 lectio
500 3162 732 3216 significat,
763 3164 889 3206 unius
918 3177 1062 3206 eorum
1094 3163 1326 3218 (Curetum
1355 3162 1425 3205 vel
1457 3162 1776 3219 Corybantum)
1807 3161 1991 3218 figuram

203 3230 297 3261 non·
319 3233 414 3260 esse
445 3219 619 3263 Curetis
658 3221 728 3264 vel
761 3222 1027 3278 Corybantis
1067 3222 1168 3276 (sed
1209 3222 1320 3264 alius
1361 3221 1544 3264 ministri
1581 3220 1799 3272 Cerealis,
1840 3218 1990 3262 Jacchi

203 3283 280 3320 aut
309 3277 494 3320 Iasionis
526 3287 602 3322 aut
632 3281 764 3337 Anyti
797 3282 905 3336 etc.)

323 3349 405 3404 [†]
455 3350 554 3409 Quo
586 3356 777 3409 tempore
806 3354 953 3409 lingua
986 3353 1187 3395 hebraica
1228 3353 1408 3396 omnium
1449 3353 1744 3408 antiquissima
1786 3350 1987 3400 credeba-
