2150 3814
237 226 400 289 1040
783 213 1006 286 121ss*ssss
1052 242 1457 289 SECUNDUS.

372 373 540 423 Dicat:
581 374 641 420 da
676 369 810 432 mihi,
845 374 937 431 vir,
975 373 1185 420 calendis
1222 390 1373 422 meam
1411 375 1538 438 quod
1572 382 1771 424 matrem
1800 380 2005 440 Juveritg

373 462 433 508 da
469 460 550 522 qui
585 459 752 518 farcit,
790 458 850 504 da
885 459 966 520 qui
1002 459 1190 518 condit,
1237 459 1298 507 da
1328 461 1455 524 quod
1491 461 1598 507 dem
1635 462 2009 525 Quinquatribus

373 545 775 608 praecantatrici‚
811 546 1119 606 conjectrici‚
1156 543 1369 593 hariolae
1409 554 1550 609 atque
1585 545 1896 610 haruspicae3

371 640 472 678 tum
507 631 757 692 piatricem
796 631 1055 676 clementer
1089 644 1189 676 non
1225 638 1385 692 potest
1421 634 1537 695 quin
1564 649 1822 685 munerem.

229 758 405 820 Haec
457 733 720 817 fortasse
776 775 860 816 ex
915 758 1115 835 graeci
1177 756 1498 835 cujusdam
1541 771 1761 840 poetae
1805 760 2015 820 fabula

229 876 553 930 conversa,
637 866 798 917 certe
877 857 1250 918 Graecorum
1321 855 1711 920 Comicorum
1776 861 2015 920 facetiis

226 958 571 1041 persimilia
623 967 792 1033 sunt3
851 958 1029 1038 quale
1084 968 1179 1018 est
1231 957 1388 1018 illud
1453 959 1806 1040 Epicharmi
1862 960 2015 1019 Poll.

226 1060 337 1122 IX.
381 1061 484 1121 82.

910 1170 1072 1242 ὥςπερ
1112 1171 1166 1222 αἳ
1201 1173 1420 1243 πονηραὶ
1454 1170 1679 1241 μάντιες,

373 1257 481 1311 αἵθ’
519 1254 858 1325 ὓπονέμονται
892 1265 1134 1327 γυναῖκας
1168 1254 1375 1326 μωράς,
1416 1257 1471 1308 αἱ
1505 1258 1599 1325 μὲν
1635 1257 1839 1326 οὗγκιάν

373 1343 646 1412 ἀργυρίου,
683 1343 769 1393 ταὶ
806 1341 851 1394 δ’
889 1338 1179 1412 ἡμίλιτρον,
1218 1343 1304 1395 ταὶ
1341 1342 1397 1394 δὲ
1433 1343 1610 1413 λίτραν
1646 1341 1927 1411 δεχόμεναι,

370 1429 456 1479 καὶ
489 1424 556 1479 τὰ
591 1423 761 1478 πάντα
795 1423 1166 1494 γινώσκοντιΰ]

228 1528 339 1591 sed
382 1527 603 1588 eadem
646 1527 776 1586 fere
819 1522 1067 1606 que'stus
1111 1536 1205 1586 est
1248 1527 1708 1609 Theophrastus
1751 1531 1827 1588 in.
1860 1528 2018 1588 libro

229 1631 368 1715 περὶ
409 1627 638 1716 γάμου,
686 1628 859 1706 cujus
903 1627 1096 1688 verba
1139 1631 1434 1709 apposuit
1476 1627 1788 1689 Johannes
1819 1630 2017 1690 Saris-

229 1731 527 1791 beriensis
581 1731 649 1789 in
702 1729 940 1804 Polycr.
997 1726 1158 1787 VIII.
1216 1729 1274 1788 9.
1331 1726 1473 1788 587.
1531 1728 1841 1790 domina
1895 1750 2019 1792 vo-

233 1830 476 1892 canda
514 1839 660 1905 est,
705 1827 1224 1890 celebrandus
1265 1829 1431 1906 ejus
1466 1831 1865 1891 natalis—
1898 1831 2019 1891 ho-

229 1930 586 1992 noranda
639 1930 906 1989 nutrix
962 1939 1039 1988 et
1094 1929 1393 2007 gerula,
1450 1948 1726 1992 servus
1770 1943 2017 2013 pater-

230 2051 370 2092 nus
404 2033 476 2112 [⁰]
550 2041 626 2090 et
692 2030 1047 2090 alumnus
1121 2039 1194 2088 et
1261 2029 1653 2091 formosus
1711 2033 2018 2094 assecla

231 2143 307 2192 et
360 2140 830 2213 procurator
889 2129 1483 2189 calamistratus
1512 2127 1584 2210 [ἃ]
1642 2142 1716 2190 et
1771 2132 2015 2213 spado

233 2270 318 2278 -
363 2250 555 2291 anus
612 2240 687 2291 et
740 2230 1139 2309 aruspices
1167 2229 1241 2309 [θ]
1291 2239 1363 2289 et
1405 2231 1761 2291 hariolos
1806 2234 1874 2293 si
1915 2235 2019 2293 in-

231 2334 706 2405 tromiseris,
803 2331 1235 2412 periculum
1337 2330 1782 2410 pudicitiae
1870 2343 2018 2408 est,

229 2452 411 2513 quem
466 2432 671 2493 locum
725 2433 832 2493 ille
882 2450 1009 2490 non
1064 2450 1102 2490 a
1159 2430 1588 2510 Theophrasto
1632 2436 1866 2514 accepit
1908 2435 2020 2494 sed

230 2532 309 2592 ab
365 2531 754 2606 Hieronymo
812 2550 860 2590 c.
917 2527 1124 2590 Jovin.
1181 2529 1250 2588 L.
1305 2529 1351 2588 I.
1406 2550 1467 2610 p.
1518 2531 1656 2592 189.
1713 2532 1806 2593 ed.
1850 2534 2018 2595 Mar-

228 2635 378 2693 tian.
462 2632 554 2692 Ac
607 2629 841 2688 Romae
898 2622 1138 2708 quoque
1190 2630 1343 2709 ipsis
1388 2630 1590 2691 Plauti
1633 2635 2018 2714 temporibus

354 2816 427 2875 [b]
473 2832 514 2860 v.
544 2814 730 2871 Bentlej.
762 2814 923 2871 Opusc.
953 2829 998 2872 p.
1029 2812 1131 2860 414.
1195 2815 1380 2871 Grysar.
1412 2816 1467 2858 de
1495 2816 1743 2874 Epicharm.
1773 2833 1816 2876 p.
1839 2819 1939 2862 265.

355 2891 427 2948 [c]
475 2891 761 2945 Hieronymus
790 2887 1078 2944 patrinus3
1119 2888 1314 2932 denotari
1345 2889 1518 2932 videtur
1545 2905 1696 2934 servus
1726 2891 1898 2935 dotalis.

354 2965 428 3022 [d]
472 2964 540 3007 De
569 2965 754 3006 formoso
783 2967 1088 3018 procuratore,
1130 2962 1204 3017 qui
1232 2962 1277 3004 in
1318 2962 1521 3005 adulterii
1561 2963 1843 3020 suspicionem
1883 2981 2016 3012 vene,-

221 2995 333 3078 -mt’
373 3023 519 3080 agitur
546 3022 591 3064 in
622 3022 775 3064 Senec.
807 3020 1013 3064 Controv.
1041 3019 1122 3062 III.
1153 3019 1224 3063 ΞΟ.
1255 3035 1299 3078 p.
1327 3021 1425 3063 144.
1457 3022 1523 3063 ed.
1554 3023 1720 3065 Schott.
1750 3025 1865 3068 Nec
1894 3040 2014 3082 pro·
2107 3022 2111 3027 “

239 3089 476 3127 curator
516 3080 961 3124 calamistratus
1004 3093 1105 3120 nec
1147 3079 1429 3122 formosus
1472 3081 1869 3126 collactaneus
1911 3099 2014 3127 nec

237 3140 594 3185 rubicundus
645 3143 700 3181 et
749 3137 1021 3181 candidus
1072 3138 1296 3182 assecla
1334 3138 1512 3180 lateri
1552 3145 1654 3183 tuo
1700 3143 2015 3187 adhaereat

238 3200 418 3244 Hieron.
458 3199 543 3256 Ep.
583 3197 762 3241 XLVII.
803 3197 861 3239 ad
901 3195 1078 3239 Furiam
1116 3210 1159 3252 p.
1203 3195 1301 3240 559.
1343 3197 1401 3239 T.
1438 3196 1512 3240 IV.
1560 3198 2014 3256 Crispulus'ille

238 3259 371 3317 quis
414 3264 526 3309 est,
566 3258 661 3313 qui
702 3255 866 3299 uxori
909 3260 1040 3298 tuae
1076 3269 1295 3312 semper
1336 3256 1648 3299 adhaeret?
1687 3261 1891 3303 uxoris
1919 3274 2028 3311 res,

237 3318 360 3375 agit
388 3315 580 3359 Martial.
610 3316 664 3358 V.
695 3314 766 3358 62.
793 3314 840 3357 id
869 3317 936 3357 est
962 3318 1232 3372 procurator.

357 3396 429 3453 [e]
476 3396 572 3439 Hoc
603 3410 655 3439 ex
685 3394 948 3451 Hieronymo
986 3393 1270 3452 reponendum
1309 3408 1387 3453 pro
1419 3394 1629 3439 aurifices.
