2184 3840
785 218 1235 262 ORPHICA.
1773 214 1898 274 879

124 351 223 409 67.
297 350 360 410 C.
423 359 482 408 et
534 348 839 408 Barkerus
900 346 980 405 ad
1039 347 1244 423 Etym.
1302 369 1359 428 p.
1426 350 1601 411 1098.
1660 353 1895 428 docent,

124 461 360 510 acetum
389 449 523 507 -illo
581 449 826 506 nomine
880 446 1110 506 dictum
1169 459 1286 521 est,
1344 461 1633 530 tanquam
1691 456 1898 513 condi-

122 560 394 609 mentum
476 548 748 607 ciborum
765 591 782 620 ‚
868 550 1025 607 sicut
1091 549 1250 607 sales
1316 550 1651 631 ἡδευντῆρες
1715 553 1896 613 Hort-

119 649 316 709 Adon.
365 669 426 729 p.
473 649 614 708 239.
660 646 804 730 a.[¹’]
852 657 1230 726 unguentum>
1269 649 1511 720 minos.-
1549 650 1671 710 Sed
1716 654 1896 712 istius

118 751 491 822 calumniae,
547 760 619 809 ut
671 751 761 808 ita
815 749 1047 821 dicam,
1100 750 1452 828 religiosae,
1497 753 1629 813 sive
1674 757 1897 812 mutati

115 860 369 930 propter.
424 869 598 910 sacra
654 852 923 910 nominis
979 850 1330 910 Macrobius
1385 852 1641 929 praebet
1696 873 1897 913 exem-·

114 951 286 1029 plum
347 969 386 1009 a
440 951 764 1010 Plutarcho
822 959 1092 1008 sumtum
1154 950 1282 1007 Sat.
1338 950 1383 1006 Ι.
1449 951 1541 1008 12.
1600 953 1740 1011 268.
1787 954 1895 1013 ubi

116 1062 326 1110 narrat
379 1054 444 1110 in
501 1051 798 1129 templum
855 1049 1066 1107 Bonae
1106 1048 1260 1107 deae
1307 1050 1532 1108 vinum*
1564 1069 1710 1109 non
1754 1071 1893 1110 suo

118 1153 421 1210 nomine
474 1150 684 1208 inferri
744 1149 823 1207 ob
882 1157 1155 1208 veterem
1213 1149 1540 1221 offensam,
1596 1149 1704 1209 sed
1759 1170 1892 1224 vae„

115 1256 178 1310 in
235 1269 354 1330 quo
409 1249 677 1309 inditum
735 1251 847 1322 sit,
899 1249 1335 1308 mellarium
1394 1252 1777 1310 nominari
1821 1262 1894 1310 et

114 1355 375 1412 vinum
435 1352 552 1410 lac
603 1352 1049 1430 nuncupari.
1144 1348 1271 1409 Nec
1325 1350 1441 1408 hoc
1494 1350 1696 1410 solum
1754 1369 1892 1411 cau-

111 1462 240 1511 tum
284 1454 350 1510 in
393 1451 743 1511 nominibus
788 1468 1098 1510 sacrorum
1140 1448 1249 1508 sed
1296 1451 1482 1509 etiam
1525 1470 1746 1529 magna
1789 1451 1894 1511 de—

112 1555 266 1612 coris
322 1564 383 1611 et
437 1552 753 1631 dignitatis
795 1553 955 1637 ratio
998 1549 1209 1610 habita
1253 1559 1359 1608 est.
1447 1550 1892 1630 Harpocratio:
1991 1556 1997 1557 ⁷

115 1653 392 1733 Νεήλατα
419 1691 501 1699 -
525 1656 776 1735 ἄλφιτα,
822 1654 862 1715 ἃ
907 1653 985 1730 δὴ
1028 1652 1222 1731 μέλιτι
1265 1650 1674 1722 ἀναδεύοντες
1698 1657 1897 1721 ἄστα-,

114 1755 303 1838 φίδας
344 1780 408 1816 τε
453 1751 824 1835 ἐμβαλόντες
865 1758 993 1821 τοῖς
1034 1751 1113 1812 τὰ
1157 1750 1287 1830 ἱερὰ
1331 1757 1614 1813 τελοῦσιν
1650 1755 1888 1833 ἕνεὲιιον,

112 1854 370 1918 ἐκάλουν
411 1854 479 1916 δὲ
526 1854 687 1916 αὐτοὶ
729 1853 843 1932 τὴν
885 1851 1002 1934 μὲν
1037 1849 1436 1933 Ἀμβροσίαν,
1480 1851 1594 1929 τὴν
1637 1851 1707 1914 δὲ
1734 1860 1890 1915 Μα-

111 1957 366 2038 καρίαν,
426 1952 592 2034 quod
635 1955 862 2012 nomen
918 1953 1103 2011 etiam
1159 1969 1320 2010 nunc
1364 1950 1545 2010 durat
1586 1953 1652 2011 in
1699 1952 1890 2011 Grae-

109 2075 317 2116 corum
376 2057 694 2136 exsequiis
750 2073 810 2115 v.
868 2050 1005 2112 Cor.
1062 2051 1141 2110 ad
1200 2051 1447 2111 Heliod.
1489 2071 1548 2131 p.
1593 2051 1694 2112 75.
1738 2053 1889 2113 Am-

109 2158 378 2230 brosiae‚
433 2156 542 2216 sed
599 2173 726 2214 non
781 2152 997 2212 eodem
1055 2151 1279 2224 modo,
1324 2154 1698 2212 mentionem
1741 2154 1890 2212 facit

111 2256 444 2316 Anticlides
501 2258 564 2314 in
618 2254 977 2331 Exegetico‚
1031 2250 1108 2310 de
1150 2249 1326 2311 Jovis
1370 2252 1703 2311 Penetralis
1749 2272 1888 2312 con-

111 2358 447 2416 secratione
504 2374 687 2433 agens
731 2372 828 2432 ap.
871 2352 1090 2412 Athen.
1137 2352 1243 2411 XI.
1289 2352 1431 2411 473.
1480 2349 1544 2411 C.
1592 2352 1664 2411 cf.
1710 2354 1883 2413 Eust.

108 2456 249 2516 976.
304 2456 361 2515 3.
420 2466 481 2514 et
524 2453 750 2514 Anecd.
794 2452 983 2511 Bekk.
1028 2472 1088 2531 p.
1133 2453 1276 2511 222.
1319 2454 1424 2531 qui
1467 2453 1729 2511 alterum
1773 2454 1887 2513 hu-

99 2556 202 2633 jus
261 2554 867 2616 transnominationis
911 2554 1258 2633 exemplum
1302 2553 1480 2612 nobis
1524 2553 1887 2633 suppeditat

107 2675 166 2735 p.
238 2657 378 2716 311.
439 2655 658 2741 Ὑγέεια
711 2652 938 2736 μάζιον
994 2654 1376 2735 ψαιστιῦδες,
1434 2655 1581 2737 ὅπερ
1639 2654 1879 2717 ἐδίδοτο

106 2764 232 2827 τοῖς
291 2753 639 2839 θυομένοις.
698 2753 964 2815 Joannes
1019 2754 1232 2832 Lydus
1292 2753 1394 2813 IV.
1438 2773 1498 2833 p.
1545 2753 1644 2813 59.
1683 2756 1882 2816 Ἐλπι-

107 2857 319 2928 διανός
363 2862 429 2921 ἐν
471 2865 560 2941 τῷ
602 2857 748 2940 περῖ
781 2859 1014 2940 ἑορτῶν
1059 2854 1331 2940 στρήναν
1374 2855 1489 2933 τὴν
1530 2854 1771 2938 ὑγίειαν
1801 2862 1875 2934 τᾷ

108 2958 438 3039 Σαβίνων
478 2965 656 3042 φωνῇ
726 2957 1016 3043 λέγεσθαί
1083 2978 1250 3040 φησι.
1365 2953 1489 3014 Sed
1558 2964 1879 3015 occurrunt

107 3056 299 3134 plura.
342 3057 717 3135 Hesychius:
770 3058 1115 3140 Θευμορία,
1162 3057 1406 3137 ἀπαρχὴ
1417 3102 1437 3129 ,
1483 3055 1712 3128 θυσία,
1756 3055 1795 3135 ἢ
1838 3057 1874 3118 ὃ

110 3155 536 3239 λαμβάνουσιν
591 3161 765 3243 ἱερεῖς
817 3161 1024 3243 κρέας,
1096 3157 1344 3221 ἐπειδὰν
1396 3154 1664 3235 θύηται,
1722 3173 1872 3235 quas

149 3365 158 3378 Ι
191 3309 302 3410 Ost]
346 3313 441 3356 Huc
480 3329 648 3372 quoque
687 3317 872 3371 pertinet
902 3316 1110 3371 Hesychii
1150 3315 1317 3371 glossa:
1378 3309 1536 3371 Σωτήρ
1579 3310 1601 3355 ὁ
1645 3313 1724 3356 τοῦ
1767 3310 1871 3360 &mg

101 3383 189 3423 χον
221 3384 308 3426 ρος.
