2150 3814
223 238 385 299 1010
790 245 1026 290 mann
1068 243 1495 289 SECUNDUS.

219 387 500 457 „caveret
527 379 639 457 [⁶].
711 375 965 434 Pro'rsus
1022 374 1184 432 enim
1241 373 1540 432 assentior
1594 371 1988 444 Buttmanno,

220 480 427 555 „nulla
459 477 606 535 dum
647 471 974 553 Eupolidis
1018 480 1216 553 aetate
1242 468 1517 548 Cotyttia
1549 470 1626 531 ab
1660 471 1991 530 Athenien-

223 581 430 655 „sibus
472 583 732 654 recepta.
760 572 950 632 fuisse
994 572 1300 630 statuenti.
1387 571 1704 652 Sequitur,
1746 578 1820 630 ut
1861 571 1992 649 qui-

223 679 376 752 „bus
421 672 620 733 causis
663 682 978 751 permotus
1016 670 1276 749 Eupolis
1319 671 1589 732 fabulam
1623 689 1797 732 suam
1831 669 1993 749 Bap-

220 787 461 850 „tarum
502 773 755 831 nomine
794 771 1207 850 inscripserit,
1252 769 1678 831 doceamus·
1766 770 1994 829 Gesne-

222 893 364 949 „rus
409 872 489 933 ad
528 872 778 931 'Luciam
821 870 1053 951 Baptas
1095 869 1346 929 solenne
1388 867 1674 946 Cotyttus
1717 867 1995 930 sacerdo-

225 985 395 1047 „tum
437 990 660 1031 nomen
704 972 914 1043 fuisse,
957 973 1023 1030 in
1065 987 1184 1049 quo
1229 970 1648 1048 acquiescebat
1692 969 1840 1028 olim
1875 967 1997 1026 Lo-

221 1074 510 1147 „beckius
566 1072 643 1131 de
694 1071 778 1129 M.
832 1070 900 1130 B.
952 1071 1159 1149 ipsum
1201 1069 1580 1130 Alcibiadem
1625 1071 1730 1130 isti
1770 1068 1998 1149 Bapta-

222 1191 397 1245 „rum
470 1172 721 1248 collegio
780 1169 1158 1250 adscriptum
1209 1169 1401 1228 fuisse
1456 1170 1828 1229 existimans,
1913 1166 2000 1227 At

223 1274 600 1352 „Baptarum
654 1287 879 1328 nomen
935 1287 1120 1347 quum
1176 1281 1252 1327 ex
1305 1268 1476 1327 nullo
1526 1262 1827 1349 scriptore
1878 1267 2001 1325 nisi

223 1391 340 1445 „ex
407 1367 790 1449 Eupolideae
859 1367 1104 1426 fabulae
1159 1367 1355 1444 elogio
1417 1369 1723 1445 cognitum
1777 1365 2002 1426 habea-

223 1487 432 1550 „muS,
507 1476 736 1526 certum
801 1463 1114 1544 quoddam
1184 1473 1246 1523 et
1301 1467 1608 1544 peculiare
1663 1467 2000 1546 Baptarum

224 1567 585 1644 „collegium
651 1565 841 1624 fuisse
908 1564 1161 1643 probari
1224 1582 1348 1622 non
1404 1573 1642 1645 potest,
1710 1564 1779 1625 id
1833 1563 2000 1645 quod

226 1675 555 1743 „monente
625 1665 877 1726 Struvio
949 1663 1204 1727 Observ.
1258 1665 1434 1726 Fasc.
1489 1665 1654 1726 XIII.
1712 1662 1808 1725 15.
1865 1683 2002 1724 eam

226 1785 507 1847 „quoque
551 1764 628 1823 ob
674 1782 920 1823 causam
963 1782 1089 1823 non
1130 1764 1451 1845 probabile
1495 1776 1604 1839 est,
1649 1764 1813 1845 quod
1858 1762 2002 1824 Cot-

226 1866 452 1943 „tyttia
495 1884 533 1924 a
575 1862 722 1922 solis
765 1864 1011 1922 feminis
1055 1865 1529 1944 peragebantur,
1583 1883 1779 1944 neque
1820 1866 2005 1942 igitur

230 1985 308 2040 „a
328 1963 480 2026 viris
508 1962 927 2023 sacerdotibus
966 1962 1381 2023 administrari
1405 1973 1752 2044 potuerunt.
1798 1961 2004 2035 Quan-

232 2083 457 2145 „quam
512 2061 580 2122 id
635 2083 669 2120 e
722 2063 948 2141 Papiae
1010 2067 1404 2123 annotatione
1447 2083 1544 2144 ap.
1588 2064 2006 2123 Burmannum

232 2163 455 2238 „Anth.
498 2161 569 2226 Τ.
613 2162 658 2220 Ι.
681 2161 826 2220 433.
870 2161 1074 2239 colligi
1116 2164 1225 2223 vix
1266 2172 1490 2241 potest,
1533 2181 1715 2242 quam
1747 2181 1780 2219 e
1803 2161 2007 2220 Schol.

232 2262 489 2337 „Juven.
531 2261 803 2340 ipsisque
843 2258 1162 2322 Juvenalis
1205 2261 1484 2324 versibus
1525 2262 1811 2342 imperite
1845 2278 2005 2320 com-

231 2363 526 2442 „pilatam
571 2379 723 2434 esse,
765 2370 927 2420 recte
969 2364 1210 2422 monuit
1250 2363 1714 2422 ButtmannuS.“
1767 2361 2006 2420 Postre-

232 2478 338 2518 mo
406 2459 677 2538 Eupolin
755 2481 886 2519 rem
969 2463 1057 2519 ita
1124 2464 1463 2521 instituisse
1529 2462 1870 2533 existimat,
1936 2469 2007 2518 ut

236 2557 535 2639 quosdam
615 2562 788 2638 quasi
861 2563 1167 2620 antistites
1250 2559 1663 2638 Cotyttiorum
1696 2608 1699 2610 v
1738 2562 2008 2638 fingeret,

236 2663 340 2737 qui
381 2659 540 2716 inter
581 2660 788 2719 varias
833 2662 1194 2719 cerimonias
1249 2663 1435 2720 etiam
1478 2663 1719 2721 sacris
1762 2669 2008 2720 uteren-

239 2766 338 2815 tur
380 2757 452 2815 lo
465 2758 578 2816 tio
592 2758 719 2816 nib
735 2778 773 2817 u
788 2778 837 2837 s,
879 2761 1072 2839 iisque
1114 2762 1319 2839 ipsum
1361 2760 1744 2821 Alcibiadem
1785 2761 2012 2820 lustra--

239 2864 377 2914 rent
431 2867 493 2915 et
544 2868 790 2936 peracta
844 2860 1162 2918 initiorum
1208 2863 1540 2922 cerimonia
1582 2862 1752 2920 omni
1793 2861 2006 2939 nequi-

239 2956 365 3013 tiae
419 2975 633 3033 genere
698 2977 764 3017 se
815 2950 1215 3038 inquinarent.
1328 2962 1426 3020 De
1480 2962 1595 3020 hoc
1648 2960 1832 3038 igitur
1888 2960 2005 3018 erit

241 3053 394 3113 mihi
471 3055 608 3117 cum
685 3059 822 3118 viro
888 3062 1413 3138 praestantissimo
1485 3079 1792 3141 perparva
1863 3077 2004 3119 con-

245 3155 490 3213 tentio.⁴

360 3308 422 3365 [⁶]
466 3309 588 3354 Haec
611 3312 699 3366 jam
729 3326 812 3355 non
842 3315 1084 3369 conjectura
1114 3322 1179 3358 est
1206 3318 1282 3359 sed
1312 3317 1533 3371 divinatio,
1564 3331 1668 3361 vera
1698 3317 1882 3359 fortasse
1911 3312 2003 3363 sed,

243 3371 292 3409 ut
317 3367 507 3410 breviter
534 3369 694 3421 dicam,
734 3371 1130 3416 indemonstrabilis.

2144 3622 2150 3788 ι
