2150 3814
789 205 1243 250 ostruch.
1783 201 1909 262 947

123 339 260 399 culo
330 338 682 416 conjunctos
750 335 970 408 fuisse,
1001 374 1006 377 -
1056 335 1303 415 publica
1371 338 1519 396 olim
1585 346 1905 417 persuasio

121 438 268 513 fuit3
326 456 508 519 quam
563 437 668 517 qui
725 436 974 515 sequuti
1017 444 1191 510 sunt,
1248 435 1436 496 modo
1492 441 1746 519 propria
1789 441 1907 519 Py—

119 538 571 615 thagoricorum
604 537 878 607 ,inventa
935 555 970 595 e
1013 534 1334 596 barbarica
1375 537 1772 619 philosophia
1813 562 1907 601 re-

117 638 509 718 petiverunt,
554 633 742 695 modo
787 637 1253 716 superstitiones
1299 646 1362 696 et
1404 637 1645 698 fabulas
1693 635 1906 701 Orien-

119 737 335 796 talium
389 739 661 814 gentium
718 738 1073 814 graecanica
1124 737 1466 797 subtilitate
1519 741 1906 819 interpretati
1942 794 1945 797 ,

115 845 290 910 sunt,
333 836 566 898 scalam
609 836 1001 899 Mithriacam
1043 847 1106 897 et
1150 837 1430 898 ordinem
1475 837 1716 900 dierum
1759 841 1904 901 heb-

117 935 549 999 domadarium
634 936 717 998 ad
802 937 1190 997 harmonicas
1277 947 1641 999 revocantes
1717 943 1904 1001 ratio-

114 1055 263 1112 nes,
351 1047 414 1097 et
496 1055 708 1100 rursus
777 1037 1270 1115 sympathias
1335 1037 1760 1098 stellarum
1830 1050 1905 1099 et

114 1137 626 1217 symphonias
712 1138 791 1197 in
880 1134 1295 1215 quadratis
1384 1146 1460 1197 et
1545 1139 1902 1215 trigoni8‚

116 1236 619 1298 diatessaron
701 1244 778 1295 et
845 1233 1322 1318 diapenteff]
1395 1237 1903 1317 percelebrantes.

114 1336 326 1416 anue
378 1355 585 1399 rerum
629 1335 1017 1400 diversarum
1062 1336 1437 1398 confusione,
1468 1337 1750 1400 effectum
1793 1351 1905 1415 est,

115 1447 182 1499 ut
226 1455 424 1516 neque
469 1447 649 1500 vetus
693 1447 756 1500 et
800 1437 1138 1519 domestica
1161 1434 1636 1501 ¹Chaldaeorum
1682 1450 1761 1501 et¹
1783 1442 1905 1502 Ae-

113 1538 466 1617 gyptiorum
511 1538 792 1599 doctrina
835 1547 1114 1598 accurate
1156 1546 1447 1599 noscatur
1492 1548 1553 1598 et
1598 1540 1903 1619 Pythago-

112 1637 204 1695 rei
263 1648 501 1700 veteres
554 1639 622 1698 in
664 1638 914 1701 illorum
968 1636 1439 1698 similitudinem
1480 1643 1759 1719 corrupti
1804 1641 1902 1702 de-

113 1737 429 1811 litescant,
483 1757 637 1817 quos
694 1749 765 1798 ut
819 1735 1087 1797 concedo
1143 1736 1341 1798 multa
1396 1745 1458 1797 et
1513 1739 1740 1801 vitiose
1783 1742 1919 1821 col-¹

115 1837 334 1914 legisse
377 1846 440 1896 et
481 1838 724 1918 poetice
768 1838 1020 1910 lusisse,
1062 1838 1154 1897 ita
1194 1836 1602 1899 fanaticorum
1645 1859 1906 1903 numero·

115 1936 473 1999 eximendos
517 1938 794 2001 arbitror.

833 2217 1014 2280 CAP.
1104 2220 1182 2281 X.

176 2350 917 2427 Fragmenta
998 2347 1843 2409 miscellanea.

281 2535 327 2594 Ι.
414 2533 593 2595 Plato
634 2533 815 2613 Legg.
857 2534 934 2595 11.
978 2532 1124 2596 669.
1167 2532 1247 2594 D.
1290 2534 1540 2614 ποιηταὶ
1578 2534 1660 2599 τὰ
1690 2545 1905 2600 τοιαῦ-

115 2660 196 2699 τα
261 2642 690 2721 συγκυκῶντες
755 2635 964 2721 γέλωτ’
1033 2634 1118 2699 ἂν
1183 2633 1712 2719 παρασκευάζοιεν
1775 2645 1904 2700 τῶν

119 2733 489 2821 ἀνθρώπων
553 2735 741 2806 ὅσους
809 2735 1002 2819 φησὶν
1049 2736 1316 2820 Ὀρφεὺς
1371 2741 1636 2816 λαχεῖν
1695 2737 1904 2819 ὥραν

118 2844 248 2916 τῆς
311 2837 671 2921 τέρψιος,
737 2834 847 2897 ubi
911 2834 1124 2898 Astius
1181 2853 1241 2918 p.
1305 2837 1443 2896 128.
1533 2834 1904 2915 Orphica,

120 2954 314 3016 quae
390 2936 515 2997 hic
578 2936 1151 3017 respiciuntur,
1242 2934 1443 2996 haud
1511 2934 1744 2995 dubie
1811 2936 1904 2996 ad

121 3035 688 3116 Terpsichores
755 3055 1029 3099 nomen
1099 3045 1476 3120 spectant.
1570 3035 1904 3097 Muellerus

121 3137 187 3194 in
228 3135 499 3216 Prolegg.
542 3137 802 3216 Mythol.
847 3158 908 3220 p.
953 3137 1115 3200 385.
1150 3138 1316 3197 Von
1361 3136 1503 3198 den
1547 3155 1638 3197 zu
1680 3138 1904 3198 hohe-

124 3255 249 3295 rer
347 3235 575 3299 Stufe
674 3241 1395 3320 emporgestiegnen
1492 3237 1901 3300 Menschen

245 3360 314 3418 [ἰ]
362 3362 532 3407 vitruv.
585 3365 623 3409 1.
657 3367 698 3421 1,
731 3366 798 3410 16.

1406 3439 1479 3498 ll
1530 3441 1565 3483 *
