<?xml version="1.0" encoding="UTF-8"?>
<!DOCTYPE html PUBLIC "-//W3C//DTD XHTML 1.0 Transitional//EN"
    "http://www.w3.org/TR/xhtml1/DTD/xhtml1-transitional.dtd">
<html xmlns="http://www.w3.org/1999/xhtml" xml:lang="en" lang="en">
 <head>
  <title>
</title>
<meta http-equiv="Content-Type" content="text/html;charset=utf-8" />
  <meta name='ocr-system' content='tesseract 3.04.00' />
  <meta name='ocr-capabilities' content='ocr_page ocr_carea ocr_par ocr_line ocrx_word'/>
</head>
<body>
  <div class='ocr_page' id='page_1' title='image "./aglaophamussived02lobeuoft_0362.png"; bbox 0 0 2150 3814; ppageno 0'>
   <div class='ocr_carea' id='block_1_1' title="bbox 143 179 1352 252">
    <p class='ocr_par' dir='ltr' id='par_1_1' title="bbox 143 179 1352 252">
     <span class='ocr_line' id='line_1_1' title="bbox 143 179 1352 252; baseline -0.01 0"><span class='ocrx_word' id='word_1_1' title='bbox 143 192 306 252; x_wconf 83' lang='lat'>1138</span> <span class='ocrx_word' id='word_1_2' title='bbox 690 179 926 246; x_wconf 65' lang='lat' dir='ltr'><strong>numa</strong></span> <span class='ocrx_word' id='word_1_3' title='bbox 986 198 1352 243; x_wconf 72' lang='lat' dir='ltr'><strong>&#39;marrus</strong></span> 
     </span>
    </p>
   </div>
   <div class='ocr_carea' id='block_1_2' title="bbox 136 327 1940 1615">
    <p class='ocr_par' dir='ltr' id='par_1_2' title="bbox 136 327 1940 1615">
     <span class='ocr_line' id='line_1_2' title="bbox 136 327 1926 414; baseline -0.003 -19"><span class='ocrx_word' id='word_1_4' title='bbox 136 332 411 395; x_wconf 77' lang='lat' dir='ltr'><strong>tionibus</strong></span> <span class='ocrx_word' id='word_1_5' title='bbox 454 337 625 414; x_wconf 89' lang='lat' dir='ltr'><strong>prius</strong></span> <span class='ocrx_word' id='word_1_6' title='bbox 669 335 839 394; x_wconf 87' lang='lat' dir='ltr'><strong>initis</strong></span> <span class='ocrx_word' id='word_1_7' title='bbox 882 343 1065 412; x_wconf 91' lang='lat' dir='ltr'><strong>atque</strong></span> <span class='ocrx_word' id='word_1_8' title='bbox 1108 330 1423 391; x_wconf 87' lang='lat' dir='ltr'><strong>subductis</strong></span> <span class='ocrx_word' id='word_1_9' title='bbox 1465 347 1663 408; x_wconf 90' lang='lat' dir='ltr'><strong>neque</strong></span> <span class='ocrx_word' id='word_1_10' title='bbox 1691 327 1926 390; x_wconf 87' lang='lat' dir='ltr'><strong>addunt</strong></span> 
     </span>
     <span class='ocr_line' id='line_1_3' title="bbox 141 427 1928 515; baseline -0.003 -21"><span class='ocrx_word' id='word_1_11' title='bbox 141 432 479 515; x_wconf 87' lang='lat' dir='ltr'><strong>quidquam</strong></span> <span class='ocrx_word' id='word_1_12' title='bbox 514 452 711 513; x_wconf 91' lang='lat' dir='ltr'><strong>neque</strong></span> <span class='ocrx_word' id='word_1_13' title='bbox 737 431 1009 493; x_wconf 91' lang='lat' dir='ltr'><strong>demunt.</strong></span> <span class='ocrx_word' id='word_1_14' title='bbox 1066 429 1251 504; x_wconf 78' lang='lat' dir='ltr'><strong>Quod</strong></span> <span class='ocrx_word' id='word_1_15' title='bbox 1281 429 1448 490; x_wconf 91' lang='lat' dir='ltr'><strong>idem</strong></span> <span class='ocrx_word' id='word_1_16' title='bbox 1474 428 1643 491; x_wconf 88' lang='lat' dir='ltr'><strong>valet</strong></span> <span class='ocrx_word' id='word_1_17' title='bbox 1669 427 1749 488; x_wconf 93' lang='lat' dir='ltr'><strong>de</strong></span> <span class='ocrx_word' id='word_1_18' title='bbox 1768 438 1928 488; x_wconf 91' lang='lat' dir='ltr'><strong>cete-</strong></span> 
     </span>
     <span class='ocr_line' id='line_1_4' title="bbox 138 529 1930 611; baseline -0.003 -17"><span class='ocrx_word' id='word_1_19' title='bbox 138 535 224 594; x_wconf 88' lang='lat' dir='ltr'><strong>ris</strong></span> <span class='ocrx_word' id='word_1_20' title='bbox 261 534 428 593; x_wconf 88' lang='lat' dir='ltr'><strong>locis.</strong></span> <span class='ocrx_word' id='word_1_21' title='bbox 473 533 808 592; x_wconf 80' lang='lat' dir='ltr'><strong>Pausanias</strong></span> <span class='ocrx_word' id='word_1_22' title='bbox 843 533 949 593; x_wconf 91' lang='lat' dir='ltr'><strong>III.</strong></span> <span class='ocrx_word' id='word_1_23' title='bbox 977 530 1076 591; x_wconf 87' lang='grc'><strong>25.</strong></span> <span class='ocrx_word' id='word_1_24' title='bbox 1122 531 1340 611; x_wconf 87' lang='lat' dir='ltr'><strong>oppidi</strong></span> <span class='ocrx_word' id='word_1_25' title='bbox 1365 529 1686 608; x_wconf 89' lang='lat' dir='ltr'><strong>Pyrrhichi</strong></span> <span class='ocrx_word' id='word_1_26' title='bbox 1716 530 1785 588; x_wconf 84' lang='lat' dir='ltr'><strong>in</strong></span> <span class='ocrx_word' id='word_1_27' title='bbox 1810 529 1930 589; x_wconf 89' lang='lat' dir='ltr'><strong>La-</strong></span> 
     </span>
     <span class='ocr_line' id='line_1_5' title="bbox 141 629 1932 708; baseline -0.004 -13"><span class='ocrx_word' id='word_1_28' title='bbox 141 636 351 696; x_wconf 91' lang='lat' dir='ltr'><strong>conica</strong></span> <span class='ocrx_word' id='word_1_29' title='bbox 382 635 486 691; x_wconf 85' lang='lat' dir='ltr'><strong>siti</strong></span> <span class='ocrx_word' id='word_1_30' title='bbox 523 651 752 691; x_wconf 89' lang='lat' dir='ltr'><strong>nomen</strong></span> <span class='ocrx_word' id='word_1_31' title='bbox 791 633 946 692; x_wconf 91' lang='lat' dir='ltr'><strong>alios</strong></span> <span class='ocrx_word' id='word_1_32' title='bbox 974 650 1012 691; x_wconf 89' lang='lat' dir='ltr'><strong>a</strong></span> <span class='ocrx_word' id='word_1_33' title='bbox 1036 631 1274 708; x_wconf 89' lang='lat' dir='ltr'><strong>Pyrrho</strong></span> <span class='ocrx_word' id='word_1_34' title='bbox 1297 631 1553 691; x_wconf 90' lang='lat' dir='ltr'><strong>Achillis</strong></span> <span class='ocrx_word' id='word_1_35' title='bbox 1580 631 1730 703; x_wconf 89' lang='lat' dir='ltr'><strong>filio,</strong></span> <span class='ocrx_word' id='word_1_36' title='bbox 1775 629 1932 689; x_wconf 88' lang='lat' dir='ltr'><strong>alios</strong></span> 
     </span>
     <span class='ocr_line' id='line_1_6' title="bbox 141 727 1931 811; baseline -0.003 -17"><span class='ocrx_word' id='word_1_37' title='bbox 141 755 179 794; x_wconf 90' lang='lat' dir='ltr'><strong>a</strong></span> <span class='ocrx_word' id='word_1_38' title='bbox 214 733 353 792; x_wconf 92' lang='lat' dir='ltr'><strong>deo</strong></span> <span class='ocrx_word' id='word_1_39' title='bbox 389 731 839 809; x_wconf 89' lang='lat' dir='ltr'><strong>Pyrrhicho,</strong></span> <span class='ocrx_word' id='word_1_40' title='bbox 886 729 1251 791; x_wconf 91' lang='lat' dir='ltr'><strong>Curetum</strong></span> <span class='ocrx_word' id='word_1_41' title='bbox 1285 727 1530 811; x_wconf 83' lang='lat' dir='ltr'><strong>uno[¹¹]</strong></span> <span class='ocrx_word' id='word_1_42' title='bbox 1565 731 1931 810; x_wconf 90' lang='lat' dir='ltr'><strong>impositum</strong></span> 
     </span>
     <span class='ocr_line' id='line_1_7' title="bbox 139 826 1932 914; baseline -0.002 -23"><span class='ocrx_word' id='word_1_43' title='bbox 139 841 392 914; x_wconf 89' lang='lat' dir='ltr'><strong>putare,</strong></span> <span class='ocrx_word' id='word_1_44' title='bbox 450 851 563 891; x_wconf 92' lang='lat' dir='ltr'><strong>nec</strong></span> <span class='ocrx_word' id='word_1_45' title='bbox 616 831 828 904; x_wconf 83' lang='lat' dir='ltr'>deese,</span> <span class='ocrx_word' id='word_1_46' title='bbox 890 833 996 912; x_wconf 85' lang='lat' dir='ltr'><strong>qui</strong></span> <span class='ocrx_word' id='word_1_47' title='bbox 1041 831 1319 901; x_wconf 85' lang='lat' dir='ltr'><strong>Silenum</strong></span> <span class='ocrx_word' id='word_1_48' title='bbox 1374 832 1467 890; x_wconf 86' lang='lat' dir='ltr'><strong>ita</strong></span> <span class='ocrx_word' id='word_1_49' title='bbox 1508 826 1932 912; x_wconf 62' lang='lat' dir='ltr'><strong>appellent[[]‚</strong></span> 
     </span>
     <span class='ocr_line' id='line_1_8' title="bbox 140 929 1935 1010; baseline -0.003 -17"><span class='ocrx_word' id='word_1_50' title='bbox 140 931 306 993; x_wconf 89' lang='lat' dir='ltr'><strong>unde</strong></span> <span class='ocrx_word' id='word_1_51' title='bbox 375 931 741 1010; x_wconf 82' lang='lat' dir='ltr'><strong>Satyrorum</strong></span> <span class='ocrx_word' id='word_1_52' title='bbox 810 941 873 991; x_wconf 93' lang='lat' dir='ltr'><strong>et</strong></span> <span class='ocrx_word' id='word_1_53' title='bbox 935 929 1228 992; x_wconf 89' lang='lat' dir='ltr'><strong>Curetum</strong></span> <span class='ocrx_word' id='word_1_54' title='bbox 1300 929 1564 990; x_wconf 85' lang='lat' dir='ltr'><strong>affinitas</strong></span> <span class='ocrx_word' id='word_1_55' title='bbox 1634 929 1832 988; x_wconf 90' lang='lat' dir='ltr'><strong>elucet</strong></span> <span class='ocrx_word' id='word_1_56' title='bbox 1896 947 1935 988; x_wconf 91' lang='lat' dir='ltr'><strong>a</strong></span> 
     </span>
     <span class='ocr_line' id='line_1_9' title="bbox 143 1023 1933 1093; baseline -0.002 -1"><span class='ocrx_word' id='word_1_57' title='bbox 143 1031 447 1093; x_wconf 87' lang='lat' dir='ltr'><strong>Strabone</strong></span> <span class='ocrx_word' id='word_1_58' title='bbox 506 1035 770 1093; x_wconf 88' lang='lat' dir='ltr'><strong>strictim</strong></span> <span class='ocrx_word' id='word_1_59' title='bbox 814 1023 1135 1092; x_wconf 80' lang='lat' dir='ltr'><strong>indicata.‘</strong></span> <span class='ocrx_word' id='word_1_60' title='bbox 1189 1031 1363 1092; x_wconf 85' lang='lat' dir='ltr'><strong>Idem</strong></span> <span class='ocrx_word' id='word_1_61' title='bbox 1407 1030 1511 1089; x_wconf 89' lang='lat' dir='ltr'><strong>IV.</strong></span> <span class='ocrx_word' id='word_1_62' title='bbox 1556 1029 1656 1089; x_wconf 83' lang='lat'><strong>33.</strong></span> <span class='ocrx_word' id='word_1_63' title='bbox 1701 1028 1933 1088; x_wconf 89' lang='lat' dir='ltr'><strong>Messe-</strong></span> 
     </span>
     <span class='ocr_line' id='line_1_10' title="bbox 142 1121 1936 1213; baseline -0.002 -21"><span class='ocrx_word' id='word_1_64' title='bbox 142 1134 260 1206; x_wconf 92' lang='lat' dir='ltr'><strong>nii,</strong></span> <span class='ocrx_word' id='word_1_65' title='bbox 315 1134 547 1213; x_wconf 89' lang='lat' dir='ltr'><strong>inquit,</strong></span> <span class='ocrx_word' id='word_1_66' title='bbox 605 1133 828 1196; x_wconf 88' lang='lat' dir='ltr'><strong>Jovem</strong></span> <span class='ocrx_word' id='word_1_67' title='bbox 889 1130 1058 1213; x_wconf 85' lang='lat' dir='ltr'><strong>apud</strong></span> <span class='ocrx_word' id='word_1_68' title='bbox 1102 1152 1169 1191; x_wconf 95' lang='lat' dir='ltr'><strong>se</strong></span> <span class='ocrx_word' id='word_1_69' title='bbox 1214 1131 1541 1192; x_wconf 88' lang='lat' dir='ltr'><strong>educatum</strong></span> <span class='ocrx_word' id='word_1_70' title='bbox 1585 1121 1760 1208; x_wconf 80' lang='lat' dir='ltr'><strong>ajunt</strong></span> <span class='ocrx_word' id='word_1_71' title='bbox 1802 1129 1936 1189; x_wconf 87' lang='lat' dir='ltr'><strong>fon-</strong></span> 
     </span>
     <span class='ocr_line' id='line_1_11' title="bbox 142 1231 1938 1314; baseline -0.002 -22"><span class='ocrx_word' id='word_1_72' title='bbox 142 1243 392 1313; x_wconf 88' lang='lat' dir='ltr'><strong>temque</strong></span> <span class='ocrx_word' id='word_1_73' title='bbox 438 1231 845 1314; x_wconf 89' lang='lat' dir='ltr'><strong>Clepsydram</strong></span> <span class='ocrx_word' id='word_1_74' title='bbox 890 1236 955 1294; x_wconf 92' lang='lat' dir='ltr'><strong>in</strong></span> <span class='ocrx_word' id='word_1_75' title='bbox 1000 1233 1275 1313; x_wconf 86' lang='lat' dir='ltr'><strong>acropoli</strong></span> <span class='ocrx_word' id='word_1_76' title='bbox 1318 1232 1459 1291; x_wconf 92' lang='lat' dir='ltr'><strong>hinc</strong></span> <span class='ocrx_word' id='word_1_77' title='bbox 1502 1249 1731 1292; x_wconf 91' lang='lat' dir='ltr'><strong>nomen</strong></span> <span class='ocrx_word' id='word_1_78' title='bbox 1768 1248 1938 1290; x_wconf 86' lang='lat' dir='ltr'><strong>acce-</strong></span> 
     </span>
     <span class='ocr_line' id='line_1_12' title="bbox 140 1329 1939 1411; baseline -0.001 -21"><span class='ocrx_word' id='word_1_79' title='bbox 140 1334 341 1411; x_wconf 89' lang='lat' dir='ltr'><strong>pisse,</strong></span> <span class='ocrx_word' id='word_1_80' title='bbox 388 1332 552 1411; x_wconf 82' lang='lat' dir='ltr'><strong>quod</strong></span> <span class='ocrx_word' id='word_1_81' title='bbox 596 1333 846 1394; x_wconf 89' lang='lat' dir='ltr'><strong>divinus</strong></span> <span class='ocrx_word' id='word_1_82' title='bbox 891 1334 1096 1394; x_wconf 90' lang='lat' dir='ltr'><strong>infans</strong></span> <span class='ocrx_word' id='word_1_83' title='bbox 1141 1330 1435 1392; x_wconf 88' lang='lat' dir='ltr'><strong>Curetum</strong></span> <span class='ocrx_word' id='word_1_84' title='bbox 1477 1331 1642 1390; x_wconf 88' lang='lat' dir='ltr'><strong>furto</strong></span> <span class='ocrx_word' id='word_1_85' title='bbox 1689 1329 1939 1389; x_wconf 88' lang='lat' dir='ltr'><strong>Saturni</strong></span> 
     </span>
     <span class='ocr_line' id='line_1_13' title="bbox 141 1429 1937 1513; baseline -0.001 -23"><span class='ocrx_word' id='word_1_86' title='bbox 141 1430 385 1491; x_wconf 90' lang='lat' dir='ltr'><strong>insidiis</strong></span> <span class='ocrx_word' id='word_1_87' title='bbox 429 1431 767 1493; x_wconf 87' lang='lat' dir='ltr'><strong>subductus</strong></span> <span class='ocrx_word' id='word_1_88' title='bbox 810 1433 1020 1513; x_wconf 89' lang='lat' dir='ltr'><strong>ibique</strong></span> <span class='ocrx_word' id='word_1_89' title='bbox 1063 1432 1310 1491; x_wconf 87' lang='lat' dir='ltr'><strong>ablutus</strong></span> <span class='ocrx_word' id='word_1_90' title='bbox 1352 1433 1464 1504; x_wconf 84' lang='lat' dir='ltr'><strong>sit3</strong></span> <span class='ocrx_word' id='word_1_91' title='bbox 1507 1432 1575 1488; x_wconf 88' lang='lat' dir='ltr'><strong>in</strong></span> <span class='ocrx_word' id='word_1_92' title='bbox 1607 1429 1758 1489; x_wconf 90' lang='lat' dir='ltr'><strong>urbe</strong></span> <span class='ocrx_word' id='word_1_93' title='bbox 1785 1448 1937 1492; x_wconf 88' lang='lat' dir='ltr'><strong>vero</strong></span> 
     </span>
     <span class='ocr_line' id='line_1_14' title="bbox 143 1530 1940 1615; baseline -0.002 -24"><span class='ocrx_word' id='word_1_94' title='bbox 143 1531 593 1592; x_wconf 88' lang='lat' dir='ltr'><strong>Messeniorum</strong></span> <span class='ocrx_word' id='word_1_95' title='bbox 663 1530 957 1593; x_wconf 88' lang='lat' dir='ltr'><strong>Curetum</strong></span> <span class='ocrx_word' id='word_1_96' title='bbox 1017 1540 1378 1611; x_wconf 87' lang='lat' dir='ltr'><strong>conseptum</strong></span> <span class='ocrx_word' id='word_1_97' title='bbox 1434 1530 1759 1615; x_wconf 78' lang='grc' dir='ltr'>(μέγαρον)</span> <span class='ocrx_word' id='word_1_98' title='bbox 1812 1549 1940 1589; x_wconf 89' lang='lat' dir='ltr'><strong>me—</strong></span> 
     </span>
    </p>
   </div>
   <div class='ocr_carea' id='block_1_3' title="bbox 145 1629 1968 2315">
    <p class='ocr_par' dir='ltr' id='par_1_3' title="bbox 145 1629 1968 2315">
     <span class='ocr_line' id='line_1_15' title="bbox 145 1629 1968 1715; baseline 0.001 -24"><span class='ocrx_word' id='word_1_99' title='bbox 145 1642 349 1692; x_wconf 86' lang='lat' dir='ltr'><strong>morat</strong></span> <span class='ocrx_word' id='word_1_100' title='bbox 392 1653 440 1692; x_wconf 91' lang='lat' dir='ltr'><strong>c.</strong></span> <span class='ocrx_word' id='word_1_101' title='bbox 485 1632 587 1692; x_wconf 83' lang='lat'><strong>31.</strong></span> <span class='ocrx_word' id='word_1_102' title='bbox 637 1635 800 1698; x_wconf 74' lang='grc' dir='ltr'><strong>ἔνθα</strong></span> <span class='ocrx_word' id='word_1_103' title='bbox 846 1634 974 1710; x_wconf 80' lang='grc' dir='ltr'><strong>ζῶα</strong></span> <span class='ocrx_word' id='word_1_104' title='bbox 1018 1633 1094 1695; x_wconf 78' lang='grc' dir='ltr'><strong>τὰ</strong></span> <span class='ocrx_word' id='word_1_105' title='bbox 1142 1631 1350 1695; x_wconf 79' lang='grc' dir='ltr'><em>πάντα</em></span> <span class='ocrx_word' id='word_1_106' title='bbox 1396 1629 1626 1712; x_wconf 81' lang='grc' dir='ltr'><em>ὁμοίως</em></span> <span class='ocrx_word' id='word_1_107' title='bbox 1667 1629 1968 1715; x_wconf 51' lang='grc' dir='ltr'><strong>καθαγίω</strong></span> 
     </span>
     <span class='ocr_line' id='line_1_16' title="bbox 147 1728 1943 1807; baseline -0.003 -12"><span class='ocrx_word' id='word_1_108' title='bbox 147 1732 338 1807; x_wconf 78' lang='grc' dir='ltr'><strong>ζουσι.</strong></span> <span class='ocrx_word' id='word_1_109' title='bbox 427 1733 747 1794; x_wconf 90' lang='lat' dir='ltr'><strong>Postremo</strong></span> <span class='ocrx_word' id='word_1_110' title='bbox 808 1732 1082 1795; x_wconf 89' lang='lat' dir='ltr'><strong>Arcades</strong></span> <span class='ocrx_word' id='word_1_111' title='bbox 1137 1731 1360 1793; x_wconf 89' lang='lat' dir='ltr'><strong>Jovem</strong></span> <span class='ocrx_word' id='word_1_112' title='bbox 1426 1749 1550 1790; x_wconf 91' lang='lat' dir='ltr'><strong>non</strong></span> <span class='ocrx_word' id='word_1_113' title='bbox 1621 1732 1688 1791; x_wconf 91' lang='lat' dir='ltr'><strong>in</strong></span> <span class='ocrx_word' id='word_1_114' title='bbox 1760 1728 1943 1791; x_wconf 89' lang='lat' dir='ltr'><strong>Creta</strong></span> 
     </span>
     <span class='ocr_line' id='line_1_17' title="bbox 146 1830 1943 1912; baseline 0.001 -23"><span class='ocrx_word' id='word_1_115' title='bbox 146 1830 251 1890; x_wconf 90' lang='lat' dir='ltr'><strong>sed</strong></span> <span class='ocrx_word' id='word_1_116' title='bbox 313 1832 482 1912; x_wconf 90' lang='lat' dir='ltr'><strong>apud</strong></span> <span class='ocrx_word' id='word_1_117' title='bbox 536 1853 604 1894; x_wconf 92' lang='lat' dir='ltr'><strong>se</strong></span> <span class='ocrx_word' id='word_1_118' title='bbox 658 1837 723 1893; x_wconf 91' lang='lat' dir='ltr'><strong>in</strong></span> <span class='ocrx_word' id='word_1_119' title='bbox 780 1835 917 1894; x_wconf 91' lang='lat' dir='ltr'><strong>loco</strong></span> <span class='ocrx_word' id='word_1_120' title='bbox 979 1831 1198 1892; x_wconf 87' lang='lat' dir='ltr'><strong>Cretea</strong></span> <span class='ocrx_word' id='word_1_121' title='bbox 1255 1831 1419 1891; x_wconf 88' lang='lat' dir='ltr'><strong>dicto</strong></span> <span class='ocrx_word' id='word_1_122' title='bbox 1477 1842 1690 1891; x_wconf 90' lang='lat' dir='ltr'><strong>natum</strong></span> <span class='ocrx_word' id='word_1_123' title='bbox 1745 1832 1943 1891; x_wconf 88' lang='lat' dir='ltr'><strong>feren-</strong></span> 
     </span>
     <span class='ocr_line' id='line_1_18' title="bbox 148 1929 1943 2012; baseline 0 -22"><span class='ocrx_word' id='word_1_124' title='bbox 148 1941 238 1991; x_wconf 88' lang='lat' dir='ltr'><strong>tes</strong></span> <span class='ocrx_word' id='word_1_125' title='bbox 259 1930 334 2012; x_wconf 42' lang='grc' dir='ltr'><strong>[Β]</strong></span> <span class='ocrx_word' id='word_1_126' title='bbox 395 1933 574 1993; x_wconf 89' lang='lat' dir='ltr'><strong>Paus.</strong></span> <span class='ocrx_word' id='word_1_127' title='bbox 621 1934 783 1994; x_wconf 89' lang='lat' dir='ltr'><strong>VIII.</strong></span> <span class='ocrx_word' id='word_1_128' title='bbox 829 1935 929 1994; x_wconf 81' lang='lat'><strong>38.</strong></span> <span class='ocrx_word' id='word_1_129' title='bbox 978 1935 1294 1993; x_wconf 88' lang='lat' dir='ltr'><strong>ministros</strong></span> <span class='ocrx_word' id='word_1_130' title='bbox 1338 1933 1471 2010; x_wconf 89' lang='lat' dir='ltr'><strong>ejus</strong></span> <span class='ocrx_word' id='word_1_131' title='bbox 1518 1929 1772 1991; x_wconf 90' lang='lat' dir='ltr'><strong>Curetes</strong></span> <span class='ocrx_word' id='word_1_132' title='bbox 1815 1951 1943 1992; x_wconf 90' lang='lat' dir='ltr'><strong>non</strong></span> 
     </span>
     <span class='ocr_line' id='line_1_19' title="bbox 149 2031 1941 2094; baseline 0.002 -5"><span class='ocrx_word' id='word_1_133' title='bbox 149 2033 477 2093; x_wconf 86' lang='lat' dir='ltr'><strong>exclusisse</strong></span> <span class='ocrx_word' id='word_1_134' title='bbox 548 2034 852 2094; x_wconf 86' lang='lat' dir='ltr'><strong>videntur.</strong></span> <span class='ocrx_word' id='word_1_135' title='bbox 956 2031 1136 2093; x_wconf 89' lang='lat' dir='ltr'><strong>Certe</strong></span> <span class='ocrx_word' id='word_1_136' title='bbox 1210 2032 1292 2092; x_wconf 87' lang='lat' dir='ltr'><strong>ad</strong></span> <span class='ocrx_word' id='word_1_137' title='bbox 1348 2034 1535 2092; x_wconf 89' lang='lat' dir='ltr'><strong>Statii</strong></span> <span class='ocrx_word' id='word_1_138' title='bbox 1593 2033 1783 2092; x_wconf 90' lang='lat' dir='ltr'><strong>Theb.</strong></span> <span class='ocrx_word' id='word_1_139' title='bbox 1838 2033 1941 2093; x_wconf 88' lang='lat' dir='ltr'><strong>IV.</strong></span> 
     </span>
     <span class='ocr_line' id='line_1_20' title="bbox 147 2132 1943 2198; baseline 0.001 -8"><span class='ocrx_word' id='word_1_140' title='bbox 147 2132 290 2198; x_wconf 82' lang='lat'><strong>292.</strong></span> <span class='ocrx_word' id='word_1_141' title='bbox 347 2135 561 2194; x_wconf 87' lang='lat' dir='ltr'><strong>venit</strong></span> <span class='ocrx_word' id='word_1_142' title='bbox 632 2144 702 2193; x_wconf 93' lang='lat' dir='ltr'><strong>et</strong></span> <span class='ocrx_word' id='word_1_143' title='bbox 757 2134 1028 2194; x_wconf 83' lang='lat' dir='ltr'><strong>Idaeis</strong></span> <span class='ocrx_word' id='word_1_144' title='bbox 1089 2132 1530 2192; x_wconf 90' lang='lat' dir='ltr'><strong>ululatibus</strong></span> <span class='ocrx_word' id='word_1_145' title='bbox 1588 2133 1943 2192; x_wconf 86' lang='lat' dir='ltr'><strong>aemulus</strong></span> 
     </span>
     <span class='ocr_line' id='line_1_21' title="bbox 147 2230 1946 2315; baseline 0.001 -25"><span class='ocrx_word' id='word_1_146' title='bbox 147 2230 358 2292; x_wconf 86' lang='lat' dir='ltr'><strong>Azan</strong></span> <span class='ocrx_word' id='word_1_147' title='bbox 419 2233 792 2315; x_wconf 76' lang='lat' dir='ltr'><strong>Scholiastes</strong></span> <span class='ocrx_word' id='word_1_148' title='bbox 859 2235 1009 2294; x_wconf 88' lang='lat' dir='ltr'><strong>haec</strong></span> <span class='ocrx_word' id='word_1_149' title='bbox 1078 2232 1364 2293; x_wconf 87' lang='lat' dir='ltr'><strong>adnotat:</strong></span> <span class='ocrx_word' id='word_1_150' title='bbox 1438 2231 1811 2306; x_wconf 81' lang='lat' dir='ltr'><strong>Quoniam</strong></span> <span class='ocrx_word' id='word_1_151' title='bbox 1866 2234 1946 2293; x_wconf 92' lang='lat' dir='ltr'><strong>in</strong></span> 
     </span>
    </p>
   </div>
   <div class='ocr_carea' id='block_1_4' title="bbox 152 2416 1946 3299">
    <p class='ocr_par' dir='ltr' id='par_1_4' title="bbox 154 2416 1946 2520">
     <span class='ocr_line' id='line_1_22' title="bbox 268 2416 1946 2474; baseline 0 -16"><span class='ocrx_word' id='word_1_152' title='bbox 268 2417 341 2472; x_wconf 81' lang='lat' dir='ltr'><strong>[h]</strong></span> <span class='ocrx_word' id='word_1_153' title='bbox 380 2417 583 2460; x_wconf 85' lang='lat' dir='ltr'><strong>Curetem</strong></span> <span class='ocrx_word' id='word_1_154' title='bbox 615 2419 914 2474; x_wconf 77' lang='lat' dir='ltr'><strong>Pyrrliichum</strong></span> <span class='ocrx_word' id='word_1_155' title='bbox 946 2434 1073 2461; x_wconf 86' lang='lat' dir='ltr'><strong>nosse</strong></span> <span class='ocrx_word' id='word_1_156' title='bbox 1103 2419 1277 2461; x_wconf 83' lang='lat' dir='ltr'><strong>videtur</strong></span> <span class='ocrx_word' id='word_1_157' title='bbox 1306 2419 1467 2461; x_wconf 87' lang='lat' dir='ltr'><strong>Strabo</strong></span> <span class='ocrx_word' id='word_1_158' title='bbox 1500 2418 1554 2460; x_wconf 87' lang='lat' dir='ltr'><strong>X.</strong></span> <span class='ocrx_word' id='word_1_159' title='bbox 1588 2416 1684 2461; x_wconf 82' lang='lat'><strong>163.</strong></span> <span class='ocrx_word' id='word_1_160' title='bbox 1715 2417 1800 2460; x_wconf 87' lang='lat' dir='ltr'><strong>Alii</strong></span> <span class='ocrx_word' id='word_1_161' title='bbox 1831 2418 1946 2474; x_wconf 75' lang='lat' dir='ltr'><strong>Pyr-</strong></span> 
     </span>
     <span class='ocr_line' id='line_1_23' title="bbox 154 2474 1194 2520; baseline 0.003 -5"><span class='ocrx_word' id='word_1_162' title='bbox 154 2474 347 2516; x_wconf 86' lang='lat' dir='ltr'><strong>rhichum</strong></span> <span class='ocrx_word' id='word_1_163' title='bbox 379 2475 632 2519; x_wconf 79' lang='lat' dir='ltr'><strong>Cretensem</strong></span> <span class='ocrx_word' id='word_1_164' title='bbox 664 2484 740 2519; x_wconf 89' lang='lat' dir='ltr'><strong>aut</strong></span> <span class='ocrx_word' id='word_1_165' title='bbox 768 2477 986 2520; x_wconf 86' lang='lat' dir='ltr'><strong>Laconem</strong></span> <span class='ocrx_word' id='word_1_166' title='bbox 1013 2478 1194 2520; x_wconf 85' lang='lat' dir='ltr'><strong>faciunt.</strong></span> 
     </span>
    </p>

    <p class='ocr_par' dir='ltr' id='par_1_5' title="bbox 152 2530 1945 3238">
     <span class='ocr_line' id='line_1_24' title="bbox 272 2530 1943 2592; baseline 0.002 -20"><span class='ocrx_word' id='word_1_167' title='bbox 272 2530 335 2589; x_wconf 74' lang='lat' dir='ltr'><strong>[i]</strong></span> <span class='ocrx_word' id='word_1_168' title='bbox 384 2534 513 2576; x_wconf 89' lang='lat' dir='ltr'><strong>Hunc</strong></span> <span class='ocrx_word' id='word_1_169' title='bbox 542 2536 681 2592; x_wconf 88' lang='lat' dir='ltr'><strong>ipsum</strong></span> <span class='ocrx_word' id='word_1_170' title='bbox 711 2537 843 2578; x_wconf 84' lang='lat' dir='ltr'><strong>fontis</strong></span> <span class='ocrx_word' id='word_1_171' title='bbox 873 2536 917 2578; x_wconf 89' lang='lat' dir='ltr'><strong>in</strong></span> <span class='ocrx_word' id='word_1_172' title='bbox 947 2537 1042 2578; x_wconf 81' lang='lat' dir='ltr'><strong>soro</strong></span> <span class='ocrx_word' id='word_1_173' title='bbox 1075 2536 1279 2578; x_wconf 86' lang='lat' dir='ltr'><strong>scatentis</strong></span> <span class='ocrx_word' id='word_1_174' title='bbox 1310 2534 1502 2577; x_wconf 85' lang='lat' dir='ltr'><strong>datorem</strong></span> <span class='ocrx_word' id='word_1_175' title='bbox 1527 2534 1751 2586; x_wconf 79' lang='lat' dir='ltr'><strong>ferebant3</strong></span> <span class='ocrx_word' id='word_1_176' title='bbox 1782 2539 1827 2576; x_wconf 84' lang='lat' dir='ltr'><strong>et</strong></span> <span class='ocrx_word' id='word_1_177' title='bbox 1850 2535 1943 2576; x_wconf 80' lang='lat' dir='ltr'><strong>for-</strong></span> 
     </span>
     <span class='ocr_line' id='line_1_25' title="bbox 152 2591 1945 2651; baseline 0.002 -19"><span class='ocrx_word' id='word_1_178' title='bbox 152 2598 270 2633; x_wconf 85' lang='lat' dir='ltr'><strong>tasse</strong></span> <span class='ocrx_word' id='word_1_179' title='bbox 299 2592 496 2646; x_wconf 88' lang='lat' dir='ltr'><strong>pluribus</strong></span> <span class='ocrx_word' id='word_1_180' title='bbox 527 2593 568 2636; x_wconf 90' lang='lat' dir='ltr'><strong>in</strong></span> <span class='ocrx_word' id='word_1_181' title='bbox 602 2594 708 2636; x_wconf 84' lang='lat' dir='ltr'><strong>foris</strong></span> <span class='ocrx_word' id='word_1_182' title='bbox 734 2593 941 2651; x_wconf 86' lang='lat' dir='ltr'><strong>putealia,</strong></span> <span class='ocrx_word' id='word_1_183' title='bbox 973 2594 1185 2636; x_wconf 88' lang='lat' dir='ltr'><strong>cisternae</strong></span> <span class='ocrx_word' id='word_1_184' title='bbox 1216 2599 1260 2635; x_wconf 90' lang='lat' dir='ltr'><strong>et</strong></span> <span class='ocrx_word' id='word_1_185' title='bbox 1288 2593 1429 2635; x_wconf 87' lang='lat' dir='ltr'><strong>fontes</strong></span> <span class='ocrx_word' id='word_1_186' title='bbox 1459 2608 1501 2635; x_wconf 88' lang='lat' dir='ltr'><strong>v.</strong></span> <span class='ocrx_word' id='word_1_187' title='bbox 1531 2591 1660 2634; x_wconf 86' lang='lat' dir='ltr'><strong>Paus.</strong></span> <span class='ocrx_word' id='word_1_188' title='bbox 1692 2592 1767 2635; x_wconf 88' lang='lat' dir='ltr'><strong>IV.</strong></span> <span class='ocrx_word' id='word_1_189' title='bbox 1797 2591 1870 2636; x_wconf 81' lang='lat'><strong>31.</strong></span> <span class='ocrx_word' id='word_1_190' title='bbox 1903 2591 1945 2635; x_wconf 85' lang='lat'><strong>5.</strong></span> 
     </span>
     <span class='ocr_line' id='line_1_26' title="bbox 152 2649 1943 2708; baseline 0.002 -17"><span class='ocrx_word' id='word_1_191' title='bbox 152 2649 250 2691; x_wconf 89' lang='lat' dir='ltr'><strong>VII.</strong></span> <span class='ocrx_word' id='word_1_192' title='bbox 282 2649 355 2693; x_wconf 73' lang='lat'><strong>27.</strong></span> <span class='ocrx_word' id='word_1_193' title='bbox 386 2651 430 2695; x_wconf 77' lang='lat'><strong>2.</strong></span> <span class='ocrx_word' id='word_1_194' title='bbox 463 2652 718 2708; x_wconf 84' lang='lat' dir='ltr'><strong>Satyrorum</strong></span> <span class='ocrx_word' id='word_1_195' title='bbox 749 2653 988 2696; x_wconf 85' lang='lat' dir='ltr'><strong>simulacris</strong></span> <span class='ocrx_word' id='word_1_196' title='bbox 1019 2654 1160 2695; x_wconf 86' lang='lat' dir='ltr'><strong>ornati</strong></span> <span class='ocrx_word' id='word_1_197' title='bbox 1203 2658 1350 2704; x_wconf 87' lang='lat' dir='ltr'><strong>erant,</strong></span> <span class='ocrx_word' id='word_1_198' title='bbox 1391 2652 1503 2694; x_wconf 87' lang='lat' dir='ltr'><strong>sicut</strong></span> <span class='ocrx_word' id='word_1_199' title='bbox 1541 2657 1668 2693; x_wconf 84' lang='lat' dir='ltr'><strong>extra</strong></span> <span class='ocrx_word' id='word_1_200' title='bbox 1706 2654 1804 2694; x_wconf 82' lang='lat' dir='ltr'><strong>fora</strong></span> <span class='ocrx_word' id='word_1_201' title='bbox 1842 2666 1943 2694; x_wconf 87' lang='lat' dir='ltr'><strong>con-</strong></span> 
     </span>
     <span class='ocr_line' id='line_1_27' title="bbox 153 2707 1945 2766; baseline 0.001 -17"><span class='ocrx_word' id='word_1_202' title='bbox 153 2714 241 2750; x_wconf 87' lang='lat' dir='ltr'><strong>stat</strong></span> <span class='ocrx_word' id='word_1_203' title='bbox 269 2709 406 2752; x_wconf 84' lang='lat' dir='ltr'><strong>fuisse</strong></span> <span class='ocrx_word' id='word_1_204' title='bbox 436 2726 477 2753; x_wconf 85' lang='lat' dir='ltr'><strong>v.</strong></span> <span class='ocrx_word' id='word_1_205' title='bbox 507 2711 560 2753; x_wconf 89' lang='lat' dir='ltr'><strong>V.</strong></span> <span class='ocrx_word' id='word_1_206' title='bbox 592 2711 646 2753; x_wconf 87' lang='lat' dir='ltr'><strong>D.</strong></span> <span class='ocrx_word' id='word_1_207' title='bbox 678 2711 734 2753; x_wconf 89' lang='lat' dir='ltr'><strong>ad</strong></span> <span class='ocrx_word' id='word_1_208' title='bbox 762 2711 925 2754; x_wconf 89' lang='lat' dir='ltr'><strong>Bronzi</strong></span> <span class='ocrx_word' id='word_1_209' title='bbox 964 2712 1008 2754; x_wconf 87' lang='lat' dir='ltr'><strong>di</strong></span> <span class='ocrx_word' id='word_1_210' title='bbox 1049 2711 1196 2754; x_wconf 88' lang='lat' dir='ltr'><strong>Ercol.</strong></span> <span class='ocrx_word' id='word_1_211' title='bbox 1240 2711 1298 2752; x_wconf 88' lang='lat' dir='ltr'><strong>T.</strong></span> <span class='ocrx_word' id='word_1_212' title='bbox 1336 2711 1395 2752; x_wconf 93' lang='lat' dir='ltr'><strong>II.</strong></span> <span class='ocrx_word' id='word_1_213' title='bbox 1436 2725 1478 2766; x_wconf 81' lang='lat' dir='ltr'><strong>p.</strong></span> <span class='ocrx_word' id='word_1_214' title='bbox 1523 2707 1619 2752; x_wconf 82' lang='lat'><strong>165.</strong></span> <span class='ocrx_word' id='word_1_215' title='bbox 1647 2711 1844 2756; x_wconf 59' lang='lat' dir='ltr'><strong>&#39;Gesnelz</strong></span> <span class='ocrx_word' id='word_1_216' title='bbox 1890 2709 1945 2752; x_wconf 89' lang='lat' dir='ltr'><strong>de</strong></span> 
     </span>
     <span class='ocr_line' id='line_1_28' title="bbox 156 2767 1944 2826; baseline 0.003 -19"><span class='ocrx_word' id='word_1_217' title='bbox 156 2767 314 2809; x_wconf 87' lang='lat' dir='ltr'><strong>Silenis</strong></span> <span class='ocrx_word' id='word_1_218' title='bbox 345 2783 387 2824; x_wconf 91' lang='lat' dir='ltr'><strong>p.</strong></span> <span class='ocrx_word' id='word_1_219' title='bbox 419 2769 490 2812; x_wconf 79' lang='lat'><strong>35.</strong></span> <span class='ocrx_word' id='word_1_220' title='bbox 535 2770 767 2813; x_wconf 87' lang='lat' dir='ltr'><strong>Burmann.</strong></span> <span class='ocrx_word' id='word_1_221' title='bbox 799 2771 855 2812; x_wconf 88' lang='lat' dir='ltr'><strong>ad</strong></span> <span class='ocrx_word' id='word_1_222' title='bbox 884 2772 1060 2813; x_wconf 90' lang='lat' dir='ltr'><strong>Petron.</strong></span> <span class='ocrx_word' id='word_1_223' title='bbox 1093 2786 1129 2813; x_wconf 88' lang='lat' dir='ltr'><strong>c.</strong></span> <span class='ocrx_word' id='word_1_224' title='bbox 1161 2770 1232 2812; x_wconf 73' lang='lat'><strong>26.</strong></span> <span class='ocrx_word' id='word_1_225' title='bbox 1266 2770 1339 2826; x_wconf 92' lang='lat' dir='ltr'><strong>qui</strong></span> <span class='ocrx_word' id='word_1_226' title='bbox 1369 2784 1453 2812; x_wconf 92' lang='lat' dir='ltr'><strong>non</strong></span> <span class='ocrx_word' id='word_1_227' title='bbox 1483 2770 1791 2825; x_wconf 82' lang='lat' dir='ltr'><strong>praetermittit</strong></span> <span class='ocrx_word' id='word_1_228' title='bbox 1820 2769 1944 2812; x_wconf 80' lang='lat' dir='ltr'><strong>Mar-</strong></span> 
     </span>
     <span class='ocr_line' id='line_1_29' title="bbox 159 2827 1944 2886; baseline 0.001 -19"><span class='ocrx_word' id='word_1_229' title='bbox 159 2840 265 2881; x_wconf 85' lang='lat' dir='ltr'><strong>syae</strong></span> <span class='ocrx_word' id='word_1_230' title='bbox 306 2832 491 2872; x_wconf 84' lang='lat' dir='ltr'><strong>statuam</strong></span> <span class='ocrx_word' id='word_1_231' title='bbox 530 2829 575 2870; x_wconf 93' lang='lat' dir='ltr'><strong>in</strong></span> <span class='ocrx_word' id='word_1_232' title='bbox 618 2830 724 2871; x_wconf 85' lang='lat' dir='ltr'><strong>foris</strong></span> <span class='ocrx_word' id='word_1_233' title='bbox 765 2829 1089 2886; x_wconf 83' lang='lat' dir='ltr'><strong>municipiorum</strong></span> <span class='ocrx_word' id='word_1_234' title='bbox 1130 2830 1338 2885; x_wconf 82' lang='lat' dir='ltr'><strong>positam,</strong></span> <span class='ocrx_word' id='word_1_235' title='bbox 1393 2829 1623 2870; x_wconf 85' lang='lat' dir='ltr'><strong>liberae</strong></span> <span class='ocrx_word' id='word_1_236' title='bbox 1671 2827 1944 2873; x_wconf 80' lang='lat' dir='ltr'><strong>civitatis</strong></span> 
     </span>
     <span class='ocr_line' id='line_1_30' title="bbox 158 2885 1945 2943; baseline 0.002 -18"><span class='ocrx_word' id='word_1_237' title='bbox 158 2885 404 2940; x_wconf 86' lang='lat' dir='ltr'><strong>signum,</strong></span> <span class='ocrx_word' id='word_1_238' title='bbox 445 2893 494 2929; x_wconf 92' lang='lat' dir='ltr'><strong>ut</strong></span> <span class='ocrx_word' id='word_1_239' title='bbox 524 2887 707 2940; x_wconf 86' lang='lat' dir='ltr'><strong>dicitur,</strong></span> <span class='ocrx_word' id='word_1_240' title='bbox 749 2903 829 2930; x_wconf 90' lang='lat' dir='ltr'><strong>nec</strong></span> <span class='ocrx_word' id='word_1_241' title='bbox 859 2889 1031 2931; x_wconf 85' lang='lat' dir='ltr'><strong>dubitat</strong></span> <span class='ocrx_word' id='word_1_242' title='bbox 1071 2888 1305 2943; x_wconf 84' lang='lat' dir='ltr'><strong>Savignius</strong></span> <span class='ocrx_word' id='word_1_243' title='bbox 1339 2888 1383 2929; x_wconf 91' lang='lat' dir='ltr'><strong>in</strong></span> <span class='ocrx_word' id='word_1_244' title='bbox 1414 2887 1650 2931; x_wconf 88' lang='lat' dir='ltr'><strong>Comment.</strong></span> <span class='ocrx_word' id='word_1_245' title='bbox 1681 2886 1816 2929; x_wconf 85' lang='lat' dir='ltr'><strong>Acad.</strong></span> <span class='ocrx_word' id='word_1_246' title='bbox 1857 2886 1945 2928; x_wconf 90' lang='lat' dir='ltr'><strong>Be-</strong></span> 
     </span>
     <span class='ocr_line' id='line_1_31' title="bbox 155 2942 1944 3004; baseline 0.002 -21"><span class='ocrx_word' id='word_1_247' title='bbox 155 2942 233 2984; x_wconf 85' lang='lat' dir='ltr'><strong>rol.</strong></span> <span class='ocrx_word' id='word_1_248' title='bbox 265 2944 316 2985; x_wconf 90' lang='lat' dir='ltr'><strong>A.</strong></span> <span class='ocrx_word' id='word_1_249' title='bbox 351 2944 476 2988; x_wconf 84' lang='lat'><strong>1814.</strong></span> <span class='ocrx_word' id='word_1_250' title='bbox 508 2947 565 2989; x_wconf 92' lang='lat' dir='ltr'><strong>N.</strong></span> <span class='ocrx_word' id='word_1_251' title='bbox 596 2947 630 2988; x_wconf 94' lang='lat' dir='ltr'><strong>I.</strong></span> <span class='ocrx_word' id='word_1_252' title='bbox 671 2947 871 2990; x_wconf 86' lang='lat' dir='ltr'><strong>similiter</strong></span> <span class='ocrx_word' id='word_1_253' title='bbox 899 2954 948 2990; x_wconf 90' lang='lat' dir='ltr'><strong>ut</strong></span> <span class='ocrx_word' id='word_1_254' title='bbox 975 2948 1021 2989; x_wconf 92' lang='lat' dir='ltr'><strong>in</strong></span> <span class='ocrx_word' id='word_1_255' title='bbox 1052 2947 1222 3004; x_wconf 90' lang='lat' dir='ltr'><strong>oppidis</strong></span> <span class='ocrx_word' id='word_1_256' title='bbox 1255 2947 1419 2990; x_wconf 80' lang='lat' dir='ltr'><strong>veteris</strong></span> <span class='ocrx_word' id='word_1_257' title='bbox 1451 2945 1684 2998; x_wconf 84' lang='lat' dir='ltr'><strong>Saxoniae‚</strong></span> <span class='ocrx_word' id='word_1_258' title='bbox 1716 2959 1844 3001; x_wconf 88' lang='lat' dir='ltr'><strong>quum</strong></span> <span class='ocrx_word' id='word_1_259' title='bbox 1869 2945 1944 3001; x_wconf 84' lang='lat' dir='ltr'><strong>jus</strong></span> 
     </span>
     <span class='ocr_line' id='line_1_32' title="bbox 159 3001 1942 3064; baseline 0.003 -22"><span class='ocrx_word' id='word_1_260' title='bbox 159 3001 349 3044; x_wconf 82' lang='lat' dir='ltr'><strong>civitatis</strong></span> <span class='ocrx_word' id='word_1_261' title='bbox 390 3005 697 3059; x_wconf 81' lang='lat' dir='ltr'><strong>obtinuissent,</strong></span> <span class='ocrx_word' id='word_1_262' title='bbox 750 3007 926 3049; x_wconf 86' lang='lat' dir='ltr'><strong>comites</strong></span> <span class='ocrx_word' id='word_1_263' title='bbox 977 3019 1186 3062; x_wconf 82' lang='lat' dir='ltr'><strong>pagorum</strong></span> <span class='ocrx_word' id='word_1_264' title='bbox 1225 3004 1438 3064; x_wconf 87' lang='lat' dir='ltr'><strong>praefecti</strong></span> <span class='ocrx_word' id='word_1_265' title='bbox 1478 3003 1633 3046; x_wconf 85' lang='lat' dir='ltr'><strong>statuis</strong></span> <span class='ocrx_word' id='word_1_266' title='bbox 1674 3003 1861 3046; x_wconf 86' lang='lat' dir='ltr'><strong>Rolandi</strong></span> <span class='ocrx_word' id='word_1_267' title='bbox 1899 3003 1942 3047; x_wconf 86' lang='lat' dir='ltr'><strong>in</strong></span> 
     </span>
     <span class='ocr_line' id='line_1_33' title="bbox 156 3060 1943 3120; baseline 0.002 -20"><span class='ocrx_word' id='word_1_268' title='bbox 156 3060 250 3100; x_wconf 89' lang='lat' dir='ltr'><strong>loco</strong></span> <span class='ocrx_word' id='word_1_269' title='bbox 302 3062 477 3116; x_wconf 86' lang='lat' dir='ltr'><strong>publico</strong></span> <span class='ocrx_word' id='word_1_270' title='bbox 530 3064 682 3120; x_wconf 82' lang='lat' dir='ltr'><strong>positis</strong></span> <span class='ocrx_word' id='word_1_271' title='bbox 733 3067 872 3107; x_wconf 83' lang='lat' dir='ltr'><strong>sorum</strong></span> <span class='ocrx_word' id='word_1_272' title='bbox 921 3065 1226 3120; x_wconf 82' lang='lat' dir='ltr'><strong>significabant</strong></span> <span class='ocrx_word' id='word_1_273' title='bbox 1273 3080 1315 3107; x_wconf 84' lang='lat' dir='ltr'><strong>v.</strong></span> <span class='ocrx_word' id='word_1_274' title='bbox 1358 3063 1686 3119; x_wconf 76' lang='lat' dir='ltr'><strong>spangenberg.</strong></span> <span class='ocrx_word' id='word_1_275' title='bbox 1726 3063 1863 3106; x_wconf 79' lang='lat' dir='ltr'><strong>Beitr.</strong></span> <span class='ocrx_word' id='word_1_276' title='bbox 1904 3077 1943 3104; x_wconf 88' lang='lat' dir='ltr'><strong>z.</strong></span> 
     </span>
     <span class='ocr_line' id='line_1_34' title="bbox 158 3116 1944 3180; baseline 0.003 -23"><span class='ocrx_word' id='word_1_277' title='bbox 158 3116 315 3159; x_wconf 85' lang='lat' dir='ltr'><strong>Kunde</strong></span> <span class='ocrx_word' id='word_1_278' title='bbox 361 3120 400 3160; x_wconf 88' lang='lat' dir='ltr'><strong>d.</strong></span> <span class='ocrx_word' id='word_1_279' title='bbox 446 3122 639 3165; x_wconf 85' lang='lat' dir='ltr'><strong>deutsch.</strong></span> <span class='ocrx_word' id='word_1_280' title='bbox 690 3123 1134 3166; x_wconf 85' lang='lat' dir='ltr'><strong>Rechtsalterthiimer</strong></span> <span class='ocrx_word' id='word_1_281' title='bbox 1173 3139 1214 3180; x_wconf 91' lang='lat' dir='ltr'><strong>p.</strong></span> <span class='ocrx_word' id='word_1_282' title='bbox 1261 3122 1328 3166; x_wconf 83' lang='lat'><strong>13.</strong></span> <span class='ocrx_word' id='word_1_283' title='bbox 1367 3121 1582 3178; x_wconf 83' lang='lat' dir='ltr'><strong>Equidem</strong></span> <span class='ocrx_word' id='word_1_284' title='bbox 1625 3122 1770 3179; x_wconf 82' lang='lat' dir='ltr'><strong>plures</strong></span> <span class='ocrx_word' id='word_1_285' title='bbox 1810 3122 1944 3165; x_wconf 83' lang='lat' dir='ltr'><strong>fuisse</strong></span> 
     </span>
     <span class='ocr_line' id='line_1_35' title="bbox 158 3178 1881 3238; baseline 0.003 -21"><span class='ocrx_word' id='word_1_286' title='bbox 158 3191 311 3218; x_wconf 88' lang='lat' dir='ltr'><strong>causas</strong></span> <span class='ocrx_word' id='word_1_287' title='bbox 342 3180 531 3222; x_wconf 83' lang='lat' dir='ltr'><strong>arbitror</strong></span> <span class='ocrx_word' id='word_1_288' title='bbox 561 3195 638 3223; x_wconf 83' lang='lat' dir='ltr'><strong>cur</strong></span> <span class='ocrx_word' id='word_1_289' title='bbox 668 3182 793 3238; x_wconf 84' lang='lat' dir='ltr'><strong>signa</strong></span> <span class='ocrx_word' id='word_1_290' title='bbox 824 3182 1017 3238; x_wconf 79' lang='lat' dir='ltr'><strong>satyrica</strong></span> <span class='ocrx_word' id='word_1_291' title='bbox 1044 3184 1091 3224; x_wconf 92' lang='lat' dir='ltr'><strong>in</strong></span> <span class='ocrx_word' id='word_1_292' title='bbox 1121 3183 1227 3225; x_wconf 83' lang='lat' dir='ltr'><strong>foris</strong></span> <span class='ocrx_word' id='word_1_293' title='bbox 1258 3182 1571 3224; x_wconf 82' lang='lat' dir='ltr'><strong>dedicarentur.</strong></span> <span class='ocrx_word' id='word_1_294' title='bbox 1879 3178 1881 3184; x_wconf 72' lang='grc'>’</span> 
     </span>
    </p>

    <p class='ocr_par' dir='ltr' id='par_1_6' title="bbox 276 3233 1942 3299">
     <span class='ocr_line' id='line_1_36' title="bbox 276 3233 1942 3299; baseline 0.001 -20"><span class='ocrx_word' id='word_1_295' title='bbox 276 3234 355 3292; x_wconf 79' lang='lat' dir='ltr'><strong>[k]</strong></span> <span class='ocrx_word' id='word_1_296' title='bbox 411 3238 596 3294; x_wconf 86' lang='lat' dir='ltr'><strong>Propter</strong></span> <span class='ocrx_word' id='word_1_297' title='bbox 626 3241 773 3283; x_wconf 89' lang='lat' dir='ltr'><strong>urbem</strong></span> <span class='ocrx_word' id='word_1_298' title='bbox 806 3242 1000 3297; x_wconf 84' lang='lat' dir='ltr'><strong>Tegeam</strong></span> <span class='ocrx_word' id='word_1_299' title='bbox 1033 3236 1135 3299; x_wconf 73' lang='grc' dir='ltr'><em>ὅρος</em></span> <span class='ocrx_word' id='word_1_300' title='bbox 1166 3240 1214 3285; x_wconf 74' lang='grc' dir='ltr'><strong>τὸ</strong></span> <span class='ocrx_word' id='word_1_301' title='bbox 1242 3238 1446 3294; x_wconf 75' lang='grc' dir='ltr'><strong><em>Ἀλήσιον</em></strong></span> <span class='ocrx_word' id='word_1_302' title='bbox 1479 3237 1554 3281; x_wconf 75' lang='grc' dir='ltr'><strong>διὰ</strong></span> <span class='ocrx_word' id='word_1_303' title='bbox 1594 3236 1675 3290; x_wconf 73' lang='grc' dir='ltr'><strong>τὴν</strong></span> <span class='ocrx_word' id='word_1_304' title='bbox 1713 3233 1826 3292; x_wconf 70' lang='grc' dir='ltr'><strong>ἄλην</strong></span> <span class='ocrx_word' id='word_1_305' title='bbox 1856 3253 1942 3280; x_wconf 83' lang='grc' dir='ltr'><strong>κα-</strong></span> 
     </span>
    </p>
   </div>
   <div class='ocr_carea' id='block_1_5' title="bbox 158 3289 1940 3397">
    <p class='ocr_par' dir='ltr' id='par_1_7' title="bbox 158 3289 1940 3397">
     <span class='ocr_line' id='line_1_37' title="bbox 158 3289 1940 3396; baseline 0.001 -60"><span class='ocrx_word' id='word_1_306' title='bbox 158 3289 389 3396; x_wconf 48' lang='grc' dir='ltr'><strong>λοὺἓιεενονι</strong></span> <span class='ocrx_word' id='word_1_307' title='bbox 410 3299 485 3350; x_wconf 81' lang='grc' dir='ltr'><strong>τῆς</strong></span> <span class='ocrx_word' id='word_1_308' title='bbox 510 3296 630 3347; x_wconf 76' lang='grc' dir='ltr'><em>Ῥέας</em></span> <span class='ocrx_word' id='word_1_309' title='bbox 658 3299 786 3342; x_wconf 85' lang='lat' dir='ltr'><strong>Paus.</strong></span> <span class='ocrx_word' id='word_1_310' title='bbox 822 3301 941 3343; x_wconf 91' lang='lat' dir='ltr'><strong>VIII.</strong></span> <span class='ocrx_word' id='word_1_311' title='bbox 977 3300 1043 3341; x_wconf 91' lang='grc'><strong>10.</strong></span> <span class='ocrx_word' id='word_1_312' title='bbox 1076 3315 1186 3356; x_wconf 81' lang='lat' dir='ltr'><strong>quae</strong></span> <span class='ocrx_word' id='word_1_313' title='bbox 1218 3296 1300 3353; x_wconf 56' lang='grc' dir='ltr'><strong>[ἴλη</strong></span> <span class='ocrx_word' id='word_1_314' title='bbox 1333 3299 1504 3340; x_wconf 82' lang='lat' dir='ltr'><strong>Cereris</strong></span> <span class='ocrx_word' id='word_1_315' title='bbox 1546 3293 1690 3354; x_wconf 79' lang='grc' dir='ltr'><em>πλάνῃ</em></span> <span class='ocrx_word' id='word_1_316' title='bbox 1734 3297 1940 3353; x_wconf 78' lang='lat' dir='ltr'><strong>aequipa-</strong></span> 
     </span>
     <span class='ocr_line' id='line_1_38' title="bbox 159 3365 1736 3397; baseline -0.002 -5"><span class='ocrx_word' id='word_1_317' title='bbox 159 3365 236 3394; x_wconf 86' lang='lat' dir='ltr'><strong>ran</strong></span> <span class='ocrx_word' id='word_1_318' title='bbox 270 3367 293 3397; x_wconf 86' lang='lat' dir='ltr'><strong>a</strong></span> <span class='ocrx_word' id='word_1_319' title='bbox 323 3368 370 3396; x_wconf 82' lang='lat' dir='ltr'><strong>es</strong></span> <span class='ocrx_word' id='word_1_320' title='bbox 394 3386 401 3396; x_wconf 94' lang='lat'><strong>.</strong></span> <span class='ocrx_word' id='word_1_321' title='bbox 1733 3388 1736 3389; x_wconf 16' lang='lat'><em>⁷</em></span> 
     </span>
    </p>
   </div>
  </div>
 </body>
</html>
