2150 3814
194 265 356 330 1044
722 277 956 326 mnan
1003 273 1435 320 SECUNDUS.

189 408 539 482 διάλεκτον,
595 411 701 471 ἵνα
755 405 952 476 οὕτως
996 408 1135 486 ἔχῃ,
1181 400 1249 465 εὖ
1296 406 1354 469 οἱ
1394 400 1644 486 μύσται.
1688 401 1973 469 Photiu's:

191 510 349 575 Εὗοὶ
393 506 600 590 σαβοί,
643 504 914 586 μυστικὰ
958 506 1074 587 μέν
1117 508 1284 566 ἐστιν
1309 503 1774 588 ἐπιφθέγματα·
1821 500 1978 582 φασὶ

193 610 263 673 δὲ
318 617 392 688 τῇ
438 613 718 690 Φρυγῶν
763 611 942 685 φωνῇ
992 601 1183 681 [adde
1228 601 1492 686 σαβούς]
1550 601 1695 671 τοὺς
1737 597 1978 683 μύστας

194 710 454 787 δηλοῦν·
515 706 621 787 ἀφ’
670 700 746 766 οὗ
790 703 895 766 καὶ
939 704 971 765 ὃ
1020 700 1346 785 Σαβάζιος
1389 700 1713 771 Διόνυσος.
1773 698 1978 775 Hesy-

196 809 395 867 chius:
450 808 718 887 Εὔσαμα
774 801 1173 887 ἀναφώνημα
1227 803 1554 864 εὐαστικὸν
1603 801 1716 864 ’καὶ
1757 804 1980 883 βακχι-

192 907 307 970 κόν
350 905 709 991 ἐπίφθεγμα
728 950 750 978 ,
794 903 900 966 καὶ
941 904 1064 988 γὰρ
1108 904 1179 965 τὸ
1223 898 1551 985 βακχεύειν
1595 899 1835 976 εὐάζειν
1876 900 1982 963 καὶ

196 1009 449 1090 σαβαῖοι
502 1002 928 1088 βακχεύοντες.
1028 1001 1348 1061 Postremo
1405 1002 1706 1072 fuerunt.
1745 1001 1851 1079 qui
1877 1019 2003 1086 (ex-

191 1107 288 1167 his
334 1105 825 1187 epiphonematis
859 1121 1085 1161 nomen
1123 1100 1258 1172 υἱός
1294 1102 1736 1182 exsculperent.
1782 1098 1983 1158 Schol.

194 1205 438 1264 Barocc.
495 1204 577 1264 ad
620 1206 766 1264 Eur.
810 1203 1079 1261 Phoenn.
1125 1221 1184 1262 v.
1230 1201 1373 1260 649.
1425 1203 1669 1282 βοῶσαι
1711 1201 1845 1262 εὐοῖ
1881 1200 1984 1262 εὖ-

194 1305 275 1369 dcv
330 1306 470 1383 ῧης,
538 1307 737 1389 ’ἤγουν
791 1301 886 1365 υἱὲ
941 1309 1055 1364 τοῦ
1101 1299 1282 1371 Διός·
1340 1308 1526 1362 τοῦτο
1569 1298 1692 1386 γάρ
1739 1303 1866 1362 ἐστι
1907 1298 1979 1360 τὸ

193 1402 395 1472 εὐίοις.
441 1402 548 1461 ubi
594 1402 762 1481 quod
805 1400 948 1460 Ald.
996 1410 1059 1458 et
1100 1400 1283 1459 Basil.
1329 1399 1627 1479 praebent
1669 1396 1982 1481 Εὗβοίοις,

193 1511 287 1562 est
342 1521 489 1562 sane
547 1502 983 1561 documentum
1040 1501 1331 1578 antiquae
1386 1499 1756 1579 scripturae,
1826 1515 1981 1577 quae

189 1603 503 1682 plerisque
557 1604 622 1661 in
679 1603 830 1660 locis
890 1619 927 1659 a
982 1599 1254 1659 librariis
1313 1597 1517 1658 deleta
1573 1609 1695 1672 est,
1731 1595 1850 1657 *sed
1891 1617 1984 1656 re·-

191 1711 316 1762 stat
377 1704 441 1761 in
510 1705 777 1786 Εὔβιος,
850 1700 1017 1781 quod
1073 1719 1149 1760 ex
1206 1700 1452 1759 oraculo
1511 1718 1608 1779 ap.
1668 1698 1984 1758 Socratem

189 1802 353 1861 Hist.
411 1802 574 1860 Eccl.
618 1803 724 1860 ΙΙΙ.
771 1801 871 1859 23.
916 1819 1105 1879 supra
1150 1801 1468 1859 attulimus
1482 1843 1500 1873 ‚
1563 1809 1625 1858 et
1667 1801 1734 1858 in
1781 1798 1980 1858 Schol.

190 1901 378 1962 Arist.
423 1901 586 1962 AVV.
633 1901 775 1959 873.
822 1900 854 1961 ὃ
903 1900 1089 1969 αὐτὸς
1134 1900 1509 1982 (Σαβάζιος)
1536 1900 1684 1969 ‘'Yag
1717 1899 1823 1962 καὶ
1854 1899 1982 1960 Εὖ-

194 2005 377 2084 βαῖος
433 2007 742 2073 καλεῖται,
799 1998 907 2058 ubi
961 1999 1076 2057 Ed.
1130 1998 1268 2058 Bas.
1325 2002 1588 2081 Εὖιμος,
1648 1998 1782 2060 cod.
1828 1999 1980 2059 Rav.

191 2103 452 2173 Εὓαῒος,
516 2098 684 2178 quod
745 2100 1020 2156 omnium
1065 2101 1405 2177 pessimum
1450 2101 1794 2178 quum-sit,
1838 2117 1982 2177 pro-

189 2197 373 2259 batur
415 2208 623 2258 tamen
667 2197 911 2278 Toupio
957 2196 1039 2256 ad
1082 2197 1349 2275 Hesych.
1394 2219 1455 2278 p.
1505 2198 1643 2257 126.
1711 2199 1989 2277 Ejusque

190 2300 529 2378 scripturae
583 2299 766 2379 plura
824 2307 1154 2379 supersunt
1196 2299 1263 2358 in
1306 2299 1670 2358 Latinorum
1715 2317 1833 2356 usu
1875 2315 1983 2358 ve-

190 2399 399 2475 stigia:
443 2400 662 2457 Euan
707 2399 951 2458 euhoe
994 2398 1291 2458 Euhius
1336 2399 1574 2458 Ennius
1619 2418 1699 2478 ap
1747 2395 1978 2457 Charis.

189 2497 265 2556 11.
312 2496 466 2556 214.
523 2496 703 2556 unde*
742 2494 1045 2556 Columna
1099 2516 1159 2575 p.
1204 2497 1349 2556 407.
1405 2499 1720 2574 Euhyus
1765 2496 1979 2570 edidit,

189 2605 261 2656 ut
301 2595 463 2656 Acro
516 2595 599 2656 ad
639 2595 793 2655 Hor.
837 2597 884 2654 I.
931 2594 1045 2654 od.
1097 2596 1192 2654 18.
1248 2597 1443 2656 Persii
1484 2597 1678 2659 verba
1721 2597 1977 2656 afferens

190 2695 513 2771 Euhyon
579 2697 1026 2773 ingeminat.
1108 2695 1499 2774 Euthyius
1565 2698 1789 2757 Accius
1844 2697 1976 2757 Ma-

190 2795 352 2856 crob.
409 2795 534 2855 Sat.
590 2794 693 2854 VI.
738 2793 795 2854 5.
856 2815 917 2857 v.
961 2795 1170 2855 Bothii
1212 2796 1456 2875 Fragm.
1502 2797 1678 2876 Trag.
1722 2817 1784 2878 p.
1834 2796 1972 2856 190.

188 2895 484 2955 Euhius
543 2894 756 2954 Sidon.
811 2894 1017 2977 Apoll.
1074 2895 1295 2955 ExcUS.
1353 2896 1435 2956 ad
1490 2891 1677 2957 Felic.
1722 2917 1782 2958 v.
1832 2893 1972 2957 172.

187 2994 530 3054 Euchius
578 2996 644 3054 in
689 2994 864 3054 codd.
907 2995 1179 3055 Lucretii
1221 2995 1294 3054 V.
1338 2997 1483 3057 742.
1529 3005 1592 3056 et
1634 2996 1876 3056 Petron.
1921 3017 1969 3055 c.

185 3093 288 3154 41.
349 3094 597 3155 evhoe
640 3095 953 3156 Paullinus
999 3092 1201 3156 Carm.
1246 3094 1328 3155 ad
1370 3097 1556 3157 Felic.
1599 3117 1662 3159 v.
1707 3096 1850 3157 281.
1897 3095 1967 3156 Τ.

187 3190 350 3253 VIII.
407 3192 565 3252 Gall.
596 3190 667 3274 [Β]
730 3195 930 3256 Schol.
987 3195 1070 3257 ad
1123 3197 1285 3258 Pers.
1340 3197 1387 3256 I.
1444 3196 1543 3257 99.
1624 3196 1967 3258 Euchius

301 3359 354 3418 [Θ
360 3362 378 3419 ]
425 3362 592 3406 Nomen
599 3363 846 3432 scriptoris
874 3365 1023 3409 Eubi
1035 3380 1097 3408 us
1142 3367 1213 3410 Ov
1214 3367 1273 3410 i.d
1318 3365 1399 3408 Tri
1403 3369 1454 3409 s.t
1494 3365 1553 3410 ΙΙ.
1597 3366 1638 3409 1.
1679 3365 1779 3408 410.
1819 3369 1962 3422 potest

183 3434 230 3462 es
211 3433 278 3465 sse
307 3433 509 3478 graecum
538 3416 623 3466 Ε”ὶ
583 3425 694 3475 υίος,
736 3424 946 3480 quomodo
974 3424 1135 3468 tibicen
1165 3425 1406 3470 nominatur
1435 3423 1682 3468 Alexandro
1712 3429 1876 3480 gratus.
1915 3436 1955 3464 v.
