2184 3840
249 238 374 299 856
805 253 1027 297 menn
1066 251 1471 297 SECUNDUS.

251 383 477 443 affectis
533 382 810 462 partibus
864 381 1272 460 applicuisset.
1369 381 1572 459 Euge
1615 379 2014 460 Sophista!

252 482 375 543 Sed
416 483 520 541 ille
562 481 952 540 formularius
996 482 1098 559 qui
1140 479 1338 541 vellus
1383 480 1640 542 ovillum
1677 481 2019 559 σκέπαρνον

252 582 438 654 dixit,
494 581 612 639 nisi
672 598 770 639 res
814 578 890 637 ab
934 577 1324 637 Artemidoro
1367 581 1504 659 ipso
1550 578 1631 638 ad
1674 574 2020 658 exemplum

253 681 541 756 Dionysii
579 678 822 754 tyranni
858 677 999 737 ficta
1038 686 1150 750 est,
1195 687 1353 736 certe
1388 679 1569 755 hujus
1606 681 1672 737 in
1702 677 2021 737 scribendo

254 777 718 839 similitudinem
774 786 1062 854 sequutus
1107 786 1229 849 est3
1299 794 1566 856 namque
1617 778 1777 837 hunc
1818 779 2022 856 ipsum

252 879 417 937 illius
476 875 761 936 vocabuli
816 893 1025 948 usum,
1093 893 1277 955 quem
1344 874 1600 935 Luciani
1654 877 2024 936 scholiastes

254 976 335 1035 ad
381 974 519 1037 Jov.
565 972 807 1034 Confut.
853 973 906 1055 ξ.
957 975 1050 1034 ll.
1094 995 1154 1054 p.
1181 975 1323 1034 212.
1371 974 1439 1034 T.
1475 960 1576 1033 IV.
1621 994 1733 1054 pro
1778 975 2025 1054 publico

253 1086 314 1134 et
379 1075 650 1151 legitimo
715 1073 1002 1133 habuisse
1072 1073 1345 1148 videtur,
1413 1093 1552 1134 cum
1610 1076 1825 1134 ceteris
1879 1076 2029 1152 regii

255 1185 475 1253 poetae
518 1175 927 1247 scitamentis,
982 1174 1202 1234 cadum
1246 1172 1600 1257 ἑλκύδριον,
1648 1174 1870 1235 bovem
1914 1199 2029 1260 ya—

256 1273 446 1356 ρόταν
475 1270 572 1354 [⁶¹¹]
623 1274 897 1351 jaculum
953 1271 1330 1354 βαλλάντιον
1391 1274 1591 1334 dicere
1659 1275 1826 1346 ausi,
1895 1293 2031 1354 per-

254 1375 591 1450 stringunt,
678 1374 780 1451 qui
854 1391 1044 1451 supra
1122 1369 1447 1432 Caesarem
1514 1391 1648 1432 esse
1712 1372 2030 1446 dicuntur,

257 1472 670 1530 Grammatici.
750 1490 811 1531 v.
876 1469 1121 1530 Hellad.
1192 1471 1365 1531 Phot.
1435 1469 1820 1532 CCLXXIX.
1889 1474 2032 1533 870.

255 1569 486 1630 Anecd.
530 1570 720 1628 Bekk.
766 1571 835 1630 T.
878 1571 954 1628 II.
997 1569 1142 1629 734.
1187 1573 1363 1649 eique
1405 1574 1471 1630 in
1511 1572 1629 1630 hoc
1671 1591 1889 1649 genere
1937 1591 2033 1632 ca-

259 1669 526 1728 cozeliae
569 1666 920 1729 Choerilum
963 1671 1202 1730 sociant
1244 1681 1307 1730 et
1348 1669 1843 1750 Euphorionem,
1885 1690 2033 1751 quo-

257 1788 393 1827 rum
447 1769 626 1827 illum
682 1769 903 1830 fluvios
945 1778 1056 1855 γῆς
1099 1772 1366 1852 φλέβας,
1419 1768 1659 1849 lapides
1700 1779 1812 1856 γῆς
1854 1771 2035 1835 ὀστέα

259 1869 638 1947 appellasse,
695 1868 859 1947 quod
916 1877 979 1928 et
1034 1868 1257 1945 Pythia
1311 1888 1463 1928 ausa
1518 1878 1641 1941 est,
1708 1871 1762 1928 si
1817 1889 2034 1931 verum

258 1978 467 2027 narrat
512 1967 775 2030 Ovidius
791 1969 863 2049 [θ]
911 1978 973 2027 et
1025 1969 1133 2028 alii
1187 1969 1560 2049 complures;
1615 1968 1774 2028 hunc
1828 1980 2034 2030 autem

260 2065 566 2152 ναυαγός,
623 2086 748 2126 non
801 2077 871 2126 ut
923 2069 1107 2146 vulgo
1167 2070 1490 2148 accipitur,
1549 2067 1660 2127 sed
1701 2086 1814 2149 pro
1856 2072 2036 2131 navis

262 2166 513 2225 ductore
556 2186 902 2247 usurpasse,
947 2176 1009 2226 et
1051 2178 1367 2247 praeterea
1407 2167 1617 2231 ἐλαίαν
1658 2175 2036 2253 γλαυκῶπιν,

264 2264 512 2349 ἀρότρῳ
555 2267 908 2347 ἐνοσίχθονι
924 2264 991 2346 [f]
1040 2267 1259 2346 quibus
1301 2267 1651 2327 Athenaeus
1687 2266 1795 2325 111.
1834 2267 1935 2327 99.
1961 2266 2036 2327 Α.

262 2351 462 2444 plura
496 2365 672 2426 addit
729 2367 1095 2427 abusionum
1150 2368 1459 2447 exempla,
1543 2365 1834 2428 Nicandri
1875 2369 2038 2448 aspi-

268 2465 410 2526 dem
456 2468 805 2549 ἲοχὲαιραν,
847 2465 1174 2526 Alexarchi
1217 2467 1444 2544 gallum
1487 2465 1887 2550 ὀρθροβόαν,
1944 2487 2037 2526 ce-

385 2648 469 2708 [d‘l]
530 2648 742 2709 Βαρύταν
776 2651 911 2694 tacite
944 2644 1118 2706 scripsit
1146 2649 1389 2694 Meinekius
1429 2651 1483 2694 ad
1521 2650 1663 2707 Euph.
1693 2664 1736 2706 p.
1769 2649 1868 2696 163.
1906 2664 2038 2712 prop-

270 2716 338 2753 ter
367 2709 594 2763 Allatium,
624 2715 743 2766 puto,
778 2709 852 2766 qui
878 2709 925 2751 in
954 2709 1095 2765 Epist.
1127 2708 1247 2750 Socr.
1278 2708 1399 2752 LIII.
1430 2706 1574 2768 ἀρύαν
1602 2708 1751 2751 edidit.
1780 2709 1845 2751 Ac
1874 2709 2038 2752 Schne-

272 2771 389 2811 ferus
419 2781 588 2824 quoque
617 2783 685 2825 ap.
717 2767 852 2810 Orell.
885 2781 926 2823 p.
949 2764 1048 2810 284.
1078 2763 1279 2826 γαρόταν
1308 2769 1585 2825 compositum
1615 2781 1712 2809 esse
1740 2771 1886 2823 negat.
1949 2767 2035 2810 Ce-

271 2832 367 2868 tera
396 2827 563 2882 quidem
601 2826 813 2869 vocabula
851 2824 1118 2881 Dionysiana
1158 2827 1392 2883 composita
1432 2831 1531 2869 sunt
1569 2825 1822 2881 minimeque
1862 2825 2036 2868 dialecti

277 2885 596 2955 Syracusanae!
642 2885 845 2954 propria,
905 2897 1042 2953 neque
1095 2883 1220 2927 video
1277 2898 1354 2926 cur
1407 2880 1602 2944 γαρότας
1647 2884 1782 2927 minus
1831 2884 2038 2940 probetur

275 2942 1386 3059 3¹:2¹5..tami,.2‘22¹55.1.E535.‘4„.'{'§Y¹}h2.
1411 2944 2038 3054 {lmssuffsiss‘ilssffiondfffftssss

275 3058 508 3114 Dionysius
548 3059 678 3112 fecit,
721 3059 795 3116 qui
839 3059 878 3102 si
914 3061 1024 3114 βοῦν
1065 3054 1231 3119 ἀρόται)
1270 3059 1474 3112 dixisset,
1526 3072 1618 3101 cum
1666 3058 1796 3114 vulgo
1837 3058 2036 3115 loquutus

278 3123 405 3159 esset.

397 3203 461 3259 [θ]
508 3202 685 3246 Metam.
714 3203 749 3246 1.
781 3202 879 3246 388.
907 3217 950 3247 v.
979 3202 1202 3246 Ruhnken.
1232 3203 1286 3246 ad
1318 3203 1479 3247 Muret.
1510 3203 1636 3248 Varr.
1667 3202 1809 3244 Lectt.
1838 3201 1892 3244 X.
1922 3201 1962 3243 2.

304 3382 322 3419 t
360 3315 463 3418 17[ἑ]
508 3331 548 3359 ν.
588 3317 740 3360 Naeke
779 3317 830 3360 de
869 3318 1069 3361 Choerilo
1103 3331 1145 3374 p.
1178 3316 1271 3359 189.
1326 3315 1528 3359 Meineke
1558 3316 1610 3358 de
1641 3315 1832 3373 Euphor.
1863 3331 1902 3372 p.
1938 3313 2030 3358 163.

280 3391 301 3418 e
444 3407 452 3417 .
