2150 3814
200 188 364 250 1032
555 264 557 267 ι
728 198 967 245 Lmen
1010 201 1438 247 SECUNDUS.

195 330 558 420 καταλόγοις
614 341 676 391 et
719 331 842 422 alia
899 330 1220 409 ejusmodi.
1308 331 1579 392 Primam
1633 333 1816 412 hujus
1869 335 1977 397 ad-

194 435 528 495 notationis
572 440 813 511 partem
856 431 1254 492 manifestum
1296 444 1391 493 est
1442 442 1719 515 spectare
1775 433 1856 494 ad
1908 437 1979 494 il-

197 533 307 594 lud
375 534 648 593 solemne
716 531 1023 604 Siculum,
1093 551 1213 611 quo
1274 535 1577 594 iresionae
1630 535 1722 593 in*
1750 553 1986 615 pompa

201 631 668 702 circumductae,
715 639 785 688 ut
831 630 1094 705 videtur,
1139 634 1468 693 missilium
1504 637 1698 695 instar
1730 634 1983 716 popello

200 733 282 793 ad
327 728 744 811 diripiendum
786 732 1308 811 proponebantur.
1393 733 1494 792 De
1548 735 1666 794 hoc
1713 735 1986 815 loquitur

202 833 388 891 etiam
432 830 811 907 Hesychius:
899 830 1194 915 Δράξων·
1259 838 1325 899 ἐν
1382 836 1637 917 Σικελίᾳ
1693 836 1847 916 (scil.
1903 837 1987 897 ἱε-

201 930 318 1015 ρόν
382 956 444 993 τι
496 928 576 1011 ἦν
632 937 1025 1011 Κοτυττοῢς)
1100 940 1185 1005 εἰς
1250 936 1284 998 ὃ
1355 939 1414 998 οἱ
1473 935 1737 1021 γεωργοὶ
1805 935 1988 1014 εὐχὰς

201 1034 503 1114 ἔπεμπον,
549 1033 705 1096 ὅθεν
747 1032 853 1095 καὶ
895 1031 1242 1117 Δράξοντες
1285 1034 1676 1116 ἐκλήθησαν,
1720 1053 1847 1095 non
1883 1035 1989 1114 qui

198 1133 516 1191 mitterent
571 1132 680 1192 sed
736 1135 840 1213 qui
897 1133 1236 1215 diriperent
1288 1138 1661 1197 rusticorum
1718 1134 1991 1194 donaria.

201 1231 328 1291 Sed
371 1231 538 1292 idem
581 1252 810 1294 nomen
854 1235 1043 1294 etiam
1088 1235 1168 1294 de
1211 1237 1348 1296 aliis
1393 1234 1773 1296 lucrionibus
1817 1253 1993 1294 usur-

199 1340 452 1413 patum,
526 1352 679 1412 quos
745 1334 1156 1413 Etymologus
1225 1338 1523 1415 significat
1582 1336 1680 1396 his
1752 1334 1991 1397 verbis:

204 1431 488 1514 σημαίνει
542 1431 612 1494 δὲ
684 1433 840 1513 (καὶ)
906 1435 1052 1504 τοὺς
1106 1439 1236 1497 κατ’
1297 1435 1539 1522 ἀγοράν
1592 1446 1701 1495 etc.
1770 1434 1991 1513 quibus

202 1550 358 1611 quae
400 1532 742 1612 praemissa
786 1544 961 1593 erant
1018 1534 1095 1593 de
1150 1535 1389 1596 ludicro
1448 1536 1692 1608 Siculo,
1755 1533 1994 1593 excide-

200 1642 374 1706 runt,
431 1634 592 1692 sicut
645 1635 711 1692 in
755 1635 1147 1714 sequentibus
1191 1649 1338 1717 post
1381 1638 1578 1707 οὕτως
1626 1636 1997 1718 Ἐρατοσθέ-

201 1757 312 1811 νης
357 1733 637 1812 elapsum
681 1733 930 1795 videtur
972 1753 1200 1796 nomen
1255 1738 1620 1817 antiquioris
1677 1736 1996 1816 scriptoris

203 1850 264 1894 V.
311 1853 358 1892 c.
404 1831 707 1917 Σώφρων
762 1828 852 1898 δὲ’
888 1835 1286 1915 καπηὸάλους
1344 1839 1531 1923 λέγει,
1593 1838 1729 1898 sive
1781 1836 1994 1915 potius

201 1932 683 2017 καψικιὸάλους,
752 1952 873 2013 quo
942 1938 1195 1995 nomine
1252 1947 1313 1995 et
1370 1937 1508 1995 aliis
1571 1935 1995 2015 compluribus

202 2034 575 2112 significatur
617 2034 938 2095 hominum
990 2055 1180 2113 genus
1235 2034 1423 2095 hodie
1477 2037 1789 2113 ignotum,
1846 2035 1997 2095 olim

204 2151 355 2195 vero
397 2132 782 2213 percelebre,
837 2134 1002 2208 fora,
1057 2133 1407 2194 diribitoria
1422 2177 1441 2207 ,
1495 2135 1804 2213 porticus,
1859 2135 1997 2195 loca

203 2252 380 2293 sacra
444 2243 506 2293 et
561 2233 824 2313 profana
877 2234 1270 2314 frequentare
1326 2234 1596 2294 solitum.
1692 2230 1997 2314 Ulpianus

205 2335 272 2392 in
315 2334 496 2393 Dem.
540 2353 601 2412 p.
648 2330 785 2393 Cor.
830 2355 891 2415 p.
934 2335 1037 2395 76.
1081 2334 1156 2395 A.
1213 2332 1632 2420 σπερμολόγος
1690 2333 1812 2396 ἀπὸ
1868 2341 1999 2398 τῶν

204 2436 447 2516 βωμῶν
492 2435 804 2518 συλλέγων
846 2435 928 2497 τὰ
972 2436 1369 2517 ἐπιτιθέμενα
1424 2434 1546 2498 ὑπὸ
1591 2440 1724 2496 τῶν
1767 2434 1991 2497 ἄλλων·

204 2531 366 2612 τάχα
410 2531 479 2595 δὲ
517 2533 721 2612 πένης,
767 2534 799 2595 ὃ
834 2533 915 2595 τὰ
950 2534 1383 2599 ἅποπίπτοντα
1424 2533 1545 2596 ἀπὸ
1580 2540 1714 2597 τῶν
1750 2536 1993 2615 βαστα-

210 2631 451 2709 ζόντων
496 2630 983 2716 ἀναλαμβάνων.
1042 2632 1179 2693 Hos
1223 2653 1540 2694 saccorum
1583 2632 2000 2694 fatiscentium

209 2732 637 2794 observatores
705 2743 839 2811 tum
902 2735 970 2792 in
1039 2734 1176 2794 aliis
1250 2736 1434 2808 lociS,
1512 2733 1622 2793 ubi
1689 2732 1999 2793 frumenta

209 2834 486 2913 aliaeque
543 2851 775 2902 merces
811 2819 1296 2914 >exponebantur
1323 2833 1413 2916 [4¹]
1444 2851 1449 2858 ·
1476 2843 1539 2894 et
1591 2832 1996 2914 imponeban-

209 2943 339 3006 tur,
384 2942 518 2992 tum
563 2935 753 2994 etiam
794 2935 863 2994 in
903 2935 1120 2995 Piraeo
1166 2938 1340 3015 quasi
1384 2937 1451 2994 in
1495 2935 1763 2994 statione
1806 2934 1995 2993 collo-

211 3042 380 3092 catos
424 3033 618 3093 fuisse
675 3033 919 3109 credaS,
980 3035 1087 3095 ubi
1143 3038 1417 3097 maxima
1470 3035 1818 3113 bajulorum
1875 3034 1995 3092 fre-

213 3134 478 3212 quentia.
565 3133 752 3214 Apud
795 3135 1232 3216 Alciphronem
1275 3138 1380 3197 III.
1425 3136 1541 3216 Ep.
1586 3134 1717 3194 VII.
1760 3135 1994 3214 parasi-

334 3287 427 3345 [α’]
470 3288 615 3345 Etym·
648 3291 710 3333 Μ·
743 3290 841 3335 347·
898 3291 1136 3351 Ἐξαίρεσις
1162 3284 1402 3352 Ἀθήνῃσιν
1435 3293 1550 3336 ἔνθα
1590 3286 1901 3350 ἐξαιρούμενοι
1941 3288 1994 3332 τὰ

216 3350 382 3405 φορτία
419 3346 696 3394 ἀπετίθεντο.
