2150 3814
832 219 1279 265 onnfl1CA.
1779 205 1941 265 1077

166 356 427 416 runda.
471 353 706 415 Nonius
750 345 1023 407 defien.
1069 344 1198 406 Cib.
1243 366 1304 427 p.
1342 345 1482 406 552.
1526 350 1941 412 turundam

167 467 250 516 ut
316 456 552 515 libum
619 468 918 511 sacrum
988 445 1364 528 quoddam
1420 464 1508 504 ex
1565 447 1772 507 farre
1827 469 1940 527 ge-

167 574 305 614 nus
360 552 762 633 panificii,
825 547 990 628 quod
1047 547 1265 607 Graeci
1316 544 1559 629 πόλφον
1602 547 1803 607 dicere
1846 550 1941 610 vi*

170 654 420 725 dentur,
479 650 553 714 id
602 661 695 709 est
745 648 1001 732 μήρυμα
1046 652 1111 710 ἐκ
1156 645 1430 719 σταιτός,
1467 655 1547 729 'ut
1589 647 1808 707 Pollux
1849 650 1942 710 in-

168 759 569 830 terpretatur,
630 753 861 833 βριῦμα
917 748 1225 818 πολτιῦὸες
1268 746 1619 806 ErotianuS.
1686 748 1942 809 vPlinius

163 850 244 911 H.
301 850 374 910 N.
424 850 647 910 XVIII.
706 851 765 909 8.
836 859 909 909 et
962 846 1192 907 hodie
1248 864 1466 906 sacra
1523 848 1943 926 prisca-at-

167 970 309 1029 que
351 951 737 1010 natalium
781 950 1004 1029 pulte
1047 947 1346 1006 fritilla
1380 946 1942 1006 conficiuntur.
2034 1012 2036 1016 λ

168 1048 414 1119 Πόλτος
478 1052 549 1112 τὸ
617 1051 990 1142 Πυανεψιον
1057 1049 1266 1128 {Qunam
1335 1043 1829 1120 Hesyel1.sie11t
1879 1051 1945 1111 ἐν

165 1157 294 1220 τοῖς
367 1144 637 1228 Θησείοις
707 1147 966 1231 ἃθάραν
1033 1147 1264 1224 ἤσθιον
1325 1143 1529 1205 Schol.
1586 1143 1755 1202 Plut.
1799 1144 1943 1203 637.

163 1247 609 1324 Collyriorum
630 1265 855 1306 nomen
914 1245 1308 1305 diffamarunt
1353 1241 1762 1320 Collyridiani
1803 1244 1945 1304 hae-

159 1350 331 1407 retici
346 1346 445 1427 [†],
491 1366 748 1427 quorum
795 1338 1293 1426 superstitionem
1320 1344 1706 1424 Epiphanius
1751 1344 1820 1404 L.
1843 1344 1945 1403 111.

163 1448 232 1507 Τ.
288 1449 334 1506 Ι.
381 1468 428 1506 c.
473 1449 575 1507 78.
605 1456 682 1506 -et
723 1447 825 1506 79.
884 1466 943 1526 p.
994 1444 1173 1504 1054.
1232 1445 1310 1503 D.
1367 1453 1685 1524 comparat
1744 1442 1946 1503 idolo-

159 1550 381 1607 latriae
446 1549 863 1607 Israelitarum
935 1547 1179 1622 reginae
1239 1545 1566 1603 coelorum
1632 1545 1945 1624 placentas

163 1646 559 1729 (Chavanim)
628 1646 1118 1716 immolantium,
1202 1645 1666 1724 amphiphontis
1732 1646 1945 1718 instar,

159 1757 231 1807 ut
274 1749 389 1809 Ev.
437 1747 583 1807 Otto
630 1755 836 1806 censet
869 1745 967 1803 De
1012 1744 1130 1801 diis
1177 1743 1319 1803 vial.
1365 1763 1424 1821 p.
1461 1743 1562 1801 42.
1600 1754 1943 1803 exornatas·

328 1848 609 1923 Pyramis
644 1844 829 1904 unde
886 1844 1049 1902 dicta
1103 1844 1219 1915 sit,
1286 1853 1526 1903 veteres
1584 1842 1946 1924 disceptant.

159 1948 368 2024 Etym.
423 1946 507 2005 M.
565 1944 862 2027 Πυραμίς
914 1946 952 2024 ἡ
1008 1948 1072 2006 ἐκ
1128 1951 1347 2025 πυρῶν
1402 1943 1508 2004 καὶ
1550 1945 1792 2025 μέλιτος
1833 1945 1948 2014 ὥς·-

160 2072 273 2131 περ
321 2047 609 2128 σησαμίς·
654 2044 816 2115 τινὲς
860 2044 928 2107 δὲ
975 2045 1095 2107 ἀπὸ
1140 2038 1253 2106 τοῦ
1301 2041 1624 2122 σχήματος.
1669 2045 1792 2103 nisi
1834 2061 1948 2123 po-

160 2150 382 2208 sterior
438 2149 678 2225 glossae
730 2163 877 2225 pars
935 2144 1014 2204 ad
1070 2143 1209 2202 illas
1239 2140 1625 2218 'Pyramides
1681 2145 1948 2222 pertinet

161 2247 438 2328 quibus
493 2265 768 2306 nomen
827 2264 865 2303 a
922 2239 1234 2302 flamma
1290 2242 1722 2324 inditum[³]
1770 2261 1948 2322 quas-

159 2367 276 2427 que
341 2367 451 2406 nec
515 2357 760 2427 tempus
829 2344 987 2404 edax
1054 2351 1381 2401 conterere
1421 2346 1661 2423 potuit,
1715 2343 1947 2402 nedum

159 2449 413 2507 humani
469 2446 699 2505 dentes„
767 2443 1021 2505 Accedit
1074 2442 1452 2519 Hesychius:
1510 2449 1949 2526 Πυραμοῢντα

157 2550 270 2629 τὴν
315 2547 673 2630 πυραμίδα,
730 2544 896 2604 unde
954 2553 1214 2622 apparet
1269 2562 1388 2622 quo
1437 2545 1578 2622 jure
1635 2543 1948 2621 Schweig-

159 2650 493 2709 haeuserus
548 2647 629 2707 ad
672 2647 892 2707 Athen.
937 2643 1102 2703 XIV.
1148 2642 1291 2702 647.
1339 2641 1403 2702 C.
1451 2642 1703 2716 dixerit,
1747 2669 1944 2726 πυρα-

159 2751 263 2834 μίς
318 2747 523 2829 apud
578 2747 871 2805 nullum
931 2744 1536 2803 Grammaticum
1582 2746 1947 2823 tanquam

162 2851 579 2930 placentae
621 2865 896 2906 nomen
940 2863 1366 2904 occurrere.
1457 2843 1581 2902 Sed
1626 2843 1948 2922 distinguit

163 2950 382 3011 Athen.
441 2936 602 3010 XIV.¹
659 2947 802 3007 647.
873 2946 939 3005 Β.
1009 2948 1349 3027 Ἰατροκλῆς
1404 2941 1778 3024 μνημονεύει
1831 2952 1946 3006 τοῦ

164 3058 637 3132 πυραμοῦντος,
664 3047 1001 3130 ’διαφέρειν
1044 3047 1237 3131 λέγων
1275 3052 1381 3123 τῆς
1417 3044 1796 3127 πυραμίδος
1842 3070 1947 3130 γε·

166 3150 392 3212 νέσθαι
435 3149 557 3233 γὰρ
600 3146 838 3226 ταύτην
882 3151 948 3210 ἐκ
990 3154 1211 3230 πυρῶν
1256 3147 1713 3227 πεφωσμένων,
1758 3139 1944 3208 αὗται

287 3302 348 3358 Η]
395 3318 434 3343 v·
465 3303 682 3348 Muenter.
716 3303 900 3347 Miscell.
930 3303 1064 3347 Hafn.
1098 3303 1155 3344 T.
1190 3302 1223 3343 Ι.
1257 3301 1383 3342 Fasc.
1416 3301 1475 3342 II.
1511 3297 1607 3343 154.

290 3360 365 3417 [ὃ]
428 3361 572 3407 Schol.
606 3363 739 3419 Cruq.
773 3363 826 3404 ad
858 3363 966 3405 Hor.
1000 3362 1052 3404 L.
1084 3362 1166 3403 111.
1199 3359 1268 3402 30.
1301 3359 1340 3401 2.
