2184 3840
275 265 399 324 868
802 272 1039 316 Llssssa
1082 268 1511 313 SECUNDUS,

277 405 487 467 tudine
543 404 621 463 de
675 401 943 462 anclabri
997 399 1249 458 dicatur.
1309 417 1365 456 v.
1410 394 1756 456 Hemsterh.
1801 392 1881 453 ad
1924 394 2044 453 Lu-

276 509 426 567 cian.
470 504 635 564 Dial.
679 502 864 562 Deor.
908 497 1047 557 XX.
1083 498 1226 557 303.
1271 495 1338 555 T.
1373 498 1449 555 II.
1483 492 1860 571 Pherecydes
1898 511 2046 554 vero

275 604 430 666 illud
474 602 720 663 triviale
762 616 987 658 nomen
1031 595 1302 679 τράπεζα
1346 598 1595 656 omnino
1639 599 1703 655 in
1748 595 1890 654 aula
1914 611 2047 652 coe-

275 706 415 765 lesti
473 701 673 762 audiri
728 706 936 775 negat,
1004 695 1144 768 sed,
1206 703 1275 752 ut
1329 695 1557 754 fercula
1613 695 1708 755 dis
1764 694 2052 775 apposita

274 803 438 882 θύη,
485 803 573 859 sic
616 801 896 856 mensam
940 792 1203 877 θυωρόν
1247 795 1485 867 vocari,
1529 794 1656 854 fere
1699 804 1768 854 ut
1814 794 2049 868 Sanny—

274 904 368 960 rio
413 898 578 958 deos·
608 897 764 956 dixit
803 894 1130 956 sacrificale
1173 911 1399 952 nomen
1427 894 1703 966 πέλανος,
1751 893 1915 972 quod
1942 892 2050 950 ho-

278 999 472 1057 mines
530 1015 653 1055 non
709 999 830 1056 nisi
886 995 962 1054 de
1017 995 1189 1053 fertis
1234 993 1443 1053 dicunt
1458 994 1508 1073 [³
1547 1036 1563 1063 ,
1609 991 1687 1051 ad
1733 1010 1914 1050 omne
1958 1009 2053 1066 ge-

277 1115 391 1157 nus
439 1097 642 1178 operis
675 1097 931 1177 pistorii
974 1094 1320 1154 transferre.
1381 1094 1595 1171 quue
1639 1091 1899 1150 fortasse
1941 1090 2055 1148 ho-

276 1198 472 1256 mines
502 1195 847 1256 vadmonere
891 1195 1119 1267 voluit,
1162 1204 1233 1253 ut
1274 1194 1512 1273 quoties
1555 1191 1636 1251 ad
1681 1188 2057 1272 epulandum

281 1295 685 1369 considerent,
729 1313 975 1354 mensae
1019 1294 1358 1354 convivalis
1403 1294 1869 1353 sanctimoniam
1914 1289 2057 1349 deo-

279 1415 416 1455 rum
459 1396 856 1475 hospitalium
900 1403 962 1452 et
1006 1393 1478 1452 domesticorum
1523 1393 1816 1470 religione
1851 1407 2060 1449 conse-

281 1504 509 1556 cratam
555 1494 673 1554 sibi
717 1503 857 1552 ante
902 1493 1110 1551 oculos
1164 1501 1596 1571 proponerent.
1682 1492 1928 1551 Etenim
1974 1490 2062 1549 sic

280 1597 556 1676 reperio,
615 1602 856 1655 veteres
899 1591 1179 1651 doctores
1202 1601 1357 1650 ‘tum
1401 1592 1661 1651 aliarum
1703 1609 1909 1668 rerum
1951 1607 2063 1648 no*

282 1695 552 1754 minibus
597 1703 726 1752 tum
771 1693 1038 1750 maxime
1079 1693 1176 1764 iis,
1221 1710 1376 1770 quae
1420 1691 1498 1750 ad
1543 1690 1797 1750 deorum
1832 1689 2062 1749 cultum

282 1795 608 1873 pertinent,
651 1791 1072 1851 sublimiorem
1117 1790 1419 1870 quendam
1462 1791 1836 1850 intellectum
1863 1789 2063 1867 subje-

285 1894 439 1953 cisse
507 1902 568 1950 et
631 1909 751 1971 quo
820 1890 1063 1949 facilius
1117 1890 1436 1950 hominum
1492 1892 1732 1950 animos
1789 1910 1825 1949 a
1879 1889 2063 1949 rebus

285 1991 657 2072 quotidianis
703 1999 765 2048 et
808 1991 1091 2070 pervagis
1136 1989 1218 2049 ad
1250 1992 1487 2069 majora
1520 2001 1581 2050 et
1611 1990 1919 2050 diviniora
1941 1998 2063 2048 tra-

288 2090 593 2164 ducerent,
635 2091 730 2148 his
774 2099 1065 2168 tanquam
1110 2091 1297 2168 signis
1332 2101 1394 2150 et
1425 2090 1851 2150 memoraculis
1884 2097 2064 2170 prae-

289 2200 605 2270 ceptorum
648 2188 988 2247 salubrium
1031 2208 1176 2250 usos
1220 2209 1371 2263 esse,
1415 2210 1535 2270 qua
1577 2192 1814 2250 ratione
1840 2188 2063 2266 Pytha-

290 2290 477 2366 gorei,
520 2297 590 2346 ut
630 2278 986 2349 Plutarchus
1030 2291 1119 2349 ait
1162 2287 1408 2364 Quaest.
1441 2292 1614 2350 Rom.
1643 2290 1895 2351 LXXII.
1920 2287 2062 2349 352.

290 2387 483 2479 μικρὰ
547 2386 835 2472 μεγάλων
902 2393 1220 2453 ἐποιοῦντο
1290 2389 1609 2473 σύμβολα,
1679 2401 1740 2449 et
1804 2389 1883 2449 de
1936 2390 2064 2448 suis

293 2485 646 2565 aequalibus
707 2484 1178 2563 Chrysostomus
1236 2488 1339 2547 Or.
1395 2490 1473 2548 de
1525 2491 1689 2548 Pecc.
1733 2488 1902 2548 fratr.
1941 2505 2068 2547 non

295 2586 492 2662 evulg.
537 2585 606 2645 T.
648 2586 753 2644 ΙΠ.
789 2585 930 2663 3418.
963 2587 1042 2645 D.
1088 2587 1182 2647 ed.
1227 2588 1444 2648 Montf.
1487 2589 1594 2651 διὰ
1636 2596 1820 2652 τοῦτο
1863 2596 2065 2651 ταῦτα

298 2687 548 2771 λέγομεν
589 2685 669 2748 τὰ
712 2686 1182 2771 παραδείγματα
1226 2687 1331 2770 (de
1364 2688 1634 2768 lucerna)
1674 2694 1744 2753 ἐν
1770 2690 1860 2760 οἷς
1888 2711 2063 2772 στρε-

298 2783 574 2866 φόμεθα,
620 2789 686 2848 ἐν
716 2787 807 2857 οἷς
844 2791 1045 2868 ἐσμεν,
1088 2793 1193 2852 ἵνα
1235 2789 1340 2851 καὶ
1382 2794 1536 2851 οἴκοι
1577 2787 1897 2874 γενόμενοι
1937 2788 2060 2850 ἀπὸ

297 2892 426 2947 τῶν
481 2889 547 2949 ἐν
596 2887 774 2969 χερσὶ
825 2886 1207 2972 πραγμάτων
1252 2887 1671 2971 λαμβάνωμεν
1711 2887 2063 2969 ὑπόμνησιν

418 3051 491 3120 [J]
512 3047 618 3122 „Ap
646 3054 859 3111 Harpocr.
889 3070 923 3097 s.
952 3071 994 3100 v.
1026 3057 1224 3100 πέλανον
1253 3058 1481 3116 καλοῦμεν
1499 3054 1627 3115 ἡμεῖς
1649 3058 1694 3100 οἱ
1713 3058 1816 3100 θεοὶ
1839 3052 1868 3099 ἃ
1889 3058 2062 3098 καλεῖτε

302 3121 478 3166 σεμνῶς
505 3110 659 3168 altpt&
692 3109 820 3170 ὑμεῖς
859 3115 904 3157 οἱ
930 3117 1101 3172 βροτοί·
1142 3115 1224 3158 nisi
1254 3111 1421 3174 ι”λφιτα
1450 3115 1506 3157 ab
1536 3110 1667 3172 ἅλφω
1698 3115 1911 3159 derivavit
1940 3116 2063 3170 quasi

302 3174 637 3235 magmenta,
680 3184 762 3212 non
791 3171 915 3214 video
947 3186 1127 3229 quanam
1143 3173 1200 3215 in
1228 3187 1276 3216 re
1303 3175 1380 3217 illa
1409 3169 1624 3231 σεμνότης
1662 3174 1804 3229 posita
1843 3173 1911 3214 sit.
1970 3171 2063 3213 Du·

300 3226 397 3293 blto·
434 3240 488 3267 an
527 3229 710 3285 γυμναῖς
758 3231 980 3287 scripserit
1028 3232 1057 3274 i.
1097 3246 1135 3274 e.
1175 3232 1308 3285 nude,
1355 3232 1531 3275 directe.
1610 3231 1805 3275 Clemens
1855 3231 1965 3272 Exc.
2008 3243 2063 3272 ex

301 3283 461 3339 Scnpt.
501 3284 713 3328 Theodot.
754 3301 796 3343 p.
827 3288 925 3331 985.
966 3289 1079 3333 Pott.
1123 3287 1326 3334 διδάσκει
1363 3289 1608 3346 (Christus)
1648 3287 1751 3338 τοὺς
1786 3285 2062 3336 ἀποστόλους

299 3343 462 3411 πρῶτοί
501 3343 589 3400 μὲν
633 3348 827 3395 ῖυπικῶς
866 3349 942 3391 καὶ
989 3350 1211 3406 μυστικῶς
1251 3373 1308 3380 -
1348 3373 1404 3381 -
1447 3346 1501 3391 τὰ
1544 3347 1595 3392 δὲ
1634 3351 1760 3406 τρίτα
1788 3349 1948 3406 σαφῶς
1985 3347 2061 3390 καὶ

300 3414 497 3457 γυμνως.
