2150 3814
220 206 382 268 1172
546 171 579 213 ⁰
778 216 1010 260 moun
1055 215 1420 261 TERTIUS.

215 350 397 413 divus
464 345 939 426 chrysostomus
1007 345 1258 419 docent,
1320 365 1580 429 quorum
1635 346 1991 405 testimonia

214 449 653 528 Wesselingius
697 446 779 506 ad
822 443 1262 507 confutandam
1314 446 1581 507 Diodori
1637 446 1993 527 opinionem

216 551 426 611 attulit
467 551 559 626 [¹¹].
634 546 917 606 Herculis
976 555 1180 605 autem
1242 537 1466 607 numen
1525 555 1764 607 constat
1814 545 1994 605 invo-

214 668 382 711 casse
455 665 668 707 omnes
741 646 962 726 quibus
1029 644 1210 703 celeri
1279 649 1507 707 auxilio
1578 664 1734 726 opus
1804 644 1996 704 foret:

217 751 365 832 ὅπερ
411 749 504 831 ἐφ’
543 747 911 830 Ἡρακλέους
954 739 1250 831 γενέσθαι
1292 748 1449 829 φασὶ
1501 748 1648 816 τοὺς
1702 748 1858 809 ὅπου
1915 743 1995 822 δὴ

213 855 327 933 γῆς
368 846 425 928 ἢὸ
453 845 772 927 θαλάττης
814 843 1169 925 πάσχοντας
1209 854 1448 920 κακῶς,
1506 850 1738 909 ἐκεῖνον
1791 850 1999 907 καλεῖν

215 948 322 1011 καὶ
363 950 646 1028 τοῦνομα
675 946 831 1029 πρὸς
874 945 1232 1028 ἐπικουρίαν
1276 950 1563 1030 ἐπαρκεῖν
1605 943 1820 1005 Liban.
1849 942 2001 1022 Epi-

217 1046 385 1129 taph.
428 1044 656 1107 Julian.
701 1046 771 1107 T.
798 1046 844 1106 Ι.
889 1045 1032 1107 584.
1077 1044 1453 1123 Hesychius:
1497 1052 1648 1128 Ηρα
1687 1041 1897 1108 καλόν.
1925 1041 1999 1121 [⁰]

216 1148 332 1211 τὸν
367 1148 668 1231 Ἡρακλέα
711 1153 796 1216 εἰς
837 1145 1146 1229 βοήθειαν
1182 1144 1443 1210 ἐκάλουν
1478 1146 1809 1231 γενομένης
1836 1142 2003 1227 βίας,

181 1245 384 1306 unde
444 1246 629 1307 ducta
709 1257 803 1306 est
870 1256 1119 1323 satyrae
1185 1245 1604 1305 varronianae
1681 1243 2002 1322 inscriptio

215 1345 629 1419 Hercules,
714 1356 920 1404 tuam
1007 1344 1274 1405 fidem!
1359 1345 1741 1425 eundemque
1817 1343 2003 1402 deum

217 1443 524 1505 Aristides
594 1447 684 1504 ait
741 1446 1146 1504 communiter
1216 1464 1355 1504 cum
1411 1445 1613 1504 Matre
1669 1462 1889 1521 magna
1943 1451 2006 1501 et

218 1545 541 1605 Dioscuris
597 1543 749 1616 coli,
809 1543 976 1624 quod
1033 1545 1351 1622 naufragio
1395 1545 1814 1624 periclitantes
1858 1541 2007 1601 libe-

219 1656 315 1705 ret
359 1644 462 1705 Or.
518 1646 586 1703 in
628 1642 805 1704 Aesc.
848 1665 909 1725 p.
956 1645 1056 1704 32.
1113 1663 1224 1703 nec
1267 1646 1473 1705 minus
1515 1646 1667 1705 haec
1708 1652 2009 1703 testantur

223 1745 590 1822 cognomina
626 1744 1018 1818 Ἀλεξίκακος,
1056 1744 1514 1828 Ἀποτρόπαιος,
1553 1738 1813 1826 Σώτήρ,
1858 1742 2008 1802 De-

221 1844 522 1918 fensor,
568 1843 1018 1919 SomnialiS,
1063 1844 1475 1925 miraculaque
1518 1846 1904 1904 curationum
1949 1854 2011 1902 et

220 1943 716 2024 praedictionum
774 1943 1126 2006 divinarum
1160 1947 1256 2023 [¹³].
1364 1944 1578 2024 Itaque
1635 1946 1823 2004 etiam
1879 1962 2011 2003 mu—

222 2043 511 2104 lierculae
554 2043 632 2104 ab
676 2043 945 2103 Hercule
986 2045 1272 2123 periapta
1328 2055 1391 2101 et
1445 2043 1784 2103 medicinas
1838 2051 2010 2124 pete—

222 2142 402 2216 bant,
458 2161 585 2202 non
627 2159 748 2222 quo
794 2161 936 2203 eum
993 2143 1228 2202 artibus
1286 2143 1538 2220 magicis
1595 2142 1830 2223 pollere
1886 2162 2012 2203 cre-

225 2241 441 2302 derent
483 2242 594 2302 sed
638 2243 783 2323 quia
843 2252 1317 2302 consentaneum
1372 2240 1703 2302 videbatur
1760 2244 2014 2303 heroem

224 2344 703 2403 invictissimum
763 2353 825 2402 et
878 2342 1528 2417 beneficentissimum‚
1592 2362 1774 2423 quem
1822 2343 2011 2422 vulgo

225 2445 399 2521 quasi
444 2443 757 2523 exemplar
808 2444 1058 2502 virtutis
1113 2454 1175 2503 et
1215 2443 1458 2502 roboris
1509 2446 1888 2524 suspicerent
1915 2445 2013 2525 [⁹],

227 2543 413 2602 etiam
472 2561 634 2602 nunc
703 2541 987 2601 omnibus
1055 2541 1354 2602 adversus
1422 2542 1671 2603 morbos
1742 2544 2014 2624 aliasque

346 2725 422 2782 [ΙΙ]
475 2725 546 2768 Cf.
579 2725 631 2768 V.
661 2725 715 2768 D.
758 2726 802 2768 in
832 2725 1019 2768 Observ.
1050 2725 1226 2768 Amstel.
1258 2726 1373 2769 Nov.
1408 2727 1465 2769 Τ.
1496 2727 1532 2769 Ι.
1563 2742 1606 2784 p.
1636 2729 1702 2769 10.

346 2797 425 2854 [⁰]
481 2797 590 2840 Cod.
622 2796 762 2840 Marc.
801 2794 1031 2856 “Ηρακλᾶν
1060 2795 1122 2846 ὥς
1150 2796 1291 2842 καλὸν
1318 2797 1398 2842 τὸν
1423 2796 1648 2857 Ἡρακλέα
1677 2801 1824 2843 λίθον.

346 2867 423 2924 [Ρ]
471 2882 514 2910 v.
551 2867 736 2911 Salmas.
778 2868 913 2911 Solin.
955 2882 996 2924 p.
1039 2866 1140 2911 351.
1182 2869 1267 2911 Ev.
1310 2870 1417 2911 Otto
1463 2870 1518 2912 de
1547 2870 1644 2912 Diis
1685 2869 1787 2912 vial.
1827 2883 1871 2926 p.
1913 2869 2011 2916 126.

226 2922 375 2973 oleat,
413 2925 470 2969 ad
499 2926 704 2970 Philostr.
735 2928 789 2971 V.
821 2928 903 2984 Ap.
934 2927 1056 2969 VIII.
1086 2926 1127 2968 7.
1158 2925 1258 2970 340.
1321 2927 1548 2985 Sprengel.
1584 2928 1701 2971 Hist.
1733 2928 1851 2970 Med.
1884 2928 1940 2971 T.
1971 2930 2010 2973 I.

227 2996 269 3038 p.
303 2980 401 3025 174.
459 2985 642 3029 Aristid.
675 2987 752 3028 Or.
784 2986 862 3027 IV.
893 2983 964 3030 34.
998 2986 1048 3029 ἐν
1076 2983 1296 3046 ,Μεσσήνῃ
1329 2985 1478 3030 νόσων
1507 3001 1553 3029 τε
1587 2983 1781 3030 ἁπασῶν
1809 2984 2011 3031 ἐκλύεται,

227 3042 304 3082 καὶ
332 3044 424 3085 τῶν
453 3043 504 3087 ἐν
532 3046 585 3102 τῇ
638 3041 836 3101 θαλάττῃ
869 3041 1107 3087 κινδύνων.

331 3113 422 3181 ,[41]
476 3113 570 3158 Τὸν
597 3117 686 3174 μὲν
711 3114 936 3175 Ἠρακλέα
966 3113 1197 3174 σύμβολον
1228 3113 1345 3159 εἶναι
1376 3114 1625 3175 δυνάμεως,
1655 3115 1734 3160 τὸν
1766 3117 1814 3162 δὲ
1841 3115 2010 3176 Ἑρμῆν

228 3172 424 3215 πλουτου
456 3172 634 3216 Cosmas
664 3175 873 3233 Indicopl.
899 3175 958 3218 ΙΙ.
987 3176 1081 3218 141.
1137 3172 1359 3232 ”Ηρακλέα
1383 3175 1463 3231 τὴν
1497 3173 1694 3247 δύναμιν
1723 3179 1800 3230 τῆς
1833 3175 2012 3234 φύσεως

227 3229 458 3274 Jamblich.
489 3231 542 3273 V.
557 3232 608 3274 P.
639 3247 677 3276 e.
699 3232 798 3276 155.
825 3233 980 3291 p.131.
1012 3231 1136 3292 παρὰ
1167 3239 1259 3284 τοῖς
1288 3239 1500 3291 φυσικοῖς
1530 3233 1553 3278 ὁ
1591 3236 1805 3292 Ηρακλῆς
1832 3232 2010 3284 σύνεσις

228 3289 307 3331 καὶ
335 3285 449 3342 ἀλκὴ
480 3288 754 3348 λαμβάνεται
796 3292 941 3335 Schol.
981 3292 1123 3349 Apoll.
1167 3293 1204 3335 Ι.
1245 3293 1345 3336 865.
1405 3293 1534 3345 Quod
1577 3294 1742 3337 Malela
1780 3295 2007 3337 Herculem

232 3343 444 3399 τελεστήν
472 3348 516 3390 id
547 3355 612 3392 est
641 3350 819 3406 Magum
851 3351 985 3394 fuisse
1014 3351 1143 3403 dicit,
1185 3352 1385 3395 aliorsum
1424 3357 1603 3410 spectat.
1635 3368 1674 3395 v.
1709 3352 1818 3411 Cap.
1848 3354 1923 3399 VI.
