2150 3814
813 213 1262 258 ORPHICA.
1799 203 1925 265 987

306 470 1223 551 EPIMETRU
1280 472 1372 550 M
1471 471 1761 553 vlll.

451 638 531 690 ad
584 637 643 692 P.
680 636 763 693 11.
819 636 877 692 c,
918 636 989 694 v.
1043 642 1088 703 §-
1125 641 1220 693 37.
1268 649 1402 695 not.
1442 638 1615 712 n.[*].

314 823 844 905 Interpretationis
913 825 1239 885 historicae
1293 826 1427 887 sive
1483 834 1555 886 ut
1610 826 1841 888 Tzetza
1853 829 1928 911 [⁸]

148 933 360 997 vocat,-
417 926 830 1005 pragmaticae
887 925 1067 984 initia
1108 926 1315 1004 posita
1356 935 1500 984 sunt
1541 927 1618 986 ab
1661 928 1934 989 Histori-

152 1025 258 1097 εἰς,
301 1024 638 1099 Hecataeo,
679 1025 786 1103 qui
827 1031 1177 1102 serpentem
1219 1032 1595 1084 venenatum
1639 1036 1703 1084 et
1743 1031 1930 1107 pesti-

146 1124 346 1184 ferum
405 1124 683 1184 faucibus
728 1122 1045 1182 Taenariis
1103 1122 1547 1201 procubantem
1593 1128 1935 1205 confingen-

149 1223 266 1283 dae
309 1223 388 1283 de
434 1223 579 1282 Orci
617 1241 769 1282 cane
799 1219 1065 1281 Cerbero
1098 1220 1355 1283 ‘fabulae
1399 1226 1785 1288 occasionem
1830 1227 1936 1292 de-

148 1321 314 1382 disse
372 1324 661 1403 opinatus
717 1330 811 1382 est
865 1322 1122 1383 Pausan.
1178 1323 1284 1384 111.
1342 1323 1443 1385 25.
1501 1335 1564 1386 et
1604 1325 1936 1389 Herodoro

146 1421 555 1497 Heracleum,
611 1421 1053 1504 superbissimo
1117 1425 1510 1505 antiquarum
1568 1427 1938 1490 fabellarum

144 1523 512 1604 interprete,
577 1525 688 1605 qui
740 1523 921 1584 Atrei
992 1525 1248 1586 arietem
1300 1522 1732 1607 portentosum
1785 1531 1941 1592 nihil

147 1622 320 1683 aliud
364 1643 548 1704 quam
590 1626 883 1706 poculum
929 1644 1185 1686 aureum
1217 1627 1552 1704 sigillatum
1581 1630 1772 1690 fuisse
1798 1649 1940 1690 con-

148 1722 349 1799 tendit
388 1724 613 1787 Athen.
657 1727 759 1787 vl.
804 1726 946 1788 231.
994 1724 1060 1786 C.
1123 1725 1442 1786 Atlantem
1485 1748 1637 1790 vero
1680 1731 1941 1790 astrolo-

148 1842 293 1902 gum
339 1823 529 1886 Clem.
570 1826 799 1887 Str-om.
843 1826 914 1885 L.
956 1826 1004 1885 I.
1048 1845 1109 1906 p.
1154 1825 1298 1886 306.
1320 1824 1394 1907 [¹³]
1438 1827 1791 1889 Promethei
1834 1849 1941 1890 au-

150 1933 276 1983 tem
332 1934 639 1986 tormenta
693 1936 756 1987 et
807 1925 1207 1986 liberatorem
1266 1927 1398 2004 ejus
1426 1927 1773 1990 ,Herculem
1789 1973 1808 2005 ,
1852 1932 1941 1992 sic

149 2025 593 2106 interpretatus
651 2036 772 2101 est,
827 2036 899 2088 ut
947 2026 1216 2087 Aeetum
1271 2027 1533 2089 fluvium
1583 2029 1943 2093 Promethei

148 2127 306 2202 regis
353 2126 627 2203 Scythici
681 2145 857 2205 agros
914 2126 1304 2187 arrodentem
1349 2128 1426 2187 ab
1469 2128 1739 2190 Hercule
1783 2131 1943 2209 deri-

151 2235 367 2285 vatum
411 2245 545 2286 esse
590 2226 819 2286 diceret
864 2226 1064 2286 Schol.
1109 2227 1312 2308 Apoll.
1357 2228 1432 2286 H.
1473 2226 1654 2289 1251.
1699 2230 1941 2293 Phavo-

151 2325 264 2383 rin.
309 2343 356 2384 s.
403 2327 808 2410 Προμηθεύς,
852 2326 1019 2407 quod
1061 2336 1124 2387 et
1166 2326 1450 2388 Diodoro
1492 2329 1730 2408 placuit
1771 2332 1815 2390 1.
1846 2331 1941 2392 19.

153 2435 243 2498 et,
302 2445 484 2507 quem
544 2429 599 2486 is
654 2429 829 2507 sequi
881 2428 1159 2501 videtur,
1219 2427 1523 2506 Agroetae
1565 2430 1941 2508 Libycarum

153 2527 439 2605 scriptori
496 2527 697 2587 Schol.
752 2527 871 2608 Ap.
927 2529 968 2587 l.
1027 2549 1073 2587 c.
1131 2530 1236 2608 qui
1293 2531 1479 2590 etiam
1521 2529 1942 2612 Hesperidum

153 2634 317 2707 μῆλα
382 2645 508 2687 non
574 2629 744 2689 mala
811 2647 998 2690 aurea
1053 2628 1164 2689 sed
1221 2647 1372 2691 oves
1428 2632 1641 2690 eximii
1697 2633 1942 2694 velleris

275 2797 343 2854 [⁸]
395 2797 467 2839 Ex
496 2796 681 2841 Dissert.
711 2798 765 2842 de
794 2798 938 2843 Morte
967 2799 1144 2843 Bacchi.

275 2869 350 2927 [⁸]
381 2871 449 2913 Ad
477 2870 660 2914 Hesiod.
690 2872 805 2929 Opp.
835 2887 877 2915 v.
909 2873 947 2915 1.
980 2889 1024 2932 p.
1055 2874 1096 2916 8.
1126 2873 1177 2915 A.
1208 2888 1250 2930 p.
1280 2872 1353 2916 26.
1385 2875 1436 2915 A.
1476 2880 1524 2916 et
1552 2874 1751 2931 saepius3
1782 2873 1810 2929 ἡ
1835 2874 1935 2918 καθ’

161 2928 361 2986 ἱστορίαν
390 2929 636 2990 ἀλληγορία
666 2930 722 2974 ab
751 2931 986 2979 Eustathio
1015 2937 1197 2978 vocatur
1231 2948 1274 2990 p.
1303 2930 1404 2975 426.

280 2998 352 3057 [b]
396 3002 463 3045 De
492 3003 670 3048 Atlante
698 3003 811 3048 idem
851 3007 1059 3064 suspicati
1099 3009 1198 3049 sunt
1239 3004 1492 3061 Xenagoras
1532 3006 1576 3048 in
1621 3005 1767 3050 Schol.
1804 3006 1940 3049 Arist.

165 3057 308 3101 Nubb.
339 3059 439 3104 397.
482 3062 626 3106 Schol.
657 3063 798 3121 Apoll.
829 3065 905 3108 IV.
935 3064 1033 3108 264.
1074 3066 1253 3109 Diodor.
1295 3065 1375 3106 III.
1413 3064 1484 3108 59.
1525 3064 1680 3108 Cicero
1722 3065 1854 3108 Tusc.
1886 3067 1937 3108 V.

167 3114 208 3159 3.
245 3117 411 3161 Plinius
446 3119 506 3164 H.
536 3122 595 3165 N.
626 3122 685 3165 11.
725 3122 766 3164 6.
799 3122 896 3166 126.
936 3124 1035 3182 Bip.
1075 3125 1236 3176 Demo,
1277 3138 1387 3180 quae
1431 3138 1594 3167 omnem
1633 3124 1940 3181 mythologiam
2011 3158 2013 3160 ψ

167 3174 224 3216 ad
260 3177 600 3224 mathematicam
635 3182 807 3235 retulit,
856 3184 988 3227 Otum
1026 3188 1072 3227 et
1113 3182 1362 3242 Ephialtem
1403 3183 1646 3240 Astrologis
1683 3184 1941 3228 adnumerat

169 3232 313 3277 Schol.
353 3236 531 3282 Lucian.
570 3240 754 3286 Icarom.
792 3257 834 3299 p.
865 3240 938 3289 34.
984 3244 1042 3286 Τ.
1072 3243 1150 3286 ΙΧ.
1191 3242 1264 3286 ubi
1305 3243 1488 3298 pessime
1526 3242 1688 3286 labitur
1727 3243 1938 3294 Clericus,

170 3290 474 3348 Endymionem
502 3299 669 3343 Plinius
697 3301 727 3344 1.
758 3316 795 3344 c.
826 3317 868 3359 p.
902 3301 998 3344 129.
1029 3309 1074 3348 et
1104 3302 1176 3346 alii
1207 3317 1246 3344 v.
1279 3302 1418 3358 Heyn.
1445 3302 1610 3359 0pusc.
1642 3303 1774 3345 Acad.
1806 3303 1864 3345 T.
1879 3302 1937 3344 11.

170 3349 269 3394 234.
330 3354 504 3400 Atreum
534 3357 712 3404 Servius
741 3362 845 3406 Aen.
871 3360 906 3404 Ι.
939 3358 1036 3404 563.
