2150 3814
192 203 381 264 ι1316
681 187 683 191 ’
770 215 1006 260 LIBER
1049 212 1419 258 TER'rms.

211 344 524 427 quandam
594 343 898 404 ludicram
955 352 1017 401 et
1070 343 1461 422 parasiticam
1491 335 1564 421 [¹¹]
1635 340 1988 403 denomina-

211 455 341 507 tam
400 463 530 505 esse
588 443 1029 522 Sciropaectas.
1135 431 1750 518 Schweighaueserus
1812 451 1992 522 σκλη-

212 546 547 630 ροπαίκτας
573 545 1012 623 interpretatur
1056 541 1551 620 periculosos
1595 541 1994 614 ludione8‚

213 644 639 715 difficilia,
713 651 789 701 et
867 640 1327 722 periculosa
1389 640 1704 700 ludicra
1770 659 1997 722 pera-

214 754 514 822 genteS,
584 741 750 821 quod
809 760 846 800 a
898 741 1340 818 significatione
1403 741 1672 799 nominis
1742 740 1999 824 σκληρός

212 844 569 921 longissime
637 849 942 901 remotum
1017 849 1110 899 est
1167 848 1228 897 et
1299 838 1835 917 comprehenditur
1891 860 1999 900 no·-

216 944 382 1002 mine
425 951 555 1005 τῶν
598 947 1132 1025 θαυματουργῶν.
1225 937 1534 1018 Equidem
1589 956 1828 998 scurras
1879 942 2002 1017 sig--

214 1043 448 1101 nificari
494 1041 791 1113 arbitror,
841 1040 1143 1118 jocularia
1190 1058 1265 1098 ex
1322 1047 1601 1118 tempore
1657 1037 2002 1110 fundente8‚

215 1143 320 1221 qui
363 1143 523 1200 inter
568 1142 999 1202 conviviorum
1073 1148 1425 1197 acroamata
1481 1136 1782 1209 ἑπειςόὸια
1833 1127 2001 1219 <Plu-

217 1241 405 1300 tarch.
450 1240 523 1299 V.
570 1238 768 1299 Crass.
815 1259 862 1298 c.
906 1238 1035 1318 40.)
1080 1237 1246 1296 haud
1287 1239 1564 1297 infimum
1611 1237 2008 1297 obtinuerunt

217 1340 423 1397 locum
443 1382 460 1411 ‚
518 1357 631 1396 nec
676 1328 984 1396 dubitabit
1028 1339 1349 1416 quisquam
1395 1339 1542 1416 quin
1601 1344 2007 1419 σκληροπαῖκ-

217 1462 322 1500 ται
366 1437 488 1497 diei
531 1440 852 1517 potuerint
896 1436 974 1495 ob
1036 1435 1382 1518 σκώμματα
1428 1437 1661 1519 σκληρὰ
1703 1437 1809 1498 καὶ
1851 1462 2007 1519 φορ-

219 1536 395 1612 τικά,
466 1537 688 1617 quibus
758 1537 899 1596 illos
962 1537 1374 1595 mercenarios
1424 1536 1797 1613 joculatores
1866 1550 2010 1596 usos

223 1655 357 1697 esse
400 1639 601 1697 sciunt
639 1638 743 1717 qui
1196 1630 1198 1634 ’

437 1766 682 1815 Sarmenti
719 1782 914 1814 scurrae
952 1781 1161 1830 pugnam
1199 1765 1442 1830 Messique
1480 1763 1651 1814 Cicirri
1673 1759 1738 1830 [ἰ]

223 1894 528 1970 cognitam
615 1893 860 1952 habent.
976 1892 1324 1968 Augustum
1380 1879 1736 1952 ‘Suetonius
1800 1873 2011 1967 narrat

224 1994 530 2054 conviviis
575 1994 704 2051 suis
747 1991 1061 2061 interdum
1106 1991 1385 2051 triviales
1442 2012 1518 2051 ex
1563 1989 1738 2051 Circo
1772 1975 2014 2064 ludio&

226 2091 724 2171 frequentissime
781 2101 991 2150 autem
1058 2090 1400 2167 aretalogos
1463 2073 1911 2170 interposuisse
1968 2112 2016 2150 c.

227 2190 331 2249 74.
378 2210 498 2270 quo
536 2192 785 2250 nomine
828 2190 1123 2276 ἡδυλόγοι
1167 2191 1493 2267 significari
1539 2190 1846 2279 videntur,
1891 2209 2017 2264 non

226 2290 335 2349 illa
377 2291 852 2367 significatione,
914 2309 1068 2370 quae
1112 2293 1176 2348 in
1237 2291 1548 2350 veteribus
1595 2289 1834 2349 Glossis
1877 2289 2016 2349 red-

227 2388 429 2448 ditur:
519 2390 803 2450 Scurra
863 2389 1227 2473 ὃρακιστής,
1306 2388 1620 2470 σκώπτῃς,
1687 2385 2013 2476 ἡδυλόγος,

227 2488 337 2547 sed
379 2488 778 2560 fabulatoreS‚
824 2491 1034 2568 quales
1078 2489 1264 2548 hodie
1308 2490 1487 2548 Italia
1529 2490 1758 2548 multos
1814 2488 2015 2561 habet,

229 2587 602 2648 clarissimos
647 2598 854 2648 autem
900 2589 1042 2648 tulit
1084 2588 1346 2662 Arabia,
1402 2590 1469 2648 in
1524 2589 1677 2649 foris
1735 2598 1796 2657 et
1851 2607 2016 2648 com-

350 2788 425 2847 [h]
476 2793 747 2849 Hesychius:
778 2796 994 2853 Σκίρατες
1025 2793 1133 2848 (sic)
1165 2794 1208 2836 οἱ
1237 2789 1474 2850 προύνικοι
1505 2794 1582 2835 καὶ
1610 2796 1831 2847 κυβευταί.
1894 2792 2013 2835 Idem

230 2846 473 2909 Σκειράξαι
503 2854 851 2911 κρεωφαγῆσαι,
897 2852 1123 2907 conjuncta
1151 2850 1370 2892 helluandi
1410 2856 1454 2892 et
1482 2850 1750 2907 parasitandi
1789 2855 1894 2894 arte.
1936 2851 2014 2894 Li-

231 2908 386 2950 banius
417 2908 538 2951 Decl.
582 2911 640 2953 T.
673 2912 708 2953 1.
751 2911 848 2951 180.
888 2908 992 2959 τοὺς
1032 2906 1440 2969 φιλοσκώμμονας,
1482 2907 1586 2958 τοὺς
1627 2911 2010 2967 φιλοπαίγμονας,

232 2964 336 3015 τοὺς
365 2965 685 3026 κρεωφάγους,
728 2967 831 3018 τοὺς
859 2965 1013 3017 πότοις.
1059 2968 1203 3010 Schol.
1236 2969 1369 3010 Arist.
1401 2969 1511 3012 Avv.
1550 2967 1675 3009 1298.
1738 2968 1907 3010 Midian
1947 2968 2014 3010 di-

235 3024 296 3065 cit
335 3025 552 3079 κυβευτὴν
583 3024 698 3069 εἶναι
729 3029 805 3069 καὶ
835 3028 885 3070 ἐν
914 3029 1043 3085 πυρῷ
1072 3024 1174 3074 τοὺς
1203 3021 1395 3085 ὄρτυγας
1424 3022 1605 3068 κόπτει-ν
1635 3040 1715 3067 scr.
1754 3027 1805 3068 ἓν
1843 3030 2010 3085 Σκίρῳ.

238 3081 355 3124 Mira
385 3089 452 3124 est
481 3089 609 3127 notae
651 3086 920 3128 Tironianae
957 3086 1023 3128 ed.
1066 3085 1208 3139 Kopp.
1250 3099 1290 3140 p.
1322 3083 1421 3127 385.
1462 3083 1761 3139 interpretatio
1794 3085 1850 3126 Τ.
1881 3085 1929 3130 S.
1959 3085 2013 3126 R.

237 3153 290 3181 es
334 3140 737 3198 Sciroplectes
784 3160 827 3187 v.
868 3148 956 3187 not.
1000 3158 1042 3200 p.
1087 3141 1186 3184 645.
1248 3144 1363 3185 Num
1393 3148 1581 3186 tesserae
1629 3142 1929 3198 significantur
1969 3149 2014 3184 et

239 3198 567 3255 Sciropaectes‚
607 3202 689 3244 hoc
719 3206 786 3244 est
816 3202 983 3245 aleator
1011 3201 1065 3243 de
1095 3201 1257 3243 Scire?
1843 3200 1846 3203 ¹

357 3283 424 3341 [i]
476 3287 643 3330 Nomen
673 3291 870 3350 κίκιῤῥος
899 3289 1056 3345 gallum
1086 3288 1332 3343 significare
1362 3287 1516 3339 docent
1554 3288 1811 3343 interpretes
1841 3292 1885 3329 et
1914 3300 2011 3328 ver-

240 3343 338 3385 bum
370 3347 667 3389 cucurrire
699 3344 940 3398 κοκκύζειν.
972 3348 1026 3389 cf.
1059 3346 1226 3401 Flagel.
1259 3346 1418 3388 Gesch.
1453 3346 1528 3387 der
1558 3346 1800 3388 Hofnarren
1832 3360 1874 3402 p.
1905 3343 1972 3387 58.
