2184 3840
853 184 1318 232 onrnicA.
1857 179 1984 239 837

200 316 431 395 &ivm
485 315 554 377 δὲ
613 315 726 376 τὸν
767 314 990 395 καιρὸν
1031 316 1179 376 καθ’
1226 317 1302 378 ὃν
1344 315 1448 378 δεῖ
1486 317 1771 398 σπείρειν,
1818 324 1979 405 λέγε-

201 421 356 477 σθαι
409 416 593 496 παρὰ
635 421 725 495 τῷ
786 413 1081 499 (θεολόγῳ.
1177 423 1386 479 Ταῦτα
1432 416 1498 498 (f.
1544 420 1829 500 τοιαῦτα)
1873 427 1978 485 καὶ

198 518 256 577 οἱ
322 512 772 600 ιΠυθαγόρειοι
839 515 1202 594 ᾗνίσσοντο,
1286 517 1787 599 Φερσεφόνης
1860 522 1977 602 μὲν

192 612 436 683 κύνας
503 614 649 683 τοὺς
716 614 1066 694 πλανήτας,λ
1130 616 1444 699 Κρόνου
1500 616 1568 679 δὲ
1625 618 1977 702 δάκρυον

189 714 302 793 τὴν
358 712 695 777 θάλασσαν
739 733 798 793 p.
844 715 987 775 237.
1029 714 1250 796 (571.).
1306 717 1479 777 Haec
1522 721 1789 779 ostentui
1835 722 1975 797 sint,

187 824 414 893 quanto
473 816 665 874 tutius
708 823 949 895 peccet,
1013 817 1116 894 qui
1159 817 1379 890 nullis,
1425 837 1608 897 quam
1655 822 1760 899 qui
1802 822 1974 883 inva-
2020 819 2023 824 ’

184 913 328 974 lidis
373 925 582 974 utatur
626 917 1018 992 argumentis.
1089 914 1246 973 Nam
1292 919 1346 975 si
1391 913 1672 978 Clemens
1717 922 1972 983 testibus

188 1010 432 1074 omissis
478 1014 700 1092 judicii
753 1015 850 1072 sui
882 1009 1213 1072 *summam
1259 1013 1527 1075 breviter
1571 1024 1970 1097 exposuisset,

186 1114 430 1173 credere
473 1114 684 1172 liceret
728 1116 931 1174 virum
978 1114 1342 1193 perdoctum
1386 1135 1614 1195 perque
1659 1119 1966 1182 eruditum

182 1215 498 1286 habuisse,
558 1233 708 1293 quas
753 1225 1135 1293 sequeretur,
1192 1218 1461 1275 rationes
1506 1219 1790 1296 copiosas
1835 1240 1966 1298 gra-

180 1334 437 1394 vesque,
494 1325 892 1394 posteaquam
951 1316 1250 1396 exemplis
1306 1322 1483 1394 agere
1538 1321 1773 1397 coepit,
1820 1338 1966 1401 ope-

177 1434 309 1475 ram
364 1413 638 1494 perdidit·
692 1433 1056 1496 omnemque
1102 1435 1362 1476 causam
1407 1417 1683 1478 funditus
1728 1424 1964 1481 evertit.

179 1515 489 1596 Equidem¹
529 1525 720 1589 certe,
766 1518 883 1576 etsi
927 1517 1088 1575 hunc
1130 1517 1332 1575 locum
1381 1517 1459 1576 ab
1506 1519 1818 1594 omnibuS,
1861 1526 1964 1600 qui

181 1615 258 1675 de
300 1634 583 1689 sermone
626 1617 828 1694 prisco
872 1619 1189 1695 scripsere,
1234 1619 1510 1675 certatim
1555 1619 1797 1678 laudari
1840 1639 1961 1679 non

180 1736 319 1776 sum
365 1717 634 1786 nesciuS,
679 1722 881 1774 tamen
912 1735 1158 1795 *paucos
1203 1727 1310 1774 aut
1353 1718 1560 1795 potius
1605 1720 1722 1778 vix
1766 1719 1960 1778 ullum

114 1844 120 1849 ·
180 1817 465 1875 existimo
522 1816 814 1893 reperiri,
860 1817 966 1894 qui
1011 1814 1088 1873 de
1134 1816 1388 1892 singulis
1431 1817 1839 1895 interrogatus
1869 1839 1961 1878 ar—

177 1917 511 1994 gumentiS,
570 1933 705 1991 nong
756 1934 1165 1996 responsurus
1209 1917 1318 1989 sit,
1378 1916 1496 1975 sibi
1548 1917 1785 1977 nullum
1829 1918 1964 1998 pla-

179 2037 329 2076 cere.
419 2013 543 2074 Sed
564 2038 570 2070 .·
611 2019 880 2094 primum
953 2034 1317 2094 quaeramus
1386 2016 1464 2075 de
1526 2018 1825 2100 exemplis
1883 2017 1959 2077 ab

181 2116 429 2197 Orpheo
450 2146 452 2148 v
474 2116 703 2196 petitis

978 2285 1030 2365 ξ.
1118 2289 1174 2345 2.

350 2412 530 2485 Quod
584 2413 771 2489 igitur
815 2412 1098 2490 Orpheus
1143 2423 1345 2472 aratra
1388 2415 1671 2495 κερκίδας
1714 2442 1960 2497 καμπυ-

180 2514 490 2597 λόχρωτας
534 2510 724 2584 dixit,
783 2521 845 2570 et
888 2530 1097 2571 semen
1140 2514 1355 2594 μίτον,
1402 2514 1603 2574 sulcos
1649 2534 1799 2576 vero
1845 2519 1959 2578 αὖ-

181 2619 399 2689 λὰκας,
457 2626 551 2675 est
603 2616 754 2675 haec
806 2633 932 2672 non
974 2614 1286 2690 inelegans
1331 2617 1710 2692 comparatio
1757 2618 1960 2695 operis

177 2717 437 2775 textorii·
470 2735 616 2775 cum
652 2734 796 2793 agro
845 2714 1224 2774 cancellatim
1273 2712 1540 2785 sulcam,
1593 2714 1780 2772 aratri
1823 2732 1960 2772 cum

177 2815 355 2876 radio
427 2825 662 2875 tramas
722 2816 1002 2874 staminis
1074 2823 1466 2893 percurrente
1512 2813 1962 2892 ⁸subtemenque

179 2910 476 2996 panucleo
519 2916 869 2977 involutum
912 2917 1239 2986 inserente,
1283 2912 1557 2992 profecta
1597 2914 1724 2986 illa,
1778 2921 1847 2971 ut
1874 2915 1962 2971 vi-

181 3016 378 3091 detur,
423 3035 460 3076 a
495 3016 896 3093 similitudine
931 3016 1261 3076 verborum
1296 3016 1492 3093 ἀροῦν
1525 3022 1587 3071 et
1622 3013 1969 3095 waoofivff]

182 3115 344 3175 unde
389 3118 574 3175 etiam
621 3119 890 3198 ἄβρωμα
937 3126 998 3174 et
1046 3114 1409 3197 ἀφάβρωμα
1455 3113 1545 3190 (id
1581 3113 1691 3186 est,
1738 3111 1962 3194 φάρος)

183 3213 520 3277 derivanda
562 3215 840 3276 arbitror.
928 3215 1143 3294 Neque·
1184 3224 1389 3272 tamen
1434 3212 1716 3292 Orpheus
1766 3220 1961 3271 meta-

219 3347 221 3349 ’
306 3339 366 3395 [⁸]
385 3342 641 3398 *Hesychius
676 3344 888 3401 Φαροῦν,
923 3342 1149 3399 ἀροτριᾷν.
1188 3341 1240 3381 cs.
1275 3336 1526 3398 ἀφάρωτος.
