2150 3814
233 179 396 264 1328
785 209 1021 254 Llssrszn
1077 208 1439 253 TERTIUS.
1507 160 1578 266 ᾗ

228 347 310 408 ad
363 346 697 424 Rupertum
755 337 1042 401 XXXVI.
1102 336 1243 397 304.
1317 334 1754 415 chrysostomo
1810 339 1991 396 tacite

231 440 698 528 Σαμοθράκους
741 438 1143 509 substituenS,
1200 437 1341 494 hoc
1393 440 1726 509 nomine,
1781 438 2000 516 inquit,

234 547 376 607 alii
454 541 851 601 moriones
931 547 1038 617 et)
1081 535 1592 596 ridicularios
1661 555 2001 608 scurraS,

235 646 378 706 alii
419 639 724 721 plebem
769 639 845 696 in
890 635 1206 695 circulis
1251 633 1658 695 ductantes
1693 636 2002 716 planos-

234 763 374 823 que
444 741 755 799 deorum
829 735 1549 795 Samothraciorum
1610 753 2003 794 consecra—

235 859 420 902 neos
491 837 968 914 intelligunt.
1086 834 1308 892 Verum
1361 835 1425 891 in
1483 836 1651 892 omni
1706 836 2009 892 memoria

235 940 580 1002 inauditum
626 945 718 996 est
762 935 1018 995 deorum
1061 952 1422 1011 magnorum
1483 932 1826 993 sacerdotes
1860 933 2009 992 Isia-

239 1060 446 1103 corum
501 1057 672 1098 more
729 1036 1047 1096 circulatos
1101 1052 1450 1112 nomenque
1493 1051 1669 1092 suum
1714 1035 1873 1092 inter
1916 1035 2010 1092 vi-

238 1143 328 1200 les
385 1147 628 1216 agyrtas
684 1146 866 1215 atque
920 1133 1074 1193 adeo
1130 1153 1365 1192 scurras
1419 1133 1730 1212 professos
1775 1146 1908 1193 'esse
1920 1134 2012 1213 [⁰].

240 1241 481 1318 Neque,
539 1239 594 1295 si
648 1238 951 1295 nescimus
1007 1231 1170 1291 unde
1216 1231 1569 1292 Samardaci
1623 1234 1726 1294 vel
1771 1234 2010 1293 Sarma-

242 1340 381 1398 doci
436 1335 731 1416 appellati
775 1336 898 1391 sint
915 1329 986 1411 [ἃ]
1008 1374 1024 1403 ,
1067 1332 1217 1389 haec
1258 1331 1482 1389 idonea
1523 1335 1715 1406 ratio,
1761 1351 1866 1392 cur
1908 1351 2013 1392 eos

244 1434 700 1499 Samothracios
758 1432 947 1491 fuisse
991 1429 1321 1488 credamus,
1407 1429 1617 1509 Aeque
1660 1451 1883 1509 magna
1925 1442 2018 1491 est

242 1542 401 1598 inter
470 1532 733 1594 Cobalos
801 1541 863 1590 et
918 1527 1172 1589 Cabiros
1229 1529 1725 1603 dissimilitudo,
1757 1550 2017 1610 quorum

245 1639 337 1697 illi
394 1635 602 1694 Liberi
658 1632 855 1690 Patris
912 1630 1310 1709 perhibentur
1354 1630 1650 1689 satellites
1695 1629 1912 1690 ludicri
1956 1641 2018 1693 et

246 1736 557 1807 scurriles,
627 1732 693 1790 hi
758 1749 907 1790 vero
975 1738 1087 1788 aut
1140 1729 1393 1789 deorum
1455 1729 2017 1791 Samothraciorum

248 1839 508 1898 cultores
564 1832 973 1894 vetustissimi
1026 1839 1134 1888 aut
1189 1829 1276 1888 dii
1330 1832 1483 1910 ipsi,
1539 1832 1642 1909 qui
1683 1832 1747 1889 in
1791 1842 2020 1907 myste-

247 1940 356 1997 riis
412 1932 794 2002 colebantur,
854 1931 1059 2006 magni
1116 1939 1299 2007 atque
1354 1931 1688 2007 magnifici,
1757 1950 2017 2010 quorum

246 2054 475 2096 nomen
531 2031 612 2090 ad
671 2030 949 2098 homines
1004 2028 1442 2105 nequissimos,
1504 2029 1875 2107 praedones,
1920 2051 2017 2090 ca-

248 2135 595 2204 villatoreS,
657 2145 896 2187 scurras
963 2127 1323 2186 translatum
1395 2128 1765 2208 eosdemque
1829 2130 2017 2189 modo

248 2232 505 2295 Cabiros
548 2227 733 2289 modo
781 2224 1045 2286 cobalos
1091 2225 1284 2286 dictos
1329 2245 1481 2300 esse,
1522 2228 1683 2313 adeo
1725 2239 2023 2308 repugnat

235 2345 320 2394 ut
359 2334 470 2394 vix
510 2331 670 2389 serio
714 2325 1002 2386 affirmari
1043 2324 1342 2386 videatur.
1428 2315 1857 2388 Praetermitto
1902 2332 2020 2389 ori-

250 2434 421 2510 gines
486 2429 750 2488 nominis
817 2427 1107 2497 Punicas,
1173 2425 1443 2500 Indicas,
1523 2428 1887 2488 Hibernicas
1955 2440 2017 2488 et

250 2549 405 2611 quae
456 2529 580 2588 alia
635 2527 913 2586 homines
955 2542 1245 2604 perverse
1288 2524 1454 2584 docti
1496 2537 1558 2586 et
1599 2531 1874 2608 nequiter
1924 2531 2017 2587 in-

368 2713 439 2787 [02
484 2711 706 2755 Plutarch,
740 2710 901 2752 Cleom.
943 2723 979 2751 c.
1010 2708 1132 2751 VIII.
1174 2704 1255 2778 dfio
1284 2712 1376 2753 τῶν
1404 2698 1673 2768 συντρῦφων
1701 2714 1780 2755 τοῦ
1807 2713 2013 2770 Κλεομέ-

256 2787 359 2820 νους
387 2787 464 2819 ους
499 2772 808 2828 Σαμοθρᾷκας
837 2769 1073 2811 καλοῦσιν·
1117 2774 1274 2823 optime
1314 2769 1626 2811 Valckenarius
1665 2769 1782 2812 Diat.
1822 2769 1928 2812 Eur.
1969 2786 2010 2826 p.

251 2829 351 2873 223.
385 2826 595 2887 μόθακας
622 2828 841 2879 emendat,
882 2841 936 2868 ne
965 2826 1060 2882 quis
1088 2840 1243 2867 vernas
1280 2827 1546 2880 Laconicos,
1588 2817 1765 2883 quoruib
1804 2835 1906 2871 nota
1945 2829 2012 2870 di-

252 2887 780 2989 calcita5‚2087amothraces
808 2886 1044 2927 nominatos
1073 2888 1208 2940 putet.
1240 2886 1294 2927 cf.
1325 2885 1506 2941 Segaar.
1538 2886 1594 2928 ad
1625 2885 1756 2928 clem.
1787 2885 1895 2936 Quis
1923 2887 2011 2930 div.

253 2961 300 2988 sa
320 2978 330 2987 .
360 2962 403 3004 p.
523 2978 533 2987 .

369 3043 437 3100 [d]
495 3045 566 3086 Du
598 3043 798 3099 Cangius
845 3043 888 3085 in
931 3043 1074 3084 Gloss.
1115 3041 1194 3083 Gr.
1232 3057 1377 3085 vocem
1419 3042 1713 3084 Africanorum
1755 3057 1848 3085 esse
1889 3044 2008 3097 dicit,

254 3105 437 3145 fortasse
466 3104 568 3158 quia
597 3102 859 3158 Augustinus
889 3115 942 3142 ea
970 3101 1128 3152 utitur3
1158 3114 1212 3141 ex
1241 3100 1350 3144 libro
1364 3101 1618 3152 Talmudico
1646 3102 1879 3158 exemplum
1907 3117 2009 3159 pro—

252 3162 338 3203 fert
366 3161 430 3202 Le
460 3161 623 3216 Moyne
662 3160 717 3202 ad
758 3161 882 3201 Varr.
923 3160 1044 3201 Sacr.
1084 3173 1125 3214 p.
1156 3156 1255 3199 284.
1305 3159 1431 3215 Apud
1469 3159 1533 3201 rei
1572 3160 1771 3215 agrariae
1811 3167 2009 3202 auctores

253 3220 523 3262 samardacus
552 3219 773 3261 terminum
803 3219 1011 3260 bifurcum
1041 3216 1278 3271 significat3
1322 3217 1490 3273 planum
1530 3219 1736 3272 quendam
1767 3232 1861 3261 cum
1891 3219 2006 3274 ligno

252 3278 419 3325 bifurco
461 3292 506 3319 se
543 3282 753 3319 rotantem
790 3277 951 3319 inducit
990 3274 1315 3317 Commodianus
1353 3276 1444 3317 loco
1483 3277 1600 3332 prius
1639 3276 1794 3328 allato,
1833 3291 2006 3333 quorum

250 3349 377 3378 unum
407 3348 500 3378 cum
529 3336 664 3378 altero
696 3350 751 3378 an
780 3334 1046 3390 conjunctum
1075 3333 1154 3384 sit,
1194 3333 1289 3375 aliis
1319 3334 1603 3389 quaerendum
1631 3334 1836 3390 relinquo.
