2184 3840
298 259 425 319 876
833 271 1065 315 LIBER
1110 266 1536 312 SECUNDUS.

297 403 503 464 fuisse.
548 402 706 463 Nam
752 411 813 459 et
856 399 1258 458 Philostratus
1284 397 1352 456 V.
1399 395 1587 476 Soph.
1610 394 1685 453 II.
1715 391 1767 452 1.
1790 389 1934 452 553.
1977 402 2066 451 at-

296 520 429 582 que.
459 501 677 561 Sextus
734 520 780 558 c.
827 499 1096 557 Gramm.
1153 518 1213 576 p.
1257 495 1398 556 264.
1454 494 1756 555 affirmant
1809 493 1876 550 in
1929 491 2067 569 ipsa

297 602 502 661 Attica
544 620 668 660 non
713 615 922 656 omnes
967 595 1184 654 eodem
1228 595 1414 654 modo
1460 614 1570 654 nec
1612 593 1841 674 pariter
1863 589 2067 650 Attice

297 702 493 780 loqui,
554 700 925 773 minimeque
982 695 1152 768 illos,
1208 695 1310 773 qui
1351 696 1416 753 in
1459 694 1610 753 urbe
1652 691 1962 761 habitent,
2007 698 2068 747 et

294 799 736 878 imperativum
793 794 954 876 πρίω
996 793 1484 852 Acharnensibus
1529 782 1933 852 domesticum
1977 796 2066 847 at—

294 916 411 977 que
465 894 860 955 ver-naculum
913 893 1106 954 fuisse
1159 893 1416 982 legimus
1447 893 1537 972 [g].
1623 889 1867 950 Deinde
1909 886 2066 947 illud

291 998 498 1076 ipsum
541 1012 653 1056 vas
695 1013 809 1076 pro
854 1013 1000 1054 usus
1045 1004 1106 1053 et
1147 994 1386 1054 formae
1426 996 1728 1055 varietate
1769 987 2067 1069 pluribus,

293 1114 475 1175 quam
518 1095 715 1155 ullum
761 1094 949 1173 aliud,
993 1094 1343 1155 nominibus
1387 1095 1668 1172 gavisum
1710 1099 1820 1150 est.
1866 1089 2069 1150 Schol.

250 1201 256 1205 ’
290 1195 390 1260 ΙΙ..,
418 1195 641 1255 XVIII.
696 1194 840 1256 410.
885 1194 1162 1279 λάρνακα
1215 1197 1286 1258 τὸ
1331 1193 1679 1275 ἑλληνικόν,
1721 1194 1792 1257 τὸ
1837 1193 1906 1256 δὲ
1951 1194 2064 1256 ἇν-

290 1295 471 1376 τίπηξ
512 1293 779 1379 ὃοόριον,
823 1295 1286 1381 γαζοφυλάκιον
1303 1292 1376 1376 [¹¹]
1420 1297 1525 1359 καὶ
1567 1294 1811 1380 ἀρτάβη
1854 1315 2063 1379 περσι-

291 1394 422 1459 κόν.
514 1394 745 1455 Cistam
807 1394 1052 1476 Cyprii,
1107 1406 1176 1456 ut
1229 1396 1576 1476 Hesychius
1632 1394 1822 1455 tradit
1864 1414 1910 1454 s.
1953 1393 2066 1456 Ki-

289 1499 514 1576 βιοτος,
561 1495 768 1554 dixere
811 1495 1089 1577 θίβωνα,
1136 1497 1242 1556 alii
1284 1497 1486 1580 θίβην
1527 1515 1638 1557 seu
1657 1493 1893 1578 θήβην,
1937 1492 2065 1570 Ly-

291 1596 370 1653 cii
412 1604 618 1654 autem
661 1594 984 1679 πατάραν,
1045 1595 1208 1655 unde
1251 1598 1388 1656 urbi
1429 1598 1664 1656 Pataris
1706 1613 1934 1655 nomen
1973 1595 2065 1652 in-

290 1693 486 1754 ditum
519 1695 711 1755 fertur
728 1692 814 1777 [¹],
858 1705 1097 1758 veteres
1127 1695 1431 1757 Corinthii
1473 1698 1745 1780 κυψέλην
1786 1694 1963 1782 Paris,
1991 1692 2063 1752 V.

293 1793 390 1854 17.
434 1792 536 1854 75.
595 1795 863 1873 Phryges
916 1798 1197 1857 riscum
1250 1799 1479 1858 Donat.
1535 1797 1616 1856 ad
1657 1797 1814 1856 Eun.
1858 1794 1960 1854 IV.
2005 1793 2062 1854 6.

291 1892 388 1954 15.
444 1893 608 1974 quod
664 1916 698 1954 e
752 1915 964 1974 graeco
1018 1898 1273 1980 βρίσχος
1327 1916 1718 1972 conversum3
1773 1896 1912 1970 alii,
1958 1897 2062 1975 qui

286 2013 412 2053 non
453 1998 881 2070 nominantur,
923 1995 1117 2084 γαὸή,
1161 1998 1455 2084 γανὸίον,
1498 2001 1690 2080 βῆνος
1732 1996 1900 2076 apud
1935 1995 2063 2056 He-

290 2095 605 2170 sychium3
650 2100 817 2177 ἑλένη
862 2098 1086 2157 Pollux
1127 2099 1342 2158 fiscum
1386 2100 1857 2179 interpretatur,
1901 2101 1969 2161 ἐν
2013 2093 2064 2178 ᾧ

291 2195 590 2276 φέρουσιν
645 2196 778 2280 ἱεροὶ
836 2198 1068 2277 ἄρῤητα
1125 2205 1253 2268 τοῖς
1288 2198 1749 2280 Ἐλενηφορίοις.
1795 2196 1877 2257 ad
1919 2197 2061 2257 ulti-

288 2311 460 2354 mum
505 2293 703 2377 ἄχάνη
748 2298 1067 2357 nominata
1110 2307 1203 2358 est
1243 2299 1281 2378 ἡ
1324 2298 1596 2382 θεωρικὴ
1629 2297 1803 2378 κίστη
1819 2294 1918 2379 [¹‘],
1964 2303 2060 2360 cui

287 2459 423 2506 τάδάι
451 2466 528 2507 καὶ
556 2463 859 2523 Προςπάλτιοι
888 2465 948 2515 ὥς
975 2468 1228 2513 &exacuant
1252 2473 1335 2511 etc.
1366 2468 1488 2511 Suid.
1518 2483 1552 2510 s.
1574 2470 1835 2527 Δρυαχαρν.
1895 2469 1963 2512 De
1991 2470 2059 2512 his

286 2521 783 2638 gprtsuicgrugnocludibriis
812 2525 867 2567 ad
896 2527 1094 2570 veritatis
1122 2526 1438 2570 similitudinem
1476 2525 1591 2570 fictis
1630 2541 1672 2569 v.
1704 2525 1886 2583 Taylor.
1914 2527 2057 2572 Lectt.

409 2653 485 2709 [g]
532 2655 586 2698 V.
617 2656 673 2698 ad
701 2657 861 2713 Phryn.
891 2672 934 2714 p.
964 2656 1063 2702 360.
1121 2657 1189 2700 De
1217 2659 1351 2704 verbo
1380 2657 1477 2715 ipso
1508 2671 1619 2715 quae
1649 2657 1854 2701 adnotavi
1882 2673 1927 2715 p.
1961 2659 2056 2704 133.

290 2711 433 2769 paullo
462 2711 649 2769 iniquius
677 2715 983 2772 interpretatur
1010 2715 1294 2759 Buttmannus
1322 2717 1368 2759 in
1398 2717 1588 2760 Gramm.
1618 2717 1697 2759 Gr.
1722 2717 1780 2759 T.
1803 2717 1861 2759 Π.
1891 2733 1934 2775 p.
1955 2719 2055 2763 223.

289 2785 342 2813 ea
372 2785 399 2813 a
428 2783 494 2812 me
522 2771 742 2817 intellecta
771 2788 864 2816 esse
894 2788 1080 2830 negans,
1123 2789 1235 2832 quae
1265 2775 1339 2832 qui
1379 2789 1462 2818 non
1502 2775 1742 2831 intelligat,
1784 2776 1890 2818 nihil
1928 2778 2055 2820 intel-

291 2829 476 2871 lecturus
503 2831 717 2875 videatur.
774 2832 986 2888 Equidem
1025 2831 1118 2875 dixi
1155 2848 1233 2891 pro
1272 2835 1463 2890 perfecto
1504 2833 1704 2891 ἐώνημαι
1743 2835 1945 2878 aoristum
1986 2837 2055 2879 vel

290 2887 471 2929 obsoleti
510 2891 747 2946 praesentis
772 2891 1078 2948 ,imperfectum
1117 2889 1344 2950 ἐπριάμην
1384 2894 1590 2937 substitui
1628 2906 1713 2937 non
1752 2907 1878 2948 posse
1916 2908 2055 2950 neque

291 2945 579 2999 Phrynichum
609 2948 882 3006 participium
911 2951 1161 3009 ἐωνημένος
1190 2951 1265 2993 sed
1294 2952 1463 2995 modum
1490 2957 1655 2994 rectum
1684 2945 1883 3009 ἐώνημαι
1911 2967 2054 2998 exem-

292 3003 356 3060 pli
395 3002 489 3046 loco
531 3020 770 3063 proponere
809 3008 1031 3061 debuisse3
1081 3014 1295 3065 postremo
1337 3025 1414 3053 cur
1454 3009 1752 3066 Aristophanis
1792 3011 2055 3057 scholiastes

290 3060 510 3119 participii
539 3062 827 3123 ὠνησάμενος
854 3081 1068 3110 numerum
1097 3069 1303 3125 pluralem
1342 3070 1535 3125 rejiciat,
1578 3068 1743 3111 nescire
1780 3075 1847 3113 me
1886 3075 2051 3129 profes—

291 3133 364 3162 sus
394 3134 495 3163 sum.
554 3123 621 3165 De
649 3124 744 3181 ipsa
772 3125 1007 3182 Phrynichi
1034 3128 1209 3182 regula,
1256 3141 1381 3184 quam
1408 3128 1483 3171 ille
1512 3142 1540 3169 a
1568 3141 1634 3169 me
1662 3134 1927 3186 perspectam
1958 3145 2052 3174 esse

292 3185 449 3233 negat,
489 3181 647 3224 nullum
675 3184 851 3226 verbum
881 3184 994 3238 dixi,
1036 3186 1138 3242 quia
1165 3186 1237 3229 vel
1265 3186 1490 3244 dupondiis
1519 3185 1745 3230 manifesta
1772 3191 1850 3231 est.

409 3234 474 3293 [Β]
524 3239 729 3283 Fortasse
769 3242 1035 3286 scribendum
1073 3241 1415 3302 γαζοφυλάκιον
1452 3244 1755 3302 μακεδονικὸν
1795 3247 1871 3291 καὶ
1912 3273 1968 3282 -
2010 3262 2051 3289 v.

291 3297 435 3340 Sturz.
466 3297 520 3340 de
548 3297 662 3340 Dial.
694 3300 863 3344 Maced.
894 3317 935 3358 p.
967 3302 1035 3344 87.

409 3352 474 3411 [i]
519 3371 560 3398 v.
590 3356 790 3401 Eustath.
821 3360 875 3402 ad
905 3360 1029 3403 Dion.
1060 3375 1100 3403 v.
1135 3359 1230 3405 129.

407 3410 481 3470 [k]
526 3430 565 3458 v.
596 3415 780 3463 Siebclis
809 3418 864 3461 ad
893 3419 1084 3465 Phanod.
1120 3435 1163 3477 p.
1201 3416 1266 3462 14.
