2150 3814
733 202 1291 247 SAMOTHRACIA.
1754 187 1919 249 1293

134 336 510 396 mothracios
579 341 643 394 et
708 333 1021 392 Romanos
1087 330 1271 391 fidem
1341 330 1541 389 facere
1610 329 1920 406 videntur,

132 432 318 516 quam‘
375 434 598 496 Strabo
640 441 937 512 sequutus
981 428 1239 493 Cabiros
1283 432 1444 490 inter
1487 437 1728 491 veteres
1774 430 1919 490 deo-

130 555 272 596 rum
316 535 610 614 orgiastas
652 532 882 593 retulit.

902 733 956 814 §-
1051 726 1144 794 174

294 861 415 922 His
459 863 673 943 paucis
718 863 1088 922 testimoniis
1131 859 1555 920 inaedificatae
1598 870 1742 918 sunt
1770 858 1915 934 illae

127 961 401 1020 infinitae
455 962 773 1022 hominum
832 962 1153 1021 doctorum
1199 961 1583 1038 conjecturae
1628 959 1707 1018 de
1750 978 1918 1018 arca-

125 1079 222 1120 na·
251 1061 722 1122 Samothracum
767 1062 1110 1140 disciplina.
1196 1060 1356 1119 Nam
1404 1077 1560 1138 quae
1593 1069 1917 1138 praeterea

125 1161 459 1221 afferuntur
510 1183 590 1221 ne
645 1161 930 1221 umbram
985 1157 1237 1238 quidem
1294 1156 1652 1233 dogmatum
1696 1159 1918 1232 mysti-

124 1278 335 1319 corum
384 1264 714 1320 continent.
773 1244 1093 1339 Apollonii
1136 1256 1494 1317 scholiastes
1523 1246 1760 1316 'narrat
1801 1257 1919 1315 ini-

122 1362 289 1419 tiatis
333 1362 567 1422 taenias
612 1374 957 1446 purpureas
1001 1377 1135 1418 esse
1191 1356 1485 1430 traditaS,
1543 1359 1766 1437 quibus
1811 1355 1918 1416 ad-

120 1479 337 1523 versus
393 1462 673 1542 pericula
729 1461 1140 1538 navigationis
1198 1467 1544 1517 tutarentur
1599 1475 1769 1534 sese,
1815 1475 1916 1515 eo-

123 1579 240 1640 que
282 1561 596 1641 praesidio
638 1558 901 1621 Ulixem·
930 1568 1366 1640 tempestatem
1412 1557 1711 1636 effugisse,
1756 1557 1917 1635 Aga-

120 1652 512 1721 memnonem
541 1661 752 1721 turbas
779 1661 1170 1722 seditionum.
1214 1659 1332 1718 His
1359 1647 1724 1717 Sancrucius
1746 1677 1935 1718 coro·->

119 1779 263 1822 nam
284 1763 660 1840 oleagineam
678 1747 776 1842 [¹¹]9
800 1762 1155 1820 Muenterus
1172 1755 1253 1840 [ἱ]
1280 1751 1526 1839 pileum
1542 1758 1620 1817 de
1635 1752 1747 1818 suo
1765 1758 1918 1817 libe-

119 1863 333 1922 raliter
359 1862 676 1939 adjiciunt,
710 1862 817 1920 ille
842 1861 1086 1920 Proculi
1111 1860 1474 1918 testimonio
1495 1868 1663 1930 usus,
1699 1859 1764 1916 in
1789 1852 1914 1937 ‘quo

119 1961 198 2021 de
243 1961 362 2021 diis
408 1962 849 2021 samothraciis
905 1960 1148 2018 nullum
1193 1958 1453 2020 verbum
1499 1946 1751 2034 legitur,
1798 1958 1916 2032 hic,

117 2064 263 2142 quia
304 2063 506 2142 pileus
549 2071 621 2120 ut
664 2045 941 2120 omnium·
985 2048 1316 2118 Laconum
1349 2060 1436 2116 sic
1494 2050 1682 2116 etiam
1731 2058 1916 2117 Dios-

119 2180 402 2221 curorum
440 2162 684 2238 'insigne
727 2168 840 2233 est,
884 2160 1175 2218 Dioscuri
1219 2167 1426 2216 autem
1484 2175 1522 2215 a
1564 2150 1916 2216 recentiori-

118 2262 232 2321 bus
290 2248 712 2321 cumCabiris
767 2260 1003 2327 confusi
1060 2267 1218 2317 sunt.
1306 2257 1423 2316 His
1469 2255 1751 2336 equidem
1795 2259 1916 2317 im-

119 2350 352 2421 morari
395 2362 560 2435 nolo,
606 2380 732 2421 non
775 2379 898 2440 quo
940 2361 1255 2437 ingeniose
1299 2358 1464 2417 'dicta
1509 2376 1640 2416 esse
1677 2372 1913 2435 negem,

117 2462 230 2522 Sed
267 2482 347 2522 ne
378 2471 545 2524 nova
597 2464 909 2521 exoriatur
949 2459 1290 2538 disputatio
1332 2451 1410 2516 de
1452 2457 1910 2538 Hiero-phanta-

117 2571 254 2623 r'um
312 2546 675 2623 lectionibus
730 2549 1188 2633 astronomicis3
1260 2558 1601 2618 nam³÷illas
1653 2558 1912 2617 obbatas

120 2663 386 2724 cassides
414 2648 1006 2744 hemisphaeriorum
1053 2659 1338 2737 symbola
1359 2659 1573 2718 fuisse
1618 2657 1726 2717 diu
1771 2669 1912 2718 ante

241 2833 314 2892 [R]
359 2835 422 2878 Le
461 2834 776 2891 recipiendane
817 2849 864 2877 se
901 2833 1142 2893 presentoit
1182 2831 1398 2891 conronne
1433 2829 1488 2871 de
1528 2828 1744 2871 -branches
1787 2828 1911 2871 d’oli-

122 2892 217 2963 viel:
257 2893 316 2940 T.
347 2894 384 2938 I.
426 2892 501 2937 53.
538 2893 714 2937 Proculi
753 2892 914 2947 locum,
963 2891 1088 2958 quem
1117 2891 1191 2934 ille
1236 2904 1262 2932 a
1306 2888 1498 2932 Meursio
1543 2888 1735 2945 accepit,
1781 2901 1912 2946 supra

121 2952 311 3066 exhllffilj
341 2969 608 3067 ¹'Firkliirung
638 3012 757 3053 einer
785 2999 1085 3066 griechischen
1116 2967 1323 3051 Inschrift
1355 2972 1408 3062 pf
1429 2992 1497 3047 '17ss
1534 2979 1609 3060 ciui
1638 2988 1754 3046 {otus
1785 3003 1912 3047 libel-

124 3068 189 3111 lus
220 3069 404 3126 scriptus
434 3077 501 3113 est
540 3071 595 3113 ad
626 3071 916 3128 probandum,
958 3069 1237 3127 Epigramma
1280 3064 1540 3122 Sponianum
1584 3063 1779 3119 (Jacobs.
1824 3064 1912 3105 Pa-

124 3126 221 3170 rall.
266 3127 310 3184 p'.
349 3127 476 3182 779.)
517 3129 760 3172 dedicatum
797 3143 892 3172 esse
930 3143 1067 3186 puero
1105 3124 1322 3181 mysteriis
1349 3122 1678 3167 samothraciis
1711 3122 1908 3167 initiato.

124 3186 288 3229 Vanam
318 3201 412 3229 esse
442 3188 554 3230 hanc
583 3188 871 3245 opinationem
902 3188 1001 3231 olim
1033 3185 1199 3228 ostendi
1229 3183 1273 3225 iu
1302 3182 1535 3239 Ephemer.
1567 3179 1739 3226 JenenS.
1770 3195 1911 3237 neque

126 3243 255 3286 aliter
282 3247 414 3289 sentit
454 3245 707 3300 suenheim,
757 3254 801 3290 et
839 3261 910 3290 res
949 3247 1046 3303 ipsa
1086 3244 1291 3300 loquitur.
1351 3241 1455 3301 Ille:
1472 3246 1625 3286 tamen.
1646 3246 1826 3298 'perstat
1865 3239 1909 3281 in

128 3304 342 3345 sententia
371 3305 519 3361 Antiq.
550 3305 763 3353 Abhandl.
796 3307 856 3350 N.
888 3305 987 3349 VII.
1032 3306 1335 3358 inventumque
1364 3314 1485 3344 suum
1510 3313 1585 3343 seo-
1607 3300 1747 3355 magis
1778 3304 1908 3348 amat,

125 3362 239 3416 quod
268 3362 362 3405 sine
390 3362 519 3405 rivali
548 3370 675 3407 amat.
722 3398 727 3404 .

197 3438 257 3486 ιι.
1485 3432 1566 3491 33
