2150 3814
213 182 379 244 1072
768 195 1003 239 {ABER
1046 194 1477 241 SECUNDUS.

204 330 353 406 giva
394 327 498 409 (τὰ
530 324 683 389 οὖλα
721 334 849 389 τῶν
891 325 1201 405 ὀδόντων)
1245 335 1308 385 et
1337 327 1650 387 maxillam
1695 329 1983 414 (σιαγιόν)

203 430 683 507 interpretantur
737 424 966 485 Anecd.
1024 425 1216 484 Bekk.
1285 447 1346 506 p.
1403 428 1545 488 223.
1600 465 1685 474 —
1781 430 1987 509 Λοχία
2071 461 2074 464 >

206 531 392 612 ἄρτος
429 526 730 608 Ἀρτέμιδι
771 524 1101 610 γενόμενος
1137 524 1404 602 Hesych.
1433 566 1517 574 --
1584 527 1807 592 Ναστά
1853 531 1987 606 (να-

207 627 377 703 στοί)
441 623 668 711 Ῥόδιοι
738 626 844 687 καὶ
890 625 1145 688 Ἀττικοὶ
1199 627 1426 709 ἄρτους
1485 629 1591 690 καὶ
1643 628 1774 712 ἱερὰ
1834 629 1988 710 πέμ-

203 746 400 809 ματαε
444 723 692 794 Ναστός
727 725 985 787 Ἀττικοὶ
1023 727 1220 807 ἄρτον
1264 731 1348 795 εἷς
1389 727 1632 792 θυσίαν
1674 736 1988 792 πλακουν-

202 824 372 905 τώδη
432 823 620 884 Idem·
679 861 762 870 -—
861 825 1140 907 Ὀβελίας
1202 827 1388 908 ἄρτος
1443 863 1529 871 --
1586 827 1988 912 ὀβελιαφόροι

204 929 264 989 οἱ
306 929 374 990 ἐν
417 931 552 996 ταῖς
605 931 878 1006 πομπαῖς
937 926 1401 1009 παραφέροντες
1445 927 1676 996 αὐτοὺς
1716 928 1817 990 ’ἐπὶ
1856 936 1985 991 τῶν

203 1028 397 1108 ω’μων
438 1025 660 1086 Athen.
702 1025 806 1083 ΠΙ.
858 1024 994 1085 111.
1039 1026 1106 1085 Β.
1187 1026 1462 1108 Ὀβελίαι
1520 1029 1698 1110 ἄρτοι
1753 1027 1863 1096 οὓς
1903 1032 1989 1096 εἷς

203 1124 517 1190 Διονύσου
562 1129 786 1209 ἔφερον
830 1128 888 1188 οἱ
932 1124 1334 1209 ὀβελιαφόροι
1390 1126 1542 1185 ΡοΠ.
1599 1125 1701 1185 VI.
1756 1124 1858 1186 75.
1903 1161 1988 1172 --—

190 1229 429 1309 ’Όμπαι
497 1228 556 1289 οἱ
610 1228 806 1306 μέλιτι
861 1226 1221 1307 δεδευμένοι
1262 1227 1451 1308 πυροί
1507 1225 1738 1286 Anecd.
1792 1225 1986 1293 Bekk.

204 1345 265 1404 p.
310 1326 453 1384 287.
497 1334 559 1382 et
604 1324 806 1383 Schol.
850 1324 1105 1383 Nicand.
1149 1324 1247 1384 Al.
1291 1324 1435 1386 450.
1482 1329 1588 1406 qui
1631 1325 1836 1385 addit:
1882 1351 1989 1388 και

202 1426 594 1507 ’Καλλίμαχος
646 1427 758 1488 Ἐν
814 1424 896 1488 δὲ
936 1429 1261 1487 θεοῖσιν
1304 1426 1425 1486 ἐπὶ
1480 1427 1714 1512 φλογὶ
1767 1427 1989 1489 δαιέ-

202 1551 343 1607 μεν
400 1528 737 1607 ὄμπνας·
794 1523 1057 1595 τούτους
1111 1524 1235 1610 γὰρ
1293 1523 1574 1608 Δήμητρι
1631 1528 1844 1591 ἔθυον.
1930 1526 1986 1584 Ε

205 1622 446 1685 Gallim.
489 1625 733 1704 Fragm.
767 1622 973 1685 CCIII.
1018 1634 1278 1705 apparet
1319 1623 1712 1701 Hesychides·
1727 1666 1732 1670 ⁴
1748 1625 2011 1687 Atticas-

201 1724 409 1784 Furiis
453 1725 572 1784 hoc
613 1743 802 1803 genus
860 1726 1370 1807 apposuissem,
1427 1744 1685 1805 quarum
1730 1725 1991 1786 dearum

201 1844 438 1907 pompa
481 1844 696 1888 servos
741 1824 983 1886 excludi
1039 1835 1102 1884 et
1156 1825 1237 1885 ad
1289 1825 1418 1885 liba
1471 1825 1843 1886 conficienda
1897 1827 1990 1884 in-

202 1944 433 2005 genuos
494 1926 760 2003 juvenes
840 1925 1134 1985 advocari
1203 1934 1462 1985 testatur
1517 1927 1695 1986 Philo
1805 1923 1990 1997 Quod

204 2046 366 2088 omn.
413 2025 592 2085 Proh.
647 2026 752 2085 lib.
811 2047 873 2106 p.
918 2026 1062 2086 886.
1111 2023 1176 2085 C.
1245 2026 1326 2088 τὰ
1385 2027 1537 2109 πρὸς
1591 2027 1707 2107 τὴν
1762 2026 1986 2109 ἑορτὴν

203 2128 494 2209 πέμματα
535 2132 666 2189 τῶν
711 2124 969 2209 ἐφήβων
1025 2129 1084 2189 οἱ
1128 2124 1542 2207 δοκιμώτατοι
1587 2134 1988 2198 σιτοποιοῦσι,

202 2226 370 2307 quod
411 2227 727 2303 negotium
769 2224 1148 2286 Jamblichus
1191 2225 1265 2285 V.
1310 2226 1487 2303 Pyth.
1525 2225 1632 2286 XI.
1682 2226 1822 2286 108.
1865 2244 1989 2285 ser-

201 2328 300 2388 vis
346 2325 705 2386 demandari
756 2345 883 2385 non
923 2327 1091 2400 vult,
1148 2335 1462 2387 matronas
1499 2327 1723 2406 Jubens
1765 2328 1990 2404 fingere

202 2424 456 2493 πόπανα
497 2427 604 2488 καὶ
642 2428 880 2509 ψαιστὰ
926 2427 1033 2490 καὶ
1064 2427 1267 2517 1κηρία
1319 2429 1425 2490 καὶ
1480 2422 1834 2509 λιβανωτόν
1870 2428 1984 2507 [w].

202 2526 376 2586 Haec
417 2527 630 2606 paucis
675 2525 919 2586 absolvi
960 2534 1325 2605 potuerunt3
1376 2528 1715 2604 longiorem
1759 2546 1987 2587 sermo-

202 2639 345 2687 nem
380 2625 710 2699 desiderat,
748 2624 916 2706 quod
959 2626 1234 2705 sequitur
1273 2627 1695 2706 placentarum
1738 2646 1944 2706 genus,

374 2727 685 2811 Στρεπτοὶ
726 2727 832 2790 καὶ
851 2724 1132 2806 νεήλατα·
1174 2725 1417 2792 τούτων
1452 2728 1824 2811 μνημονεύει
1855 2735 1984 2809 Δη-

324 2957 400 3015 [V]
435 2949 528 3001 Ην
557 2956 608 3002 δὲ
636 2955 691 3000 τὰ
721 2953 996 3026 πεμπόμενα
1026 2956 1177 3005 αὐτοῖς
1203 2956 1304 3018 ἱερὰ
1333 2954 1519 3001 πόπανα
1559 2959 1636 3001 καὶ
1662 2955 1784 3016 γάλα
1814 2959 1867 3003 ἐν
1895 2957 1983 3018 ἆγ-

205 3019 345 3074 γείοις
372 3020 627 3075 κεραμείοις
656 3016 802 3059 Schol.
833 3016 1033 3059 Aeschin.
1064 3031 1108 3073 p
1137 3011 1236 3058 747.
1271 3018 1347 3058 ubi
1377 3022 1513 3060 mater
1542 3017 1773 3061 Furiarum
1802 3019 1982 3075 Euony-

124 3106 126 3108 ψ
205 3089 272 3118 me
300 3076 372 3118 vel
401 3076 647 3132 Eurynome
675 3075 859 3128 dicitur,
897 3089 982 3118 non
1010 3080 1058 3117 ut
1085 3075 1214 3131 vulgo
1245 3075 1418 3118 editum.

323 3175 410 3231 [W]
445 3175 600 3218 Castos
628 3190 785 3234 pueros
808 3177 1083 3233 virginesque
1112 3176 1303 3218 ciborum
1332 3189 1502 3232 promos
1531 3191 1624 3219 esse
1653 3178 1804 3221 volunt
1833 3155 1983 3221 aucto-

205 3246 277 3275 res
293 3231 429 3276 Poeni
450 3235 697 3292 Graecique
717 3235 939 3278 Columell.
960 3235 1016 3280 R.
1039 3235 1093 3277 R.
1116 3235 1214 3277 XII
1237 3233 1279 3277 4.
1310 3235 1509 3306 idemque
1539 3236 1784 3307 significare
1812 3237 1983 3280 videtur

204 3291 434 3409 {Cgpozlidis
462 3307 614 3337 versus
644 3309 714 3352 ap.
744 3294 891 3351 Etym.
923 3294 986 3337 Μ.
1015 3292 1115 3337 422.
1145 3293 1216 3337 43.
1269 3294 1311 3335 εἰ
1336 3292 1401 3351 μὴ
1433 3290 1542 3354 κόρη
1573 3291 1747 3340 δεύσειε
1774 3295 1825 3340 τὸ
1856 3297 1979 3343 orale
