2150 3814
771 209 1328 257 SAMoTnRAcu.
1779 197 1943 260 1113

163 350 493 410 elationem
548 344 761 407 afferre
817 349 886 399 et'
935 339 1255 400 liberiores
1310 348 1549 415 motus3
1612 340 1684 401 id
1737 352 1945 404 autem

164 470 299 511 esse
340 447 712 530 principium
755 449 972 502 cantus
1015 450 1077 501 et
1117 441 1398 514 saltatus,
1440 438 1856 502 bacchationis
1887 453 1950 502 et

162 548 646 619 vaticinationis,
701 542 771 603 id
832 560 1157 603 commune
1212 542 1529 604 vinculum
1587 561 1707 622 quo
1752 541 1949 622 Apol-

162 652 336 722 linis,
375 648 728 719 Musarum,
770 642 1080 717 Hecatae,
1126 640 1364 703 Cereris
1407 643 1736 723 Liberique
1775 661 1949 703 sacra

163 744 616 820 contineantur,
658 746 803 826 quia
843 745 1066 804 horum
1111 743 1368 803 deorum
1411 745 1760 817 ministros,
1791 748 1951 803 ¹mu-

158 851 316 909 sicos
384 855 452 907 et
519 847 893 928 prophetaS,
964 843 1281 904 daduchos
1352 852 1415 903 et
1468 844 1951 925 HierophantaS‚

159 949 419 1026 Satyros
484 946 902 1027 Bacchasque,
947 963 1108 1004 unus
1151 944 1438 1023 idemque
1483 943 1683 1005 divini
1706 946 1952 1005 vfuroris

157 1051 426 1130 impetus
481 1048 713 1107 incitet·
749 1066 811 1126 p..
874 1045 1012 1105 168.
1099 1043 1218 1103 His
1273 1044 1632 1124 praemissis
1688 1047 1952 1125 propius

159 1149 244 1209 ad
281 1167 418 1207 rem
462 1146 699 1207 accedit
735 1166 802 1226 p.
851 1144 992 1207 170.
1034 1146 1118 1206 κέν
1159 1142 1230 1206 δὲ
1271 1150 1359 1224 τῇ
1393 1141 1606 1226 Κρήτῃ
1649 1145 1756 1207 καὶ
1797 1153 1953 1208 ταῦ-

157 1274 236 1312 τα
252 1245 327 1329 [‘¹]
385 1247 492 1310 καὶ
542 1247 640 1310 τὰ,
666 1245 816 1315 Διὸς
851 1243 1009 1328 ,ἱεροὶ
1064 1242 1239 1313 ἰδίως
1295 1247 1643 1308 ἐπετελεῖτο·
1666 1245 1794 1326 μετ’,
1843 1245 1954 1327 ὅρ-

160 1355 434 1436 γιασμοῦ
475 1346 583 1410 καὶ
620 1343 934 1425 τοιούτων
969 1335 1306 1428 προπόλιον
1328 1343 1467 1408 -οἶοι
1491 1345 1771 1430 περὶτὸν
1803 1343 1956 1408 Διό-

156 1446 358 1514 νυσόν
423 1452 581 1512 εἰσιν
649 1448 709 1509 οἱ
774 1444 1093 1529 Σάτυροι·
1162 1442 1423 1515 τούτους
1492 1444 1954 1529 δ’·ῐῶνόμαζον

160 1557 522 1631 Κουρῆτας,
578 1545 648 1607 id
691 1555 819 1621 est,
868 1547 1165 1624 juvenes,
1209 1564 1471 1625 quorum
1516 1555 1793 1606 armatae
1833 1545 1956 1605 sal-

156 1651 382 1710 tationi
424 1646 700 1708 fabulam
743 1645 822 1706 de
865 1643 1043 1709 Jovis
1097 1645 1441 1719 natalibus,
1499 1644 1753 1706 Saturni
1804 1648 1956 1706 insi-

161 1748 310 1824 diis3
378 1749 586 1809 Rheae
641 1745 972 1827 praesidiis
1029 1748 1119 1806 sic
1174 1745 1664 1821 accommodari,
1735 1754 1807 1806 ut
1861 1748 1958 1806 illi

158 1858 439 1911 veterum
496 1847 599 1907 dei
654 1844 979 1906 custodum
1035 1844 1314 1925 tripudia
1355 1855 1818 1924 repraesentare
1861 1848 1958 1909 'vi-

158 1947 451 2028 deantur:
510 1944 846 2028 ιὸνόμαζον
899 1953 1228 2030 Κουρῆτας
1280 1945 1781 2030 προστησάμενοι
1832 1952 1958 2030 μῦ*

157 2054 289 2114 θον
342 2050 475 2114 τὸν
513 2048 655 2131 περὶ
711 2054 821 2127 τῆς
853 2055 989 2110 -τοῢ
1025 2046 1196 2115 Anas
1247 2047 1572 2131 γενέσεως,
1635 2052 1703 2112 ἐν
1747 2044 1799 2131 ᾧ
1841 2049 1956 2113 τὸν

160 2147 412 2231 Κρόνον
453 2147 804 2233 εὶςάγουσιν
846 2155 958 2206 etc.
1015 2143 1193 2207 Jovis
1235 2155 1446 2206 autem
1489 2157 1726 2207 tutores
1772 2146 1959 2209 Cure-

161 2259 259 2310 tas
339 2247 682 2320 nominari,
781 2246 927 2325 quia
992 2247 1173 2325 pueri
1239 2264 1505 2325 puerum
1575 2245 1958 2324 educassent,

162 2349 341 2428 quasi
396 2348 656 2425 Satyros
712 2345 1014 2427 quosdam
1069 2343 1348 2407 Joviales
1403 2355 1493 2427 ps
1528 2344 1667 2407 172.
1742 2349 1958 2430 Itaque

165 2447 391 2508 Strabo
434 2465 636 2509 novos
679 2456 742 2506 et
783 2456 1026 2509 veteres
1066 2445 1388 2523 distinguit
1416 2443 1694 2522 Curetas,
1736 2447 1852 2508 hos
1893 2451 1961 2509 in

162 2548 392 2609 fabulis
435 2546 716 2622 traditos,
757 2547 901 2608 illos
944 2565 1260 2608 sacrorum
1293 2544 1636 2609 Jovialium
1679 2551 1960 2629 praesul-

164 2658 426 2729 tatores,
466 2648 679 2730 quales
721 2650 856 2711 sine
899 2646 1089 2709 dubio
1132 2649 1270 2729 ipse
1311 2649 1525 2709 multis
1567 2651 1634 2709 in
1676 2650 1829 2711 locis
1862 2653 1958 2714 vi-

165 2746 342 2810 derat
409 2748 613 2810 Salios
683 2758 746 2810 et
814 2749 1292 2827 Pyrrhicharios.
1388 2749 1741 2812 ‘Saturnum
1795 2751 1956 2813 filios

291 2960 367 3019 [ὃ]
414 2964 533 3018 Quia
561 2978 684 3008 nemo
715 2964 835 3008 alius·
855 2962 1050 3021 prodidit
1078 2964 1299 3008 omnium
1338 2964 1508 3008 illorum
1547 2964 1723 3010 deorum
1761 2975 1909 3011 ωσι-α’
1928 2981 1958 3012 a

176 3017 380 3087 precibus
406 3023 494 3068 ritu
519 3024 710 3068 fanatico
742 3023 963 3068 celebrata
991 3037 1111 3076 esse,
1155 3023 1354 3079 Heynius
1383 3023 1626 3067 emendavit
1656 3022 1769 3068 κατὰ
1798 3023 1952 3083 ταύτά,

179 3076 307 3135 adque
345 3080 566 3126 confirmat
604 3082 914 3141 quodammodo
955 3081 1052 3127 cod.
1097 3082 1289 3125 Venetus
1327 3083 1371 3125 in
1410 3095 1531 3140 seqq.
1567 3082 1695 3133 ἰδίως
1732 3085 1955 3139 omittens;

177 3149 263 3193 quo
291 3143 456 3182 retento
483 3135 591 3185 illud
619 3156 788 3201 quoque
816 3141 1082 3185 retinendum
1113 3142 1190 3184 sed
1221 3155 1305 3184 non
1343 3140 1467 3183 nimis
1505 3142 1778 3200 premendum
1815 3144 1955 3202 neque

178 3193 235 3264 ad
261 3195 437 3241 verbum
464 3200 539 3244 nod
568 3200 625 3244 ad
653 3201 906 3245 sententiam
937 3199 1231 3258 accipiendum
1261 3204 1341 3242 est.
1382 3199 1588 3243 Straboni
1617 3201 1741 3255 enim,
1772 3203 1847 3260 qui
1875 3203 1955 3246 ho-

178 3266 313 3296 mnet
348 3260 503 3302 natura
548 3258 602 3303 ad
627 3271 630 3275 ’
652 3260 868 3318 orgiorum
918 3259 1134 3304 licentiam
1182 3258 1388 3302 inclinare
1423 3259 1676 3316 judicabat,
1728 3266 1953 3305 consenta-

177 3325 302 3411 reunj
330 3312 575 3370 videbatur,
615 3317 727 3363 bunc
756 3333 914 3364 morem
943 3334 1027 3364 non
1056 3318 1179 3362 unius
1210 3317 1280 3361 dei
1311 3318 1446 3361 sacris
1475 3319 1667 3364 coerceri
1696 3320 1773 3363 sed
1802 3326 1953 3379 patere

194 3384 358 3427 ongius.
