2150 3814
835 194 1287 240 eupuch.
1825 181 1950 243 955

173 333 425 391 miranti
482 329 559 389 de
600 328 758 404 Mag.
817 344 876 404 p.
933 324 1033 384 70.
1103 322 1215 381 Ille
1271 323 1568 403 triplex
1625 325 1953 386 mundus

174 431 364 491 Theb.
408 413 513 489 IV.
555 424 697 488 515.
743 410 1039 503 significat
1083 423 1356 496 coelum,
1398 424 1597 482 maria
1637 431 1702 482 et
1743 432 1956 498 terraS,

175 541 243 592 ut
277 528 459 590 ovid.
495 529 642 588 Met.
676 525 816 586 XII.
852 526 954 584 40.
989 522 1097 582 ubi
1139 522 1266 584 vid.
1310 524 1568 603 Interpr.
1615 533 1677 583 et
1719 523 1955 584 Nares

172 634 234 690 in
278 630 449 688 Diar.
475 625 685 687 class.
731 626 800 686 T.
843 612 1070 686 XXVI.
1114 643 1174 704 p.
1218 623 1363 684 404.
1564 656 1568 662 N

338 728 504 789 XVI.
591 720 839 800 Versus,
885 743 1040 806 quos
1082 724 1377 785 Proculus
1420 725 1638 784 recitat
1683 726 1750 784 in
1795 721 1958 785 Crat.

169 850 230 910 p.
282 828 421 889 103.

297 941 479 995 ’Ἔνθα
515 937 664 1002 κότος
697 958 752 993 τε
788 935 950 1009 φόνος
984 957 1039 989 τε
1074 937 1159 988 καὶ
1196 935 1365 988 ἄλλων
1400 935 1557 988 ἔθνεα
1588 941 1759 1007 κηρῶν

311 1026 575 1097 αὖχμηραί
606 1045 659 1078 τε
695 1021 838 1076 νόσοι
873 1023 959 1073 καὶ
995 1018 1180 1094 σήψιες
1216 1018 1337 1090 ἔργα
1371 1040 1425 1072 τε
1464 1018 1672 1090 ῥευστὰ.

172 1128 487 1188 Werferus
531 1145 592 1206 p.
642 1123 780 1184 134.
827 1122 1062 1201 Orphei
1105 1139 1241 1183 esse
1273 1129 1476 1201 putat,
1518 1121 1961 1187 Boissonadius

170 1227 450 1287 Oraculis
493 1222 804 1285 adscribit.
893 1221 1053 1281 Sunt
1094 1240 1244 1283 vero
1288 1221 1706 1303 Empedoclis.

335 1325 531 1387 XVII.
631 1323 896 1386 Versum
952 1324 1146 1382 istum
1205 1324 1312 1403 qui
1367 1342 1467 1405 ap.
1513 1323 1856 1387 Gesnerum
1899 1346 1959 1408 p.

169 1426 313 1488 504.
358 1445 576 1506 agmen
616 1422 1086 1485 monadicorum
1131 1422 1363 1484 claudit

306 1532 431 1586 ‘Ha’
469 1531 598 1600 ὕλην
633 1527 873 1602 πρώτιστ’
914 1530 1140 1600 αἲσχρῶν
1175 1526 1423 1600 δώτειραν
1458 1527 1717 1598 ἁπάντων,

165 1629 300 1704 jam
358 1626 509 1686 olim
553 1623 796 1685 ostendi
838 1623 980 1684 Lini
1025 1641 1188 1697 esse,
1234 1624 1455 1703 Νηὸὒν
1497 1625 1616 1707 μὲν
1654 1626 1959 1709 πρώτιστ’

173 1734 450 1807 αἰσχρῶν
493 1735 603 1785 etc.
648 1745 708 1786 v.
751 1723 1014 1784 Brunck.
1058 1724 1227 1782 Poet.
1274 1724 1496 1785 Gnom.
1540 1744 1601 1805 p.
1651 1726 1789 1786 128.
1846 1726 1964 1786 Ve-

173 1836 272 1886 tus
333 1836 428 1912 est
482 1826 632 1884 haec
675 1823 754 1884 de
799 1833 1012 1893 ventre
1057 1823 1305 1905 querela
1349 1833 1411 1883 et
1453 1843 1529 1884 ea
1572 1824 1853 1906 quidem,
1896 1839 1966 1888 ut

173 1927 371 1987 doctis
428 1924 1009 2007 Hypochondriacis
1067 1923 1348 1998 videtur,
1414 1925 1582 1986 haud
1636 1928 1965 2001 immerita,

169 2025 703 2108 quandoquidem,
771 2035 843 2086 ut
900 2025 1136 2085 Plinius
1191 2027 1311 2099 ait,
1365 2025 1554 2085 homo
1611 2027 1965 2088 laboriosis-
2060 2038 2062 2042 ’

171 2131 398 2201 simus,
485 2127 911 2187 Plurimum
988 2126 1290 2185 homini
1369 2130 1669 2204 negotii
1736 2128 1964 2190 alvus

174 2227 516 2301 exhibet3
594 2227 798 2286 alias
857 2227 1057 2286 enim
1108 2225 1322 2286 cibos
1371 2245 1524 2286 non
1569 2229 1966 2289 transmit-

176 2331 309 2403 tit,
366 2328 572 2388 alias
626 2343 775 2386 non
831 2329 1223 2399 continet,
1279 2327 1482 2387 alias
1523 2346 1673 2387 non
1719 2331 1965 2410 capit,

175 2430 374 2488 alias
450 2445 598 2487 non
662 2427 1006 2487 conficit.
1118 2425 1368 2504 Hujus
1430 2429 1688 2505 gratia
1748 2450 1966 2510 prae—

175 2531 406 2609 cipue
480 2527 831 2588 avaritia
899 2527 1335 2606 expetitur,
1405 2527 1584 2588 huic
1654 2530 1967 2591 luxuria

176 2627 579 2700 conditur,
651 2627 828 2687 huic
881 2628 1303 2706 navigatur
1361 2627 1458 2687 ad
1510 2629 1794 2692 Phasin
1855 2642 1964 2692 etc.

176 2729 405 2790 XXVI.
449 2728 550 2788 28.
636 2726 764 2789 Nec
820 2730 1023 2788 minus
1069 2726 1286 2787 diserti
1329 2739 1471 2788 sunt
1513 2730 1623 2790 alii
1666 2741 1967 2805 veterum,

175 2849 438 2911 quorum
494 2829 823 2890 maledicta
876 2831 942 2888 in
985 2838 1267 2890 ventrem
1313 2828 1622 2904 studiose,
1667 2840 1964 2914 tanquam

176 2930 621 3012 approbarent,
667 2931 1040 3008 collegerunt
1085 2929 1526 2991 Valckenarius
1570 2932 1770 2993 Diatr.
1814 2935 1962 2994 Eur.

177 3052 238 3112 p.
292 3031 435 3092 281.
493 3041 556 3091 et
606 3031 927 3110 Berglerus
985 3030 1066 3090 ad
1121 3030 1392 3111 Alciphr.
1448 3033 1553 3092 111.
1598 3033 1657 3093 6.
1717 3038 1965 3096 omissis

179 3142 426 3206 tamen,
479 3150 634 3213 quae
690 3142 903 3193 contra
960 3151 1101 3192 eum
1147 3151 1184 3191 a
1227 3132 1476 3212 reliquis
1519 3135 1812 3197 membris
1856 3137 1966 3197 ali-

181 3232 424 3310 quando
468 3233 632 3294 dicta
675 3252 808 3294 esse
852 3234 1062 3293 retulit
1105 3233 1424 3293 Menenius
1467 3235 1760 3318 Agrippa.

352 3333 575 3394 XVIII.
663 3335 1038 3412 Augustinus
1109 3332 1184 3393 de
1246 3332 1495 3397 Haeres.
1558 3338 1602 3397 I.
1663 3340 1762 3398 27.
1822 3338 1962 3397 340.
