2150 3814
693 200 1249 283 SAmoTnnAclA.
1718 186 1881 248 1143

102 336 423 397 Strabonis
477 333 775 395 relatione
828 329 1176 392 molestiam
1234 328 1413 391 nobis
1469 330 1716 393 facessit
1761 354 1885 395 vox

101 437 389 516 ambigua
444 438 503 499 οἱ
553 430 761 510 affrici,
817 449 963 491 nam
1006 427 1247 491 iidem
1293 430 1414 491 dici
1455 443 1718 512 possunt
1757 451 1887 493 non

101 539 304 598 solum
374 537 480 616 qui
537 530 813 611 eiusdem
869 531 1107 609 generis
1165 541 1310 591 sunt
1363 529 1474 591 sed
1532 534 1722 593 etiam
1779 535 1886 614 qui

98 636 267 698 idem
310 635 622 706 factitant,
678 633 839 692 sicut
881 630 1105 692 Strabo
1149 633 1286 712 ipse
1328 633 1629 711 significat
1671 651 1885 694 omnes

97 737 203 816 qui
245 735 504 794 alacrius
524 744 527 746 ’
546 733 724 795 velut
764 732 1066 795 divinitus
1127 743 1332 793 mente
1373 742 1550 794 mota
1586 735 1654 793 in
1697 735 1886 795 sacris

95 835 646 908 tumultuarentur,
690 831 973 907 Curetes,
1018 831 1275 894 Cabiros
1293 878 1310 907 ,
1369 832 1751 911 Corybantes
1795 832 1887 893 di-

94 943 227 994 ctos
262 954 445 998 esse.
546 935 867 995 Postremo
925 934 1285 994 Eustathius
1355 933 1435 994 ad
1474 935 1682 993 >Diona
1737 935 1778 993 l.
1837 954 1885 994 c.

93 1044 356 1095 testatur
396 1037 464 1095 in
508 1034 934 1095 Samothracia
978 1032 1406 1110 Corybantum
1448 1034 1749 1110 mysteria
1792 1054 1887 1093 ce-

92 1134 353 1208 lebrari,
409 1154 568 1215 quae
619 1133 878 1197 Nonnus
933 1133 1099 1193 XIII.
1154 1132 1303 1194 402.
1361 1131 1636 1192 Hecatae
1681 1131 1887 1193 dicata

93 1233 245 1293 dicit
287 1235 690 1311 Zerynthiae,
746 1244 809 1293 et
852 1233 1054 1294 Schol.
1099 1232 1288 1294 Arist.
1331 1232 1468 1293 Pac.
1514 1234 1659 1293 277.
1715 1235 1776 1297 οἱ
1818 1237 1886 1299 ἐν

90 1333 407 1405 κινδύνοις
449 1333 772 1421 γενόμενοι
815 1339 1222 1398 ἐπεκαλοῦντο
1266 1332 1529 1405 τούτους
1571 1335 1718 1406 τοὺς
1743 1334 1886 1398 δαί-

91 1461 291 1516 μονας
345 1437 492 1506 τοὺς
548 1441 614 1499 ὲν
670 1434 1105 1518 Σαμοθρᾴκῃ,
1166 1433 1313 1506 τούς
1355 1461 1420 1498 τε
1453 1434 1883 1519 -Κορίβαντας

94 1537 199 1598 καὶ
240 1537 355 1616 τὴν
390 1535 669 1617 Ἑκάτην,
715 1537 821 1599 καὶ
860 1539 1341 1619 ἠλευθεροῦντο,
1387 1540 1450 1607 ἐξ
1493 1532 1568 1600 οὗ
1608 1537 1715 1600 καὶ
1751 1537 1886 1600 δια-

94 1636 331 1717 βόητον
375 1636 453 1717 ἦν
494 1639 566 1700 τὸ
614 1636 957 1721 Ζήρυνθον
1002 1640 1270 1719 ἄντρον,
1318 1639 1478 1700 ἔνθα
1524 1636 1721 1718 ταύτῃ
1761 1639 1886 1720 ὥρ-

92 1736 331 1822 γίαζον.
389 1737 463 1797 cf.
521 1738 694 1798 Suid.
751 1757 798 1797 s,
857 1736 1280 1820 Σαμοθρᾴκῃ.
1310 1817 1313 1819 -
1342 1755 1530 1816 quare
1585 1738 1888 1810 nonnulli,

94 1848 165 1895 ut
210 1836 431 1896 Strabo
486 1839 675 1897 refert
718 1858 776 1917 p.
823 1835 969 1898 205!
1018 1835 1267 1916 Ἑκάτης
1312 1835 1666 1920 προπόλους
1708 1839 1888 1921 νομί-

97 1937 272 2012 ζουσι
314 1939 461 2008 τοὺς
503 1947 830 2022 Κουρῆτας
871 1938 1018 2009 τοὺς
1070 1937 1302 2007 αὐτοὺς
1345 1943 1475 2007 τοῖς
1519 1937 1889 2022 Κορύβασιν

92 2040 297 2109 ὄντας.
386 2036 754 2116 Cujusmodi
815 2049 1022 2099 autem
1078 2039 1231 2098 haec
1283 2041 1586 2115 mysteria
1639 2039 1889 2114 fuerint,

91 2157 346 2218 prorsus
389 2141 667 2216 ignotum
684 2137 778 2220 [bJ.
864 2138 1135 2199 Eosdem
1182 2136 1566 2215 Corybantes
1610 2139 1720 2198 sed
1765 2141 1889 2200 alia

94 2240 202 2297 via
242 2239 560 2298 Diodorus
596 2241 660 2298 in
706 2239 1194 2300 Samothraciam
1237 2238 1595 2313 introducit,
1639 2239 1756 2299 sub
1783 2259 1889 2300 au-

94 2339 304 2418 spiciis
331 2340 564 2415 Rheae3
609 2340 880 2420 primum
922 2341 991 2400 L.
1018 2341 1123 2400 111.
1155 2339 1254 2400 54.
1301 2339 1408 2400 ubi
1449 2340 1745 2417 Dionysii
1786 2361 1889 2418 cy-

94 2439 406 2519 clographi
447 2439 724 2500 fabulam
762 2441 1061 2502 insulsam
1100 2440 1310 2513 refert,
1356 2440 1671 2520 quomodo
1698 2442 1888 2502 Ama-

1 2550 6 2612 ‹fi
94 2556 316 2608 zones,
373 2558 518 2617 gens
575 2539 812 2618 Libyae
854 2543 1321 2622 potentissima,
1367 2540 1629 2602 devictis
1675 2542 1888 2602 Atlan-

94 2640 198 2698 tiis
253 2651 316 2699 et
373 2641 763 2719 Gorgonibus
820 2652 1003 2723 atque
1046 2642 1372 2720 subjugato
1418 2643 1712 2703 universo
1758 2643 1889 2702 fere

95 2750 393 2801 terrarum
451 2742 600 2802 orbe
642 2743 722 2803 ad
765 2743 955 2804 Asiae
1000 2763 1173 2803 oram
1219 2755 1281 2802 et
1325 2742 1677 2821 objacentes
1720 2745 1888 2803 insu-

98 2838 190 2900 las
246 2860 418 2903 arma
471 2845 842 2924 protulerint
901 2855 962 2904 et
1005 2855 1076 2905 ut
1117 2846 1328 2922 regina
1371 2862 1583 2904 earum
1639 2843 1891 2920 Myrina

100 2938 533 3020 Samothracen
578 2945 982 3006 inhabitatam
1023 2945 1225 3005 adhuc
1259 2955 1321 3003 et
1354 2945 1650 3004 incultam
1685 2948 1889 3006 somni

99 3044 335 3102 monitu
403 3047 584 3105 matri
641 3045 896 3107 deorum
956 3047 1431 3119 consecraverit3
1507 3045 1723 3126 hisque
1780 3045 1887 3106 ad—

221 3182 292 3242 [b]
345 3186 484 3231 Nimis
515 3191 686 3248 copiose
716 3206 770 3235 ea
799 3187 976 3248 exponit
1007 3190 1328 3234 Wernsdorfius
1369 3189 1424 3232 ad
1466 3189 1679 3234 Priscian.
1711 3190 1884 3247 Perieg.

104 3257 145 3284 v.
191 3240 289 3286 547.
330 3259 465 3302 neque
510 3249 617 3292 satis
659 3256 786 3294 caute
827 3250 1086 3294 Welckerus
1129 3266 1171 3307 p.
1215 3248 1315 3291 268.
1377 3262 1488 3305 quae
1527 3249 1656 3292 Plato
1702 3249 1756 3293 de
1798 3251 1886 3292 Co-

105 3301 360 3403 rybtantibus
391 3305 517 3360 dicit,
560 3309 613 3351 ad
655 3310 996 3354 Samothraciam
1027 3312 1184 3362 rel‘ert3
1231 3309 1302 3351 ille
1334 3308 1386 3350 de
1417 3309 1552 3351 sacris
1584 3308 1790 3365 Phrygiis
1821 3308 1885 3350 lo-

105 3374 177 3416 qui
199 3373 260 3403 ur.
