2150 3814
185 174 310 234 938
715 189 952 234 LIBER
996 188 1425 234 SECUNDUS.

184 344 347 400 (ρους
384 317 622 399 ἡλικίαν
666 320 703 398 ἡ
750 317 964 398 σελήνη
1010 322 1459 401 παραλαβοῦσα
1492 321 1607 399 τὴν
1644 320 1956 404 ὑγρότητα

182 419 287 480 καὶ
330 419 595 497 ἄπηξίαν
637 425 749 480 τοῦ
795 413 1078 499 σώματος
1122 419 1537 504 ἀπειργάσατο
1575 457 1658 465 —
1704 421 1802 482 ἐπὶ
1842 422 1956 500 τὴν

180 522 312 598 ἑξῆς
338 517 658 581 δεκαετίαν
681 517 797 595 τὴν
814 516 1103 596 παιδικὴν
1130 518 1368 594 ἡλικίαν
1399 521 1605 600 λαχών
1629 521 1662 583 ὃ
1691 528 1803 582 τοῦ
1825 521 1958 602 Ἑρ-

178 627 302 700 μοῦ
317 620 385 681 τὸ
402 619 443 681 δ
446 617 798 696 ιανοητικὸν
812 619 1063 695 ἄρχεται
1075 618 1453 700 διαρθροῦν,
1474 622 1506 683 ὅ
1532 622 1574 684 δ
1576 620 1601 683 ὲ
1619 623 1956 703 τῆςἎφρο-

179 719 351 795 δίτης
383 719 498 796 τὴν
519 714 896 799 μειρακιώδη
921 715 1164 795 ἡλικίαν
1187 719 1284 779 ἐπὶ
1305 720 1420 797 τὴν
1453 725 1586 800 ἑξῆς
1615 720 1957 802 Δόκτωετίαν

176 819 336 881 κατὰ
390 818 506 880 τὸν
556 821 695 880 ἴσον
734 817 1035 899 ,ἀριθμὸν
1093 824 1200 896 τῆς
1245 818 1406 889 ἰδίας
1449 819 1743 902 περιόδου
1783 821 1954 900 κίνη-

178 940 278 981 σιν
319 925 450 981 τῶν
494 924 928 999 σπερματικῶν
969 915 1184 999 πόρων
1227 922 1499 998 ἐμποιεῖν
1543 921 1795 1000 ἄρχεται
1846 931 1956 980 etc.

175 1028 237 1077 et
292 1036 369 1076 ne
425 1018 663 1095 longius
706 1018 962 1091 faciam,
1017 1026 1299 1097 quartam
1335 1019 1677 1096 juvenilem
1721 1019 1959 1079 Mercu-

173 1119 298 1192 rio,
345 1119 627 1198 quintam
669 1118 918 1180 virilem
960 1118 1167 1192 Marti,
1211 1130 1450 1179 sextam
1493 1120 1764 1201 senilem·
1792 1118 1960 1192 Jovi,

174 1229 509 1283 extremam
556 1219 843 1292 Saturno,
887 1238 1042 1299 quae
1086 1218 1306 1279 eodem
1349 1219 1536 1279 mode
1574 1219 1832 1279 Tzetzes
1876 1219 1959 1279 ad

169 1319 426 1379 Hesiod.
473 1319 634 1380 Scut.
679 1339 739 1381 v.
776 1320 920 1379 408.
967 1320 1040 1378 cf.
1086 1319 1342 1380 Salmas,
1387 1319 1466 1379 de
1490 1320 1650 1380 Ann.
1681 1318 1956 1380 Climaot.

171 1439 230 1498 p.
275 1418 420 1480 257.
477 1420 560 1479 Et
601 1422 833 1499 pariter
876 1421 1168 1479 Proculus
1212 1422 1276 1478 in
1320 1420 1515 1479 Alcib.
1559 1440 1620 1499 p.
1671 1420 1807 1481 196.
1856 1418 1954 1480 Cr.

168 1539 230 1598 p.
287 1519 386 1579 39.
445 1519 514 1578 Τ.
570 1521 676 1581 ΙΙΙ.
737 1517 952 1581 Cous,
1017 1529 1251 1578 aetates
1308 1521 1576 1597 singulas
1635 1504 1772 1580 eum
1835 1520 1953 1579 deo

170 1621 462 1700 cujusque
515 1621 734 1684 aetatis
790 1621 1046 1699 proprio
1109 1619 1343 1678 confert
1397 1630 1651 1699 propter
1707 1619 1955 1679 easdem

168 1720 643 1792 similitudineS‚
687 1739 838 1799 quas
883 1722 1065 1779 ceteri
1112 1729 1448 1799 sequuntur
1491 1721 1840 1782 levissimas
1880 1721 1954 1780 il-

165 1821 259 1880 las
319 1831 382 1880 et
436 1829 783 1881 memoratu
835 1819 1149 1898 indignaS‚
1194 1840 1306 1879 nec
1347 1823 1520 1901 prius
1563 1820 1953 1885 animadver-

166 1939 303 1994 sas,
362 1936 545 2000 quam
605 1932 667 1980 et
719 1939 1010 1980 numerus
1054 1921 1443 2000 planetarum
1490 1929 1554 1980 et
1595 1930 1747 2000 quot
1790 1923 1951 2000 quis—

165 2041 285 2101 que·
328 2025 517 2090 annis
578 2039 787 2081 cursus
832 2039 977 2080 suos
1020 2022 1369 2094 conficeret,
1415 2020 1705 2080 diuturna
1749 2021 1953 2085 ohser-

160 2124 412 2183 vatione
469 2122 857 2200 exploratum
913 2129 1087 2180 esset.
1188 2119 1369 2192 Quod
1414 2140 1597 2200 quam
1641 2121 1816 2180 tarde
1857 2124 1950 2180 in-

161 2225 446 2283 venerint
505 2222 754 2296 Graeci,
806 2224 939 2300 J’am
995 2219 1228 2281 dudum
1289 2220 1627 2280 docuerunt
1682 2224 1804 2284 viri
1846 2223 1951 2282 ha-

158 2340 296 2383 rum
341 2341 549 2382 rerum
592 2325 981 2402 peritissimi3
1025 2324 1280 2383 invento
1324 2331 1532 2381 autem
1563 2323 1669 2383 via
1699 2322 1947 2402 quidem

159 2421 242 2483 ad
309 2425 459 2483 istas
531 2425 1025 2502 comparationes
1084 2423 1425 2502 patefacta,
1486 2441 1683 2501 neque
1739 2432 1946 2482 tamen

159 2525 367 2584 statim
424 2526 580 2583 inita
634 2532 757 2594 est,
814 2522 881 2580 id
936 2522 1102 2601 quod
1160 2521 1492 2581 ostendunt
1550 2523 1812 2599 vestigia
1854 2543 1947 2580 re-

158 2644 299 2685 cens
342 2643 558 2705 pressa
602 2633 665 2682 et
706 2624 929 2684 leviter
972 2632 1041 2682 ut
1084 2640 1122 2682 a
1164 2622 1555 2682 tentantibus.
1645 2622 1770 2682 Sed
1821 2642 1943 2702 quo

157 2725 394 2786 tardius
436 2725 812 2785 irroboravit
854 2724 1004 2783 haec
1049 2725 1294 2803 opinio,
1339 2732 1512 2782 tanto
1558 2722 1793 2785 diutius
1823 2732 1943 2781 ste-

157 2829 266 2899 tit,
311 2838 372 2887 et
412 2828 799 2907 reperiuntur
841 2823 1028 2885 hodie
1071 2842 1347 2903 quoque,
1391 2823 1730 2903 quamlibet
1762 2833 1942 2882 auct-o

156 2923 552 2987 Planetarum
606 2945 896 2999 numere,
953 2927 1055 3005 qui
1114 2925 1439 3004 unicuique
1496 2942 1709 2983 eorum
1753 2942 1939 2983 unam

156 3046 192 3085 e
236 3037 472 3107 septem
517 3029 821 3087 humanae
863 3028 1032 3088 vitae
1075 3025 1376 3085 aetatibus
1420 3023 1761 3101 subjectam
1805 3043 1940 3082 esse

158 3126 437 3188 dictitent
464 3124 571 3209 [f]‚
635 3129 776 3189 hinc
828 3127 1055 3204 ingenii
1112 3127 1376 3186 sollertis
1433 3125 1665 3185 famam
1709 3123 1938 3204 adepti.

280 3339 349 3396 [f]
395 3357 434 3383 v.
468 3342 660 3397 Wagner
690 3340 930 3384 Handbuch
963 3339 1037 3381 der
1068 3338 1327 3394 Chronolog.
1359 3338 1415 3380 T.
1451 3338 1483 3378 l.
1516 3352 1555 3393 p.
1586 3333 1686 3380 246.
