2184 3840
818 229 859 272 o
886 227 995 273 n‘P
1021 227 1067 271 Η
1096 228 1119 271 1
1149 229 1186 271 c
1215 230 1265 273 A.
1799 221 1922 283 853

160 359 513 419 admodum*
550 361 701 420 vero
734 358 984 435 :Pythia
1030 377 1169 438 pro*
1200 358 1504 423 &di-awa:
1549 362 1768 421 maluit
1822 367 1921 427 εὐ-

159 458 487 544 ρυγάστωρ
542 457 772 532 dicere,
827 459 918 517 ita
947 458 1304 536 elegantius
1359 462 1444 520 se’
1468 460 1766 520 facturam
1810 480 1921 540 pu-

158 559 317 618 tavit
356 559 412 617 si
453 557 675 617 rubum
720 559 1033 632 caninum,
1094 578 1278 638 quem>
1316 560 1535 638 vulgus
1575 561 1761 630 κυνὸς
1800 560 1922 642 βά-

152 680 264 720 τον
307 657 408 717 vel
448 655 843 738 κυνόσβατον
886 659 1192 740 (Eustath.
1235 679 1295 739 p.
1330 660 1507 720 1822.
1557 659 1679 738 17.)
1722 657 1922 731 vocat,

150 756 406 833 figurate
458 754 619 820 κύνα
670 757 922 837 ξυλίνην
985 761 1503 819 transnominaret
1552 760 1617 817 in
1675 758 1920 817 oraculo

150 854 359 914 Locris
403 854 550 914 dato
594 855 896 915 Plutarch.
941 855 1185 929 Quaest.
1231 859 1473 919 Graecc.
1519 879 1566 918 c.
1610 856 1761 918 XV.·
1777 856 1920 918 586.

151 953 220 1013 T.
262 954 422 1014 VIII.
473 953 693 1014 Athen.
735 956 811 1014 Π.
846 957 946 1015 70.
990 956 1061 1014 Ε.
1104 955 1339 1016 Eadem
1385 954 1703 1016 Cretenses
1739 959 1924 1037 Jussit

150 1053 532 1113 domicilium
572 1053 868 1112 collocare
923 1055 1080 1118 ὅπου
1138 1055 1220 1119 ἄν
1275 1058 1334 1118 οἱ
1387 1062 1660 1141 γηγενεῖς
1712 1059 1921 1126 αὐτοῖς

149 1158 514 1225 ἐπιθῶνται,
557 1170 762 1211 mures
801 1153 1160 1231 significans
1205 1174 1263 1216 v.
1311 1154 1532 1214 Strabo
1576 1154 1742 1215 XIII.
1776 1154 1919 1214 604.

147 1253 382 1312 Aelian.
438 1251 519 1310 H.
563 1251 680 1312 An.
723 1250 861 1311 XII.
905 1253 964 1313 3.
1051 1252 1242 1313 Neleo
1286 1265 1494 1314 autem
1539 1265 1600 1314 et
1642 1253 1922 1314 Medonti

146 1371 330 1434 super
389 1351 651 1430 imperio
707 1351 1160 1412 consulentibus
1213 1353 1533 1434 respondit
1585 1356 1699 1419 τὸν
1750 1362 1921 1436 πρῶ-

144 1478 256 1515 τον
298 1449 611 1524 θύσαντα,
658 1453 818 1514 ἔνθα
863 1451 945 1515 ἂν
988 1452 1023 1514 ὅ
1064 1452 1271 1524 σίαλος
1304 1455 1418 1518 τὸν
1452 1454 1668 1519 σίαλον
1699 1454 1919 1536 τρίβει,

148 1554 360 1635 λαβεῖν
418 1551 534 1630 τὴν
586 1551 908 1633 βασιλείαν
952 1551 1151 1610 Schol.
1196 1554 1340 1630 Lyc.
1391 1553 1570 1613 1378.
1615 1563 1676 1612 et
1721 1552 1920 1614 Schol.

147 1649 398 1710 Aristid.
455 1670 516 1730 p.
576 1650 676 1709 32.
731 1668 956 1709 nomen
1013 1650 1252 1731 σίαλος,
1310 1654 1481 1730 cujus
1534 1655 1632 1714 vis
1685 1655 1750 1712 in
1806 1653 1921 1734 δᾲς

149 1751 356 1820 σίαλος
377 1759 440 1808 et
464 1746 539 1819 ὗς
566 1748 774 1819 σίαλος
791 1744 873 1828 [Ἶ
917 1758 980 1808 et
1001 1752 1271 1809 maxime
1290 1753 1355 1810 in
1383 1750 1714 1836 ἀμύγδαλα
1743 1772 1921 1835 σιγα-

146 1850 358 1913 λόεντα
375 1850 467 1928 [⁶]‚
496 1857 581 1907 vut
623 1857 882 1929 apparet
923 1847 1005 1907 ad
1040 1868 1175 1908 eam
1216 1850 1498 1909 arborem
1534 1850 1921 1923 transferenti,

145 1968 299 2030 quae
342 1958 404 2007 et
446 1956 542 2007 est
583 1959 646 2007 et
688 1947 910 2008 dicitur
949 1966 1100 2029 prae
1143 1951 1356 2010 ceteris
1401 1949 1624 2034 λιπαρή
1667 1960 1729 2010 et
1777 1975 1921 2012 πια-

147 2052 265 2129 λέη,
310 2050 469 2108 sicut
509 2066 723 2108 succus
766 2047 954 2108 bacae
998 2067 1321 2129 expressus
1364 2057 1514 2133 πῖαρ
1546 2050 1760 2130 ἐλαίης.
1807 2049 1919 2109 Pa-

145 2160 235 2209 tet
274 2150 460 2226 igitur
504 2149 857 2209 universum
902 2167 1088 2225 genus
1120 2149 1561 2210 vocabulorum
1577 2193 1595 2223 ‚
1638 2152 1919 2229 quamvis

147 2248 377 2329 publici
415 2265 563 2306 usus
606 2247 740 2305 luce
783 2248 1072 2320 caruerit,
1095 2243 1320 2307 'tamen
1363 2267 1486 2309 non
1533 2239 1919 2309 obscuritatis

149 2366 333 2408 causa
373 2365 413 2405 a
436 2345 671 2423 Pythiis
713 2346 1124 2406 introductum
1170 2347 1278 2407 sed
1321 2350 1386 2407 in
1430 2353 1737 2409 communi
1781 2367 1921 2408 con-

146 2445 470 2508 suetudine
513 2447 807 2519 omnium,
850 2447 954 2525 qui
996 2449 1246 2526 proprie
1290 2457 1352 2506 et
1394 2465 1678 2529 expresse
1710 2449 1921 2528 loque-

148 2632 241 2688 βών
282 2633 390 2688 (scr.
420 2627 662 2690 προάγων)
701 2627 782 2674 τὸν
820 2633 922 2685 βίον
959 2633 1188 2676 κατέλυσε.
1249 2631 1299 2674 Si
1339 2632 1435 2688 quis
1474 2647 1578 2676 vero
1609 2629 1916 2694 εὐρυγάστορα

150 2704 316 2733 versum
345 2688 509 2731 intrare
537 2694 692 2744 negat,
731 2688 910 2745 primum
947 2689 1212 2746 respondebo
1250 2689 1399 2746 poesin
1438 2704 1603 2734 sacram
1640 2705 1778 2748 neque
1819 2691 1917 2733 olim

150 2749 315 2805 legibus
339 2748 527 2791 metricis
554 2746 799 2790 inserviisse
827 2761 963 2804 neque
992 2761 1105 2791 nunc
1143 2748 1394 2791 adstrictam
1422 2750 1586 2802 teneri,
1627 2750 1779 2792 deinde
1819 2749 1915 2791 fieri

149 2822 275 2866 posse
294 2812 342 2849 ut
359 2807 440 2849 hoc
470 2821 496 2848 a
514 2805 795 2863 scriptoribus
823 2806 1100 2850 substitutum
1127 2807 1183 2849 sit
1211 2808 1346 2849 minus
1377 2813 1477 2849 noto
1508 2805 1768 2866 ἔριγάστωρ,
1800 2807 1915 2864 quod

149 2867 206 2909 ab
234 2864 452 2921 Hesychio
483 2865 688 2907 affertur:
714 2861 990 2925 Ἐριγάστορ,
1019 2861 1387 2924 μεγαλογάστωρ,
1420 2873 1621 2922 corrupte
1651 2868 1835 2922 quidem,
1867 2872 1915 2908 ut

151 2926 173 2968 ἐ
204 2920 230 2967 ὑ
267 2939 372 2974 υκος
398 2923 644 2980 saepissime
673 2935 753 2980 pro
782 2923 992 2983 ἐρίμυκος
1019 2924 1233 2967 scribitur.
1279 2925 1329 2966 In
1360 2923 1534 2967 oraculo
1557 2939 1627 2982 ap.
1651 2925 1913 2982 Hesychium

156 2940 264 3025 13AE
279 2981 402 3037 Orig.
435 2981 583 3024 Const.
614 2996 652 3024 c.
680 2980 717 3023 1.
749 2976 890 3035 ὄλβιοι
919 2984 963 3026 οἳ
991 2987 1143 3037 κείνην
1171 2981 1296 3042 ἱερὴν
1319 2978 1453 3025 πόλιν
1475 2979 1746 3039 οἰκήσουσιν,
1778 2982 1916 3038 ἀκτὴν

152 3045 359 3098 θρηικίην
387 3038 430 3087 δ’
464 3041 656 3098 ἔνυγρον
684 3037 809 3097 παρά
838 3055 884 3084 τε
914 3037 1059 3099 στόμα
1087 3038 1270 3096 πόντου,
1302 3044 1497 3097 praestat
1525 3040 1786 3102 στενυγρόν.

156 3172 171 3211 ³
266 3112 345 3183 [b]-
394 3111 583 3155 Galenus
614 3112 760 3155 Gloss.
790 3128 833 3170 p.
865 3112 966 3156 560.
1008 3110 1166 3158 σιάλου
1196 3110 1335 3168 δᾳδὸς
1365 3114 1441 3156 καὶ
1469 3111 1626 3159 σιάλου
1656 3114 1804 3172 αἰγὸς,
1836 3118 1914 3158 τοῦ

169 3186 358 3230 ‚ananum

271 3241 333 3299 [θ]
392 3242 468 3285 Sic
496 3242 735 3286 Arcadium
765 3243 882 3286 urbis
925 3244 1091 3287 incolae
1135 3243 1256 3286 modo
1299 3245 1514 3301 Φιγαλεῖς
1547 3249 1754 3288 vocantur
1793 3245 1916 3288 modo

158 3301 350 3414 ἕηαέὅῒᾶ.
398 3315 438 3342 v.
479 3300 661 3345 Wcssel.
711 3302 765 3345 ad
817 3300 942 3346 Diod.
989 3303 1081 3346 XV.
1129 3301 1197 3345 40.
1276 3301 1437 3346 Siebel.
1471 3303 1525 3346 ad
1557 3304 1686 3348 Paus.
1731 3303 1788 3347 T.
1834 3303 1914 3346 III.
