2150 3814
187 177 350 236 1080
731 188 955 231 mann
1000 187 1404 232 SECUNDUS.

184 317 345 378 nidis
402 317 678 377 thalamo
722 313 1154 375 Adoniazusae
1197 314 1594 375 Theocritcae
1631 313 1770 376 XV.
1807 311 1958 375 115.

186 414 672 478 admirabundae
715 421 994 492 spectant
1867 429 1870 431 ·

325 551 481 603 Εἴδεα
519 547 651 599 ὅσσα
687 553 915 614 γυναῖκες
950 545 1030 596 ἐπὶ
1066 541 1320 618 πλαθάνῳ
1358 547 1622 599 πονέονται
1641 549 1706 612 [g]

188 683 249 733 et
291 674 450 729 inter
493 669 642 727 haec

324 792 468 846 πάντ’
510 793 649 866 αὐτῷ
686 791 899 859 πετεηνὰ
937 793 1020 843 καὶ
1058 789 1243 861 ἑρπετὰ
1278 793 1399 866 τᾷδε
1437 789 1666 864 πάρεστι.

186 924 382 981 Varro
455 922 530 980 de
597 921 666 980 L.
721 921 788 979 L.
845 919 948 978 IV.
1000 937 1060 998 p.
1120 919 1219 979 30.
1307 919 1537 979 Panis
1606 928 1968 993 vocatur,

190 1021 391 1102 quod
463 1022 710 1101 primo
777 1020 1076 1097 figuras
1136 1019 1539 1079 faciebant
1599 1019 1972 1079 mulieres

187 1124 266 1180 in
325 1121 713 1199 panificio
772 1119 1001 1178 Panis
1045 1130 1481 1198 posteaque
1525 1119 1826 1196 figuras
1870 1118 1974 1176 fa-

193 1241 359 1279 cere
418 1222 938 1279 instituerunt
995 1219 1212 1277 alias.
1311 1218 1652 1278 Diomedes
1699 1218 1971 1277 Gramm.

189 1321 256 1379 L.
313 1321 416 1377 111.
477 1320 534 1376 8.
593 1338 653 1395 p.
714 1318 857 1376 484.
916 1303 1024 1375 ubi
1084 1317 1160 1376 de
1217 1318 1597 1377 solemnibus
1643 1318 1865 1377 siculis
1908 1319 1976 1376 in

189 1421 484 1477 honorem
554 1417 794 1475 Dianae
862 1418 1189 1475 institutis:
1282 1418 1468 1474 Erat
1537 1420 1766 1496 panis
1833 1435 1975 1476 ma-

190 1536 377 1596 gnus
449 1517 785 1574 omnium
856 1516 1195 1574 ferarum
1250 1517 1586 1592 imagine
1651 1516 1977 1595 comple-

190 1628 312 1676 tus
359 1626 432 1675 et
477 1625 648 1674 uter
693 1634 850 1674 cum
895 1618 1084 1677 vino
1132 1625 1205 1674 et
1259 1613 1484 1674 follis
1542 1633 1705 1674 cum
1750 1617 1978 1675 omni-

193 1737 310 1776 um
371 1717 839 1792 leguminum
904 1735 1196 1792 genere.
1283 1714 1592 1774 Arnobius
1650 1715 1782 1775 vll.
1827 1736 1874 1775 c.
1918 1717 1977 1775 8.

193 1817 600 1896 pusiones,
658 1825 740 1874 ut
785 1814 1240 1874 abstineant
1282 1815 1767 1894 ploratibus,
1811 1834 1979 1896 pas-

194 1916 579 1987 serculoS,
625 1915 997 1994 pupulos,
1044 1914 1445 1993 equuleos,
1502 1916 1744 1988 Panes
1791 1916 1980 1974 acci·-

194 2017 449 2094 piunt,
523 2033 642 2092 quo
713 2015 848 2072 loco
916 2017 1282 2092 interpretes
1351 2026 1664 2093 postremo
1729 2017 1980 2075 nomine

195 2114 374 2171 Panis
430 2113 630 2189 sigilla
687 2112 968 2172 denotari
1025 2115 1377 2172 existimant
1404 2110 1496 2193 [¹¹].
1601 2114 1982 2193 Hujusmodi

196 2222 400 2271 autem
447 2213 758 2292 placentas
804 2213 1099 2290 sigillatas
1145 2213 1263 2272 diis
1310 2233 1552 2294 quoque
1595 2232 1710 2294 pro
1757 2215 1982 2274 sacrifi-

195 2314 301 2372 ciis
373 2311 609 2371 oblatas
682 2332 815 2372 esse
882 2333 979 2373 res
1047 2324 1140 2373 est
1207 2314 1496 2391 vulgatae
1552 2315 1811 2373 notitiae
1871 2313 1983 2374 sed

195 2430 377 2470 causa
447 2430 702 2491 anceps,
771 2422 1099 2471 ornatusne
1155 2415 1350 2490 gratia
1406 2423 1467 2472 et
1521 2414 1861 2490 elegantiae
1913 2413 1982 2473 id

194 2499 543 2569 institutum
615 2512 696 2569 sit
764 2529 842 2569 an
914 2510 993 2569 ad
1051 2512 1530 2571 assimulandam
1584 2514 1982 2574 victimarum

199 2612 484 2688 speciem.
585 2610 963 2687 Pythagoras
1019 2611 1297 2690 quidem,
1359 2631 1539 2692 quem
1594 2613 1808 2690 religio
1864 2615 1982 2673 im-

197 2708 488 2789 pediebat
543 2703 801 2769 deorum
862 2729 997 2769 aras
1052 2714 1344 2789 sanguine
1401 2721 1752 2786 cruentare,
1816 2717 1982 2798 βοῦν

318 2894 388 2950 [ἔ]
432 2894 635 2936 Wartoni
664 2893 972 2939 dubitationem
1002 2897 1173 2952 penitus
1202 2897 1317 2940 tollit
1347 2897 1560 2940 Matronis
1590 2896 1710 2941 locus
1739 2897 1896 2942 Athen.
1919 2898 1979 2942 11.

201 2950 299 2995 112.
333 2951 385 2995 C.
428 2953 481 2994 de
511 2967 671 3008 coquo:
712 2958 929 3004 παντοίας
961 2954 1082 3003 ἰδέας
1121 2950 1303 3011 τεύχων.
1345 2955 1526 2998 Pistoris
1565 2961 1630 2998 est
1667 2955 1838 3000 Unum
1877 2972 1980 3013 ge-

199 3023 298 3050 nus
337 3011 393 3051 in
433 3010 633 3054 multas
670 3013 898 3055 variare
945 3014 1175 3068 figuras
1227 3014 1377 3056 Manil.
1422 3015 1476 3057 V.
1518 3013 1618 3058 284.
1674 3015 1727 3057 de
1769 3015 1979 3059 dulciario

200 3066 395 3109 Martial.
437 3068 556 3112 XIV.
597 3070 698 3112 222.
762 3071 920 3113 Mille
971 3072 1085 3114 sibi
1136 3072 1328 3115 dulces
1369 3086 1586 3130 operum
1629 3087 1818 3116 manus
1864 3074 1980 3116 ista

196 3125 425 3179 figuras
476 3128 712 3171 extruit.

317 3194 394 3253 [h]
441 3198 516 3240 Sic
546 3213 696 3241 nomen
729 3200 765 3242 C
778 3215 803 3243 a
809 3202 827 3256 j
841 3215 865 3244 o
879 3200 921 3243 li
960 3202 1073 3259 apud
1105 3202 1290 3246 Statium
1329 3204 1686 3259 interpretantur,
1730 3205 1759 3247 b
1773 3204 1885 3247 ella
1894 3218 1917 3246 ι·
1926 3205 1943 3247 i
1952 3219 1980 3248 a

199 3267 370 3311 puero
385 3269 498 3299 rum
540 3258 834 3314 imaginem
875 3273 936 3302 re
951 3262 1229 3314 ferentia,
1280 3261 1391 3305 sicut
1429 3262 1667 3305 Erneum
1715 3262 1794 3306 libi
1843 3278 1979 3320 genus

197 3311 323 3370 παρὰ
352 3311 403 3358 τὸ
435 3309 597 3373 ὄρνεον
609 3349 622 3372 ,
666 3318 779 3373 quod
811 3318 903 3361 avis
932 3318 1114 3375 figuram
1144 3320 1325 3364 haberet
1353 3320 1518 3376 scalig.
1551 3321 1606 3364 ad
1637 3320 1781 3365 Catal.
1811 3335 1853 3378 p.
1875 3321 1975 3365 226.
