2150 3814
213 221 339 283 962
747 227 987 273 mann
1032 227 1465 273 SECUNDUS.

220 361 467 436 diendo,
511 369 755 442 praeter
799 374 958 437 quae
1001 377 1038 419 a
1081 357 1286 434 Zoega
1328 355 1516 416 allata
1558 363 1721 430 sunt,
1766 358 1872 436 qui
1913 359 2005 418 in-

219 475 313 524 ter
357 462 589 541 Orphei
633 459 1065 539 explanatores
1111 458 1238 525 οἷος
1279 458 1582 520 πέπνυται
1598 454 1694 537 [†].
1741 457 2004 516 Eschen-

221 565 472 624 bachius
517 559 767 640 quidem
786 598 802 629 ‚
846 555 1033 615 homo
1077 555 1299 614 leviter
1340 554 1556 616 doctus
1571 600 1588 630 ‚
1634 575 1746 637 pro
1775 555 2007 635 Orphei

221 662 538 724 sententiis
575 656 819 717 Proculi
861 657 1103 714 somnia
1130 654 1332 729 offert3
1376 655 1687 716 Arnoldus
1709 656 2007 728 Kannius‚

223 765 437 823 harum
496 774 794 836 nugarum
853 755 1008 814 liber
1022 798 1040 828 ‚
1096 774 1134 814 a
1189 753 1502 814 doctrinae
1557 756 1750 834 copiis
1807 756 2010 813 minus

221 864 554 921 instructus
622 859 744 917 fuit
810 875 885 915 eo
955 864 1118 914 certe
1185 863 1466 933 tempore
1534 872 1655 932 quo
1715 853 2011 915 Analecta

218 960 598 1038 Philologica
642 956 987 1017 elaboravit
1031 964 1094 1014 et
1134 955 1365 1014 inserta
1408 954 1503 1014 his
1547 953 1659 1011 illa
1678 950 2012 1039 Ἐπιγράμ-

224 1085 394 1145 ματα
449 1059 752 1124 ἀνέκδοτα
766 1103 786 1130 ,
847 1058 915 1115 in
972 1054 1196 1134 quibus
1254 1054 1458 1113 nullus
1502 1071 1752 1131 graecus
1797 1069 2013 1113 versus

224 1163 461 1240 legitur.
547 1156 750 1218 Ceteri
764 1199 782 1229 ‚
825 1173 980 1236 quos
1025 1154 1310 1226 viderim,
1356 1153 1434 1212 de
1480 1152 1729 1234 Orpheo
1774 1161 2013 1213 tantum

224 1267 644 1340 cognoverunt
685 1265 981 1338 quantum
1027 1275 1104 1317 ex
1135 1255 1406 1333 Hymnis
1452 1263 1514 1312 et
1556 1254 1834 1334 pauculis
1862 1254 2015 1313 Ges-

225 1363 360 1421 neri
413 1358 769 1436 fragmentis
826 1357 1110 1432 cognosci
1161 1364 1369 1434 potest
1383 1374 1397 1428 ;
1456 1354 1678 1433 quibus
1722 1353 2014 1413 subsidiis

225 1461 420 1520 fretus
486 1456 943 1517 Tiedemannus
1018 1473 1202 1513 ausus
1276 1464 1369 1514 cst
1437 1454 1639 1512 facere
1704 1452 1870 1533 quod
1918 1499 1920 1503 .
1936 1470 2016 1511 ne
2040 1454 2041 1457 ’

224 1559 505 1637 Bentlejo
550 1556 799 1638 quidem
848 1556 1241 1613 successisset
1252 1597 1270 1626 ‚
1317 1563 1399 1612 >ut
1443 1554 1732 1633 cujusque
1775 1551 2017 1629 Hymni

226 1669 291 1721 et
345 1658 722 1737 singulorum
778 1655 907 1715 fere
963 1654 1442 1731 fragmentorum
1489 1664 1767 1712 auctores
1809 1661 1874 1711 et
1914 1671 2018 1712 ae-

227 1768 419 1820 tatem
475 1756 850 1834 designaret,
907 1754 1024 1813 hoc
1081 1753 1315 1833 Orphei
1374 1773 1508 1814 esse
1563 1753 1770 1813 dicens
1785 1797 1802 1826 ‚
1858 1751 2016 1813 illud

228 1858 610 1920 Onomacriti
624 1899 642 1929 ,
730 1854 900 1914 aliud
946 1851 1281 1913 Christiani
1324 1864 1430 1913 aut
1473 1855 1774 1913 Platonici
1817 1854 2017 1912 homi-

227 1961 350 2034 nis3
395 1956 505 2019 sed
547 1956 704 2015 hanc
746 1956 1063 2016 levitatem
1107 1954 1216 2018 ille
1257 1955 1494 2032 magnis
1536 1954 1602 2012 in
1644 1954 1768 2012 alio
1797 1971 2016 2030 genere

226 2060 545 2119 literarum
600 2055 976 2116 successibus
1035 2053 1315 2112 redemit.
1413 2054 1471 2113 N
1474 2072 1628 2115 ovos
1688 2063 1896 2114 autem
1952 2061 2017 2111 et

227 2157 580 2218 reconditos
635 2156 950 2216 doctrinae
1006 2153 1310 2233 Orphicae
1353 2153 1558 2213 fontes
1599 2153 2018 2232 Boettigerum

227 2258 457 2318 adiisse
511 2275 759 2316 necesse
813 2265 909 2314 est
922 2298 941 2328 ,
995 2255 1101 2333 qui
1143 2272 1341 2334 nuper
1383 2254 1537 2313 haec
1577 2254 1757 2313 nobis
1801 2253 2019 2314 vatici-

227 2358 514 2418 nabatur:
614 2357 662 2416 B
681 2357 753 2414 ei
833 2355 976 2413 den
1059 2355 1635 2414 verwickelten
1715 2354 2016 2432 Fragen

226 2458 415 2518 iiber
458 2456 585 2515 die
626 2455 840 2514 alten
881 2454 1003 2529 My
1020 2455 1318 2514 sterien
1370 2456 1679 2512 miissen
1724 2473 1865 2514 vor
1915 2453 2015 2511 al-

226 2557 350 2616 len
427 2556 730 2631 Dingen
818 2552 944 2611 die
1032 2553 1502 2629 or'giastisch
1519 2572 1604 2612 en
1674 2552 2013 2626 Weihen‚

228 2657 355 2717 die
411 2673 542 2716 aus
600 2653 1066 2712 Kleinasien
1122 2652 1271 2711 und
1315 2653 1598 2730 Syrien
1639 2654 1886 2713 komm
1905 2671 2013 2724 en,

227 2755 741 2834 desgleichen
825 2752 984 2811 alle
1071 2751 1596 2827 edonischen,
1689 2753 2013 2834 phrygi-

226 2857 463 2916 schen
519 2853 671 2914 und
742 2852 1532 2913 sabazzisch-bacchis
1549 2855 1740 2913 chen
1795 2851 2012 2911 Phal-

228 2954 896 3033 lusgeheimnisse
952 2952 1104 3011 und
1163 2952 1291 3012 die
1348 2953 1811 3014 caucasisch
1838 2987 1862 2998 —
1889 2970 2011 3011 or-

228 3054 612 3134 phischen
680 3053 1299 3113 unterschieden
1368 3053 1705 3115 werden.
1818 3050 2009 3111 Jene

227 3162 452 3212 arten
522 3153 600 3212 in
669 3153 909 3231 grohe
965 3151 1521 3214 Sinn-lichkeit
1576 3153 1730 3214 und
1785 3150 2009 3230 Jong·

345 3317 425 3377 [†]
473 3321 625 3364 Adhuc
654 3322 772 3365 edita
801 3337 884 3366 non
915 3327 982 3366 est
1010 3323 1095 3366 viri
1134 3338 1237 3381 eegr
1239 3323 1302 3380 gii
1344 3322 1590 3368 dissertatio
1638 3322 1693 3366 de
1734 3323 1815 3366 deo
1856 3326 2004 3381 proto-

223 3392 278 3435 go
281 3393 348 3423 no.
380 3393 422 3422 v.
452 3380 673 3423 Welckeri
702 3378 766 3423 Le
769 3382 849 3426 ben
880 3381 1064 3439 Zoega’s
1097 3396 1140 3441 p.
1170 3380 1270 3427 48&
