2184 3840
786 173 1253 248 ournch(
1408 263 1411 271 ἓ
1770 191 1898 254 849

127 359 225 408 τε,
281 336 393 398 τὸν
435 330 811 414 ἀλεκτρυόνα
867 330 925 392 δ’
978 331 1335 412 ὅρταλιὸἔα,
1400 332 1512 396 τὸν
1557 338 1773 418 ἰατρὸν
1817 338 1896 402 αὗ

129 431 363 496 σάκταν
420 468 506 478 -
546 428 891 500 κωτιλάδας
951 429 1021 492 δὲ
1064 430 1176 499 τὰς
1211 429 1538 510 χελιδόνας
1579 471 1663 480 —
1708 455 1898 514 quan—

125 550 303 611 quam
359 531 425 590 hi
476 526 629 591 m‘ihi
683 549 807 589 non
862 535 1256 614 καινουργεῖν
1310 529 1420 589 sed
1474 535 1792 613 antiquum
1838 546 1901 595 et

123 629 502 710 oppidanum
548 629 790 689 dicendi
833 648 1066 689 morem
1111 631 1376 690 retinere
1418 631 1723 693 videntur.
1779 635 1899 695 Ne-

124 749 240 809 que
301 730 575 804 obstant,
637 750 758 811 quo
814 733 1019 791 minus
1086 731 1176 789 ita
1233 739 1533 806 statuam,
1601 732 1726 793 duo
1781 754 1899 795 vo-

123 827 340 888 cabula
382 829 703 914 ὄρτάλιχος
746 840 807 890 et
848 828 1140 903 κωτιλάς,
1200 849 1238 889 a
1281 833 1483 910 poetis
1524 852 1767 914 quoque
1804 854 1901 895 as·-

96 939 323 1011 sumta
339 929 424 1010 [Ἴ.
509 930 667 991 Nam
723 932 839 990 etsi
893 930 958 988 hi
1013 947 1051 987 a
1107 930 1293 1005 vulgo
1350 930 1529 1006 longe
1584 950 1650 990 se
1704 953 1900 1012 segre-

118 1039 293 1105 gant,
337 1040 543 1090 tamen
585 1030 947 1109 saepissime
991 1046 1066 1085 eo
1110 1027 1497 1102 relabuntur,
1542 1031 1643 1106 ¹vel
1687 1036 1897 1111 potius

116 1129 440 1188 inscientes
493 1131 560 1188 in
616 1127 832 1188 eadem
883 1129 1201 1187 incurrunt
1255 1129 1543 1207 vestigia,
1611 1134 1899 1210 quoniam

118 1228 335 1305 vulgus
402 1238 684 1288 naturam
754 1227 972 1287 ducem
1031 1229 1336 1307 sequitur,
1422 1239 1647 1309 poetae
1703 1243 1896 1294 artem

117 1337 372 1388 naturae
414 1330 833 1402 imitatricem3
877 1347 1074 1407 eoque
1118 1329 1343 1400 evenit,
1388 1339 1457 1388 ut
1498 1330 1756 1392 verbum
1793 1335 1902 1392 ali-

119 1427 283 1507 quod
340 1439 450 1488 aut
490 1429 883 1509 metaphora,
940 1447 1096 1508 quae
1139 1429 1206 1487 in
1250 1430 1508 1507 poeticis
1544 1431 1709 1509 jugis
1753 1443 1900 1493 nata

117 1537 180 1587 et
220 1528 346 1588 alta
388 1528 707 1602 videatur,
752 1529 966 1589 eadem
1011 1530 1074 1587 in
1118 1527 1347 1607 plebeji
1390 1532 1691 1591 sermonis
1735 1551 1899 1592 com-

117 1629 359 1687 merciis
404 1630 588 1687 tacite
631 1629 860 1706 gliscat.
929 1627 1121 1708 quue
1165 1636 1298 1686 tum
1343 1647 1527 1708 saepe
1573 1631 1726 1690 alias
1770 1634 1901 1691 ani-

118 1726 554 1801 madvertitur,
611 1738 742 1787 tum
798 1729 1066 1788 maxime
1107 1729 1174 1786 in
1215 1728 1332 1785 hoc
1374 1747 1593 1804 genere
1635 1731 1897 1790 vocabu-

117 1827 316 1886 lo‘rum
383 1826 776 1885 factitiorum.
891 1827 1037 1885 Duo
1102 1834 1245 1885 sunt
1315 1827 1609 1887 animalia
1668 1827 1901 1891 diversi

116 1928 276 1986 inter
317 1944 384 1986 se
425 1927 656 2004 ingenii
698 1924 809 1985 sed
852 1926 991 2006 pari
1034 1924 1384 1984 celebritate
1426 1944 1669 1987 morum
1715 1940 1778 1988 et
1822 1928 1901 1988 ob

115 2027 234 2087 hoc
283 2027 488 2107 ipsum
544 2025 898 2086 nominibus
962 2026 1175 2086 multis
1230 2027 1542 2106 variisque
1593 2029 1901 2105 insignita,

118 2128 371 2207 vulpes,
442 2128 723 2206 inquam,
795 2127 966 2203 cujus
1031 2127 1284 2184 nomina
1339 2126 1604 2205 plurima
1661 2128 1902 2205 collegit

120 2225 433 2286 Albertius
477 2224 559 2285 ad
598 2224 866 2302 Hesych.
910 2243 957 2283 s,
985 2224 1329 2308 Σκαφώρη,
1372 2244 1411 2284 a
1453 2224 1734 2305 pluribus
1774 2225 1901 2285 for-

121 2337 283 2386 tasse
326 2324 715 2397 animalibus,
758 2343 916 2404 quae
959 2333 1198 2386 veteres
1229 2324 1436 2403 vulpis
1462 2326 1711 2383 nomine
1738 2343 1900 2386 com-

118 2425 534 2506 prehendunt,
602 2427 866 2504 repetita
893 2425 970 2504 [V]
1035 2433 1096 2483 et
1151 2425 1359 2483 asinus
1416 2424 1521 2502 qui
1575 2425 1899 2503 permultis

120 2524 320 2586 modis
364 2524 738 2605 appellatur:
793 2521 1093 2610 ὄγκηστής
1135 2524 1270 2585 sive
1310 2521 1644 2606 βρωμητής
1687 2533 1748 2583 et
1789 2551 1898 2606 με-

118 2624 396 2713 γάμυκος
458 2623 685 2706 (Suid.)
742 2643 782 2683 a
836 2622 1044 2683 ruditu
1060 2623 1156 2703 [w]
1211 2625 1467 2706 μέμνων
1520 2641 1558 2682 a
1599 2625 1899 2703 patientia

118 2727 267 2786 Poll.
322 2725 431 2785 IX.
475 2725 576 2784 48.
630 2721 859 2805 μύκλος
914 2742 952 2783 a
1006 2723 1321 2783 salacitate
1364 2722 1665 2799 Hesych.,
1709 2743 1746 2782 a
1789 2743 1898 2784 va-

118 2824 391 2907 pulando
462 2825 750 2906 ἅείὸαρος
818 2843 923 2883 seu
991 2823 1350 2909 γαείὸαρος,
1418 2823 1483 2880 in
1554 2822 1899 2882 Graecitate

120 2926 354 3002 media,
409 2944 565 3006 quae
620 2925 751 2984 fere
806 2932 940 2984 tota
998 2925 1240 3002 linguae
1306 2924 1569 2982 rusticae
1625 2921 1898 2982 faecibus

239 3111 300 3167 [t]
331 3125 373 3154 v.
402 3110 562 3154 Jacobs
592 3111 647 3154 ad
677 3109 848 3153 Anthol.
879 3109 976 3152 v01.
1007 3107 1086 3152 111.
1116 3109 1166 3152 P.
1198 3108 1232 3150 Ι.
1265 3105 1333 3149 58.
1434 3079 1444 3083 ””

239 3198 305 3254 [V]
337 3213 378 3240 v.
411 3198 566 3240 Millin.
598 3198 785 3241 Monum.
814 3195 936 3240 Ined.
967 3196 1023 3239 T.
1054 3197 1089 3239 1.
1120 3193 1220 3239 355.

244 3283 310 3340 [W]
343 3284 489 3342 Upton
518 3285 574 3328 ad
601 3285 746 3343 Epict.
778 3283 890 3328 Dias.
923 3284 957 3326 Ι.
992 3283 1059 3330 18.
1091 3282 1162 3330 20.
1191 3295 1233 3338 p.
1262 3279 1361 3324 222.
1412 3279 1661 3336 Schweigh.
1694 3277 1896 3322 Gataker

129 3341 307 3384 Advews.
335 3343 418 3384 ΠΙ.
448 3343 546 3387 420.

211 3417 267 3467 ιι,
1523 3410 1559 3469 5
