2150 3814
263 210 427 271 1280
840 221 1080 265 1„anss
1124 221 1492 268 ‘ruamus

261 353 490 413 Verum
535 352 744 430 opinio
789 351 970 430 longe
1014 363 1106 412 est
1149 353 1286 411 alia.
1337 384 1341 389 ·
1373 352 1476 412 Sic
1531 353 1692 411 enim
1739 351 2037 427 dictitant,

263 455 447 525 hanc,
523 469 708 529 quam
774 453 1120 512 vocitamus
1133 497 1150 526 ,
1219 451 1667 529 Mythologiam
1699 505 1704 509 .
1734 454 2036 533 principio

262 554 453 614 fuisse
507 560 709 609 totum
754 550 1050 629 quiddam
1095 553 1173 611 ab
1219 553 1581 632 antiquitate
1623 553 1935 631 religionis
1981 566 2042 612 et

263 652 599 732 sapientiae
640 661 895 731 parente
937 671 1061 711 uno
1106 652 1280 714 velut
1321 653 1469 712 nixu
1513 651 1781 726 editum,
1823 661 2044 734 postea

266 771 413 814 vero
472 750 817 830 dispersum
877 750 1396 832 dissipatumque,
1441 750 1584 824 sed,
1630 773 1786 831 quae
1830 772 2041 833 super-

262 854 386 912 sint
454 852 586 929 ejus
653 862 889 932 partes,
961 870 1064 912 eas
1089 858 1094 861 ’
1120 853 1462 911 necessario
1525 859 1588 910 et
1639 853 1800 911 inter
1857 870 1923 911 se
1980 860 2044 911 et

261 971 398 1012 cum
441 959 575 1010 toto
620 970 978 1030 congruere,
1023 949 1230 1031 itaque
1273 953 1406 1010 fieri
1448 961 1518 1010 ut
1559 947 1816 1011 Cornuti
1858 952 2042 1012 alicu-
2134 972 2150 982 ·

250 1054 354 1131 jus
409 1053 763 1111 testimonia
817 1051 1203 1112 tantumdem
1261 1052 1512 1113 valeant
1561 1062 1855 1132 quantum
1910 1051 2044 1111 Ho-

257 1155 431 1213 meri.
519 1151 1055 1224 Quemadmodum
1111 1154 1296 1228 igitur
1354 1173 1429 1212 ex
1484 1155 1697 1234 paucis
1724 1172 1726 1175 ·
1755 1154 2044 1232 antiquae

259 1252 574 1331 cujusdam
639 1263 878 1311 statuae
931 1252 1278 1331 particuliS,
1342 1271 1498 1331 quae
1551 1254 1710 1312 forte
1764 1262 2044 1314 servatae

256 1362 428 1425 sunt,
472 1353 659 1432 periti
701 1352 1112 1427 conjecturam
1159 1353 1439 1429 capiunt,
1483 1355 1588 1431 qui
1630 1353 1816 1413 fuerit
1860 1354 2043 1412 amis-

255 1471 464 1513 sarum
520 1454 706 1523 situs,
767 1469 922 1530 quae
964 1452 1321 1531 proportio,
1363 1453 1452 1535 sic
1493 1452 1588 1510 illi
1630 1471 1708 1510 ex
1749 1453 1844 1511 his
1888 1472 2043 1532 quae

255 1554 562 1631 legerunt,
609 1551 891 1630 quamvis
934 1569 1134 1631 pauca
1177 1552 1331 1624 sint,
1377 1549 1454 1608 de
1496 1569 1623 1610 non
1667 1552 1838 1611 lectis
1873 1552 2042 1629 judi-

256 1672 393 1713 care
445 1671 513 1713 se
570 1661 891 1710 autumant
943 1652 1234 1711 intestino
1290 1649 1557 1731 quodam
1600 1659 1856 1711 naturae
1901 1670 2041 1711 con-

256 1772 440 1817 sensu
483 1754 693 1812 omnia
735 1771 891 1832 quae
933 1752 1213 1811 homines
1249 1754 1533 1829 cogitent,
1578 1761 1811 1832 optent,
1855 1771 2041 1830 augu-

253 1865 494 1926 rentur,
576 1852 657 1911 ad
725 1863 953 1915 certam
1019 1852 1277 1911 rationis
1343 1870 1628 1911 normam
1705 1852 2039 1930 dirigentis.
2128 1902 2129 1905 ,

255 1954 421 2014 Scita
465 1959 559 2011 est
600 1951 750 2011 haec
795 1954 992 2011 oratio
1038 1962 1100 2011 et
1141 1952 1368 2013 vellem
1413 1954 1505 2010 ita
1549 1961 1727 2025 esset,
1779 1953 1890 2012 sed
1933 1972 2040 2015 ve·
2122 1946 2130 1950 “

251 2072 392 2112 reor
446 2071 526 2110 ne
581 2059 794 2110 contra
850 2053 946 2110 sit.
1042 2051 1202 2111 Nam
1251 2061 1323 2110 ¹et
1376 2070 1595 2111 norma
1636 2053 1815 2125 haec,
1871 2052 2040 2133 quod

242 2159 518 2225 constet,
580 2151 779 2211 adhuc
833 2170 871 2211 a
922 2153 1169 2211 nemine
1210 2153 1499 2226 inventa,
1557 2161 1618 2211 et
1658 2152 2041 2230 mythologia

251 2253 377 2326 illa,
420 2261 506 2312 ut<
535 2252 774 2326 dicitur,
820 2253 1134 2330 originalis
1178 2254 1311 2312 sine
1355 2251 1544 2312 dubio
1587 2270 1687 2312 res
1736 2271 2039 2314 commen-

253 2355 398 2412 ticia
442 2364 566 2426 est,
607 2353 852 2413 fabulae
895 2364 1123 2427 autem,
1166 2353 1386 2434 quibus
1431 2361 1734 2412 constare·
1754 2352 2038 2426 creditur,
2128 2359 2134 2365 “

253 2452 410 2510 aliae
467 2454 619 2512 alias
678 2464 879 2525 ortae,
936 2454 1265 2533 pleraeque
1321 2473 1359 2512 a
1413 2455 1615 2533 poetis
1674 2461 1736 2511 et
1790 2452 2037 2529 mytho-

252 2551 532 2630 graphis,
619 2553 790 2610 nullo
852 2563 1172 2612 auctorum
1227 2556 1387 2611 inter
1444 2571 1511 2611 se
1554 2571 1884 2624 consensu,
1967 2562 2038 2610 ut

252 2652 348 2711 illi
399 2653 524 2729 ipsi
558 2656 882 2712 'testantur
934 2654 1040 2729 qui
1093 2671 1131 2708 a
1185 2652 1392 2711 rerum
1435 2651 1713 2712 fontibus
1753 2652 2034 2732 proxime

255 2751 568 2823 afuerunt,
623 2749 974 2809 Hecataeus
1018 2757 1081 2808 et
1122 2746 1512 2824 Herodotus,
1567 2770 1827 2831 quorum
1870 2770 2034 2812 com-

257 2852 461 2910 munis
504 2859 599 2921 est
639 2849 886 2928 querela
926 2850 988 2912 οἱ
1020 2846 1321 2928 Ἑλλήνων
1365 2847 1536 2935 λόγοι
1577 2848 1792 2912 πολλοί
1830 2875 1896 2912 τε
1927 2852 2033 2914 καὶ

258 2956 482 3034 γελοῖοι
547 2959 650 3009 εει.
673 2952 732 3011 οἱ
770 2950 1046 3027 Ἓλληνες
1088 2950 1293 3011 ’πολλοὶ
1347 2949 1453 3012 καὶ
1503 2955 1711 3034 γελοῖα
1767 2949 2026 3035 λέγουσι.

257 3048 833 3128 ΙῐειῳιθιΑωεὶΙεῑυε
875 3047 1154 3108 Hesiodo
1197 3057 1513 3129 repugnat,
1555 3047 1846 3109 Acusilao
1879 3049 2028 3110 Hel-

259 3148 524 3222 lanicuS,
590 3149 690 3209 hic
736 3148 832 3211 ab
901 3148 1155 3229 Ephoro
1224 3148 1684 3209 mendaciorum
1737 3152 2026 3229 arguitur,

257 3247 542 3327 Ephorus
591 3266 628 3308 a
671 3247 926 3308 Timaeo
963 3246 1216 3329 ..Ioseph
1261 3270 1308 3307 c.
1350 3247 1470 3329 Ap.
1515 3250 1561 3308 I.
1606 3250 1664 3310 3.
1751 3247 2026 3322 Quorum

257 3349 551 3409 omnium-
572 3349 727 3408 nihil
767 3350 899 3409 fieri
940 3350 1260 3428 potuisset,
1302 3349 1374 3422 si,
1419 3359 1488 3408 ut
1527 3350 1622 3410 illi
1656 3350 2023 3432 existimant,
