2150 3814
711 209 961 255 sAMosT
977 175 1265 254 uRAcm.
1729 191 1895 254 1285

121 349 318 430 pheus
360 344 503 423 Arg.
545 339 690 403 469.
734 347 798 398 et
838 338 1120 399 similiter
1161 336 1442 403 Valerius
1486 337 1560 398 11.-
1591 337 1735 399 435.
1779 341 1902 400 hic

123 447 468 508 numinis
523 443 800 502 horror
855 440 928 497 et
981 439 1324 497 incautis
1381 436 1694 500 decreta
1746 442 1904 519 pia-

124 547 296 607 cula
350 542 665 621 linguis.
751 536 1057 608 Aristides
1117 537 1187 596 T.
1230 538 1275 597 Ι.
1332 558 1392 618 p.
1441 537 1580 600 189.
1648 540 1728 603 τὰ
1771 548 1903 604 τῶν

127 641 580 727 Σαμοθρᾴκων
624 637 757 721 ἱερὰ
799 637 1056 702 πάντων
1090 638 1749 720 ὃνομαστόταταπλὴν
1772 647 1902 702 τῶν

116 742 518 808 Ἐλευσινίων.
577 738 1001 816 Athenagoras
1043 748 1252 798 narrat
1293 739 1437 816 Leg.
1479 740 1551 800 II.
1601 737 1658 800 5.
1715 738 1906 799 Athe-

122 846 365 903 nienses
419 842 688 920 graviter
741 840 1157 899 succensuisse
1210 839 1519 917 Diagorae
1577 841 1663 923 μὴ
1706 838 1906 923 μόνον

123 945 237 1009 τὸν
298 942 600 1026 Ὀρφικὸν
662 946 748 1010 εἷς
800 940 990 1020 μέσον
1041 942 1444 1002 κατατιθέντι
1484 939 1688 1026 λόγον
1749 939 1907 1002 ἄλλα

124 1045 230 1108 καὶ
283 1044 363 1107 τὰ
422 1048 490 1106 ἐν
525 1045 820 1104 ’Ἐλευσῖνι
860 1039 967 1102 καὶ
1006 1039 1084 1100 τὰ
1128 1047 1259 1101 τῶν
1302 1039 1634 1122 Καβείρων
1677 1037 1910 1119 δημεύ-

125 1169 259 1208 οντι
300 1140 644 1224 μυστήρια,
683 1147 891 1217 atque
937 1136 1014 1194 de
1055 1136 1173 1195 hoc
1218 1138 1405 1195 etiam
1453 1139 1620 1217 loqui
1662 1138 1911 1199 videtur

122 1245 367 1320 ignotus
435 1243 720 1319 scriptor,
763 1273 846 1283 --
898 1234 1194 1295 Aelianus
1261 1236 1526 1307 fortasse
1590 1275 1678 1283 —-
1744 1237 1913 1317 apud

126 1341 361 1402 Suidan
403 1359 451 1400 s,
500 1338 758 1403 Ἀναὸεῖ.
817 1338 877 1400 οἱ
920 1334 1344 1419 Σαμόθρᾳκες
1386 1335 1758 1421 κηρύττουσι
1801 1336 1910 1418 κή-

128 1468 340 1528 ρυγμα
380 1442 493 1505 τὸν
539 1436 746 1515 ζῶντα
776 1438 987 1501 »αὐτὸν
1031 1437 1434 1524 ἀναγαγόντα
1475 1437 1592 1501 δύο
1634 1437 1914 1502 τάλαντα

130 1547 304 1624 ἔχειν.
351 1551 505 1601 ets.
540 1537 890 1625 Ἐξεφοίτα·
928 1538 1009 1602 Ἰ)
1043 1537 1111 1600 δὲ
1153 1538 1325 1621 παρὰ
1367 1539 1514 1608 τοὺς
1554 1541 1912 1610 ἀτελέστους

130 1642 412 1726 ἐξεφοίτα
476 1636 587 1704 τὰ
625 1648 757 1703 τῶν
826 1643 1280 1721 Σαμοθρᾳκιόν
1350 1642 1531 1725 ὄργια
1557 1637 1654 1720 [5].
1756 1637 1911 1712 Quis

126 1743 269 1802 hinc
323 1741 608 1818 intelligit
660 1739 853 1799 ullam
898 1747 1007 1797 aut
1047 1738 1341 1817 physicae
1386 1748 1495 1798 aut
1537 1739 1914 1819 metaphysi-

129 1861 258 1902 cae·
283 1841 597 1901 doctrinae
639 1849 881 1920 partem
925 1839 1185 1898 initiatis
1211 1839 1498 1899 traditam
1525 1840 1700 1900 esse?
1746 1839 1914 1901 Jam-

127 1941 364 2002 blichus
431 1939 620 2000 refert
674 1926 1068 2016 Pythagoran
1122 1939 1238 2019 τὴν
1293 1939 1481 2004 θείαν
1536 1943 1915 2026 φιλοσοφίαν

128 2043 234 2106 καὶ
283 2041 651 2125 θεραπείαν
683 2039 930 2120 partim⁴
970 2038 1047 2098 ab
1109 2038 1421 2118 Orphicis,
1463 2040 1661 2119 Magis
1675 2086 1692 2116 ‚
1738 2041 1917 2122 Chal-

131 2141 335 2214 daeis,
393 2139 583 2200 Celtis
640 2150 703 2205 et
759 2139 1010 2199 Hiberis
1077 2137 1398 2213 didicisse,
1461 2143 1691 2221 partim
1745 2143 1917 2226 παρὰ

131 2251 240 2323 τῆς
281 2249 532 2321 μ’τελετῆς
584 2248 694 2320 τῆς
737 2243 806 2303 ἐν
840 2239 1137 2302 Ἐλευσῖνι
1177 2241 1536 2323 γινομένης,
1582 2245 1650 2305 ἐν
1677 2244 1915 2325 Ἴμβρῳ

131 2367 198 2405 τε
252 2342 357 2404 καὶ
410 2335 814 2424 Σαμοθρᾴκῃ
834 2348 850 2386 ‘'-
867 2340 975 2400 καὶ
1015 2337 1214 2420 Δήλῳ·
1259 2338 1370 2398 sed
1413 2351 1475 2399 et
1517 2340 1702 2419 hujus
1745 2361 1913 2402 men-

133 2441 298 2501 dacii
335 2448 583 2500 -auctor
617 2438 972 2499 levissimus
1015 2437 1438 2499 sacerdotibus
1481 2440 1919 2503 samothraciis

133 2560 261 2602 non
339 2540 483 2622 plus
550 2538 769 2598 tribuit
834 2556 1038 2618 quam*
1089 2537 1452 2620 disciplinae
1520 2542 1918 2603 sacerdotalis

135 2643 473 2714 scientiam,
517 2648 675 2720 quae
716 2648 787 2699 ut
817 2657 1005 2721 supra
1040 2639 1440 2717 ostendimus,
1483 2644 1921 2704 sacrificiorum

134 2739 353 2803 ritibus
420 2739 843 2801 continebatur
907 2748 972 2799 et
1027 2742 1419 2802 castimoniis.
1531 2742 1742 2823 Neque
1794 2763 1920 2804 non

259 2894 339 2954 [b]
381 2895 590 2940 Libanius
619 2894 748 2953 Apol.
779 2882 901 2939 Socr.
924 2862 989 2940 ΠΤ.
1020 2896 1102 2938 ΙΙΙ.
1144 2911 1186 2952 p.
1219 2895 1290 2938 53.
1331 2898 1393 2953 τῷ
1422 2894 1503 2940 τὸν
1530 2894 1768 2957 Διαγόραν
1798 2897 1919 2943 ἀπο-

143 2956 363 2998 κτείναντι
389 2953 562 3014 μισθὸν
593 2951 864 3012 ὑπέσχεσθε·
904 2953 986 3009 τὴν
1013 2953 1103 3014 γὰρ
1130 2953 1362 2998 Ἐλευσῖνα
1405 2957 1482 2998 καὶ
1520 2955 1598 3006 τὰς
1637 2954 1920 3019 ἆπορῥήτους

144 3009 377 3085 ἔκωμῴδει
403 3011 592 3064 τελετάς.
634 3013 794 3070 Julian.
824 3013 904 3067 Or.
937 3014 1013 3056 VI.
1046 3014 1141 3056 190.
1172 3015 1223 3057 Α.
1266 3011 1475 3072 Διαγόρᾳ
1519 3017 1636 3073 φασὶ
1673 3020 1734 3073 τῷ
1775 3032 1918 3060 κατα-

145 3079 382 3126 σκωψαντι
410 3062 487 3121 τὰς
513 3069 689 3122 τελετὰς
725 3068 1000 3132 πανηγύρεις
1038 3086 1086 3116 τε
1125 3069 1204 3121 τὰς
1239 3071 1342 3130 παρ’
1390 3072 1542 3123 αὐτοῖς
1579 3075 1656 3118 καὶ
1693 3071 1919 3135 μυστήρια

145 3132 360 3174 τοσοῦτον
396 3129 659 3188 ἔπιμηνῖσαι
696 3131 800 3183 τοὺς
835 3134 926 3189 τοῖν
965 3134 1100 3192 ἱερῶν
1139 3128 1466 3188 προεστηκότας
1508 3130 1614 3183 ὥςτε
1654 3138 1747 3184 τοῖς
1782 3132 1918 3179 κάπὸ-

149 3184 426 3245 σφάττουσιν
475 3186 610 3233 αὐτὸν
650 3188 872 3250 ἀργυρίου
917 3187 1136 3234 τάλαντον
1176 3186 1484 3249 ἐπεκύρωσαν.
1557 3191 1692 3235 Plura
1730 3193 1919 3236 fortasse

150 3246 400 3302 suppeditat
426 3246 699 3293 Philodemus
726 3250 772 3293 in
800 3249 912 3293 libro
934 3249 995 3293 *de
1025 3250 1130 3302 diis,
1162 3250 1284 3305 cujus
1314 3249 1511 3293 notitiam
1539 3251 1688 3308 accepi
1718 3265 1745 3294 a
1772 3252 1920 3295 Blom-

150 3305 293 3348 fieldio
324 3304 379 3347 ad
409 3305 560 3361 Agam.
589 3321 634 3365 p.
661 3307 762 3362 219.
804 3322 905 3351 usus
935 3314 1116 3366 negatus
1157 3315 1246 3360 θεῖς
1290 3308 1366 3351 sed
1402 3313 1537 3352 totam
1565 3309 1784 3367 Diagorae
1815 3324 1918 3353 cau-

153 3377 242 3406 sam
273 3378 300 3405 a
328 3361 536 3407 Fabricio
566 3365 738 3423 saepius
765 3369 994 3413 tractatam
1023 3367 1252 3425 aliquando
1284 3368 1540 3424 pertractari
1570 3369 1710 3412 velim.
