<?xml version="1.0" encoding="UTF-8"?>
<!DOCTYPE html PUBLIC "-//W3C//DTD XHTML 1.0 Transitional//EN"
    "http://www.w3.org/TR/xhtml1/DTD/xhtml1-transitional.dtd">
<html xmlns="http://www.w3.org/1999/xhtml" xml:lang="en" lang="en">
 <head>
  <title>
</title>
<meta http-equiv="Content-Type" content="text/html;charset=utf-8" />
  <meta name='ocr-system' content='tesseract 3.04.00' />
  <meta name='ocr-capabilities' content='ocr_page ocr_carea ocr_par ocr_line ocrx_word'/>
</head>
<body>
  <div class='ocr_page' id='page_1' title='image "./aglaophamussived02lobeuoft_0545.png"; bbox 0 0 2150 3814; ppageno 0'>
   <div class='ocr_carea' id='block_1_1' title="bbox 727 205 1907 267">
    <p class='ocr_par' dir='ltr' id='par_1_1' title="bbox 727 205 1907 267">
     <span class='ocr_line' id='line_1_1' title="bbox 727 205 1907 267; baseline 0.003 -3"><span class='ocrx_word' id='word_1_1' title='bbox 727 218 1281 264; x_wconf 75' lang='lat' dir='ltr'>sAmo&#39;rnRAmA.</span> <span class='ocrx_word' id='word_1_2' title='bbox 1749 205 1907 267; x_wconf 83' lang='lat'><strong>1321</strong></span> 
     </span>
    </p>
   </div>
   <div class='ocr_carea' id='block_1_2' title="bbox 128 344 1914 1127">
    <p class='ocr_par' dir='ltr' id='par_1_2' title="bbox 128 344 1914 1127">
     <span class='ocr_line' id='line_1_2' title="bbox 138 344 1912 431; baseline -0.002 -20"><span class='ocrx_word' id='word_1_3' title='bbox 138 351 326 411; x_wconf 91' lang='lat' dir='ltr'>modo</span> <span class='ocrx_word' id='word_1_4' title='bbox 385 351 540 412; x_wconf 89' lang='lat' dir='ltr'>ollas</span> <span class='ocrx_word' id='word_1_5' title='bbox 594 358 975 431; x_wconf 79' lang='lat' dir='ltr'>pervertere,</span> <span class='ocrx_word' id='word_1_6' title='bbox 1044 345 1235 407; x_wconf 91' lang='lat' dir='ltr'>modo</span> <span class='ocrx_word' id='word_1_7' title='bbox 1300 344 1589 405; x_wconf 91' lang='lat' dir='ltr'>mulctras</span> <span class='ocrx_word' id='word_1_8' title='bbox 1642 345 1912 422; x_wconf 89' lang='lat' dir='ltr'>foedare,</span> 
     </span>
     <span class='ocr_line' id='line_1_3' title="bbox 137 443 1912 512; baseline -0.002 -2"><span class='ocrx_word' id='word_1_9' title='bbox 137 451 326 510; x_wconf 90' lang='lat' dir='ltr'>modo</span> <span class='ocrx_word' id='word_1_10' title='bbox 394 452 680 512; x_wconf 86' lang='lat' dir='ltr'>vellicare</span> <span class='ocrx_word' id='word_1_11' title='bbox 747 448 1068 510; x_wconf 82' lang='lat' dir='ltr'>ancillulas</span> <span class='ocrx_word' id='word_1_12' title='bbox 1135 454 1475 505; x_wconf 89' lang='lat' dir='ltr'>narrantur.</span> <span class='ocrx_word' id='word_1_13' title='bbox 1543 464 1603 505; x_wconf 89' lang='lat' dir='ltr'>v.</span> <span class='ocrx_word' id='word_1_14' title='bbox 1667 443 1912 507; x_wconf 86' lang='lat' dir='ltr'>Coelius</span> 
     </span>
     <span class='ocr_line' id='line_1_4' title="bbox 136 544 1913 627; baseline -0.001 -19"><span class='ocrx_word' id='word_1_15' title='bbox 136 550 392 627; x_wconf 85' lang='lat' dir='ltr'>Rhodig.</span> <span class='ocrx_word' id='word_1_16' title='bbox 445 550 635 608; x_wconf 94' lang='lat' dir='ltr'>Lectt.</span> <span class='ocrx_word' id='word_1_17' title='bbox 687 546 893 626; x_wconf 89' lang='lat' dir='ltr'>Antiq.</span> <span class='ocrx_word' id='word_1_18' title='bbox 946 546 1016 606; x_wconf 92' lang='lat' dir='ltr'><strong>L.</strong></span> <span class='ocrx_word' id='word_1_19' title='bbox 1072 547 1148 605; x_wconf 87' lang='lat' dir='ltr'><strong>II.</strong></span> <span class='ocrx_word' id='word_1_20' title='bbox 1210 565 1258 604; x_wconf 92' lang='lat' dir='ltr'>c.</span> <span class='ocrx_word' id='word_1_21' title='bbox 1302 547 1360 604; x_wconf 87' lang='lat'>7.</span> <span class='ocrx_word' id='word_1_22' title='bbox 1402 545 1620 604; x_wconf 91' lang='lat' dir='ltr'>Delrio</span> <span class='ocrx_word' id='word_1_23' title='bbox 1667 544 1913 619; x_wconf 80' lang='lat' dir='ltr'>Quaest.</span> 
     </span>
     <span class='ocr_line' id='line_1_5' title="bbox 134 643 1913 729; baseline -0.001 -19"><span class='ocrx_word' id='word_1_24' title='bbox 134 651 292 727; x_wconf 88' lang='lat' dir='ltr'>Mag.</span> <span class='ocrx_word' id='word_1_25' title='bbox 336 650 410 706; x_wconf 91' lang='lat' dir='ltr'>H.</span> <span class='ocrx_word' id='word_1_26' title='bbox 455 650 555 706; x_wconf 89' lang='grc'><strong>27.</strong></span> <span class='ocrx_word' id='word_1_27' title='bbox 600 649 659 706; x_wconf 89' lang='grc'><strong>2.</strong></span> <span class='ocrx_word' id='word_1_28' title='bbox 681 650 772 725; x_wconf 60' lang='grc'><strong>[8].</strong></span> <span class='ocrx_word' id='word_1_29' title='bbox 833 644 1022 724; x_wconf 89' lang='lat' dir='ltr'><strong>Apud</strong></span> <span class='ocrx_word' id='word_1_30' title='bbox 1067 653 1299 704; x_wconf 91' lang='lat' dir='ltr'>ceteros</span> <span class='ocrx_word' id='word_1_31' title='bbox 1343 646 1672 725; x_wconf 83' lang='lat' dir='ltr'>scriptores</span> <span class='ocrx_word' id='word_1_32' title='bbox 1716 643 1913 729; x_wconf 78' lang='grc' dir='ltr'><strong><em>κόβα-</em></strong></span> 
     </span>
     <span class='ocr_line' id='line_1_6' title="bbox 133 744 1913 823; baseline -0.003 -12"><span class='ocrx_word' id='word_1_33' title='bbox 133 759 225 811; x_wconf 83' lang='grc' dir='ltr'><strong><em>λοι</em></strong></span> <span class='ocrx_word' id='word_1_34' title='bbox 267 748 662 807; x_wconf 83' lang='lat' dir='ltr'>nominantur</span> <span class='ocrx_word' id='word_1_35' title='bbox 704 746 983 804; x_wconf 90' lang='lat' dir='ltr'>homines</span> <span class='ocrx_word' id='word_1_36' title='bbox 1036 744 1321 815; x_wconf 84' lang='lat' dir='ltr'>insidiosi</span> <span class='ocrx_word' id='word_1_37' title='bbox 1355 746 1515 823; x_wconf 89' lang='lat' dir='ltr'>jocis</span> <span class='ocrx_word' id='word_1_38' title='bbox 1557 745 1913 806; x_wconf 88' lang='lat' dir='ltr'>scurrilibus</span> 
     </span>
     <span class='ocr_line' id='line_1_7' title="bbox 131 839 1912 927; baseline -0.001 -20"><span class='ocrx_word' id='word_1_39' title='bbox 131 858 193 907; x_wconf 91' lang='lat' dir='ltr'>et</span> <span class='ocrx_word' id='word_1_40' title='bbox 244 846 566 907; x_wconf 88' lang='lat' dir='ltr'>fraudibus</span> <span class='ocrx_word' id='word_1_41' title='bbox 622 839 891 906; x_wconf 87' lang='lat' dir='ltr'>sordidis</span> <span class='ocrx_word' id='word_1_42' title='bbox 948 840 1104 905; x_wconf 89' lang='lat' dir='ltr'>alios</span> <span class='ocrx_word' id='word_1_43' title='bbox 1159 844 1419 905; x_wconf 89' lang='lat' dir='ltr'>illudere</span> <span class='ocrx_word' id='word_1_44' title='bbox 1473 847 1662 922; x_wconf 84' lang='lat' dir='ltr'>sueti3</span> <span class='ocrx_word' id='word_1_45' title='bbox 1729 865 1912 927; x_wconf 88' lang='lat' dir='ltr'>quam</span> 
     </span>
     <span class='ocr_line' id='line_1_8' title="bbox 129 944 1912 1025; baseline -0.001 -18"><span class='ocrx_word' id='word_1_46' title='bbox 129 967 261 1007; x_wconf 90' lang='lat' dir='ltr'>rem</span> <span class='ocrx_word' id='word_1_47' title='bbox 356 947 779 1006; x_wconf 88' lang='lat' dir='ltr'>demonstrant</span> <span class='ocrx_word' id='word_1_48' title='bbox 855 944 1287 1025; x_wconf 89' lang='lat' dir='ltr'>Aristophanis</span> <span class='ocrx_word' id='word_1_49' title='bbox 1364 946 1486 1004; x_wconf 94' lang='lat' dir='ltr'>loci</span> <span class='ocrx_word' id='word_1_50' title='bbox 1565 945 1644 1005; x_wconf 90' lang='lat' dir='ltr'>ab</span> <span class='ocrx_word' id='word_1_51' title='bbox 1723 949 1912 1006; x_wconf 88' lang='lat' dir='ltr'>inter-</span> 
     </span>
     <span class='ocr_line' id='line_1_9' title="bbox 128 1043 1914 1127; baseline -0.001 -21"><span class='ocrx_word' id='word_1_52' title='bbox 128 1047 408 1127; x_wconf 88' lang='lat' dir='ltr'>pretibus</span> <span class='ocrx_word' id='word_1_53' title='bbox 463 1047 672 1107; x_wconf 92' lang='lat' dir='ltr'>collati</span> <span class='ocrx_word' id='word_1_54' title='bbox 715 1045 796 1106; x_wconf 90' lang='lat' dir='ltr'>ad</span> <span class='ocrx_word' id='word_1_55' title='bbox 831 1045 1132 1104; x_wconf 91' lang='lat' dir='ltr'>Plutarch.</span> <span class='ocrx_word' id='word_1_56' title='bbox 1191 1045 1333 1104; x_wconf 85' lang='lat'><strong>279.</strong></span> <span class='ocrx_word' id='word_1_57' title='bbox 1390 1043 1663 1104; x_wconf 86' lang='lat' dir='ltr'>Mediam</span> <span class='ocrx_word' id='word_1_58' title='bbox 1720 1047 1914 1123; x_wconf 89' lang='lat' dir='ltr'>Phry-</span> 
     </span>
    </p>
   </div>
   <div class='ocr_carea' id='block_1_3' title="bbox 118 1143 1912 2004">
    <p class='ocr_par' dir='ltr' id='par_1_3' title="bbox 118 1143 1912 2004">
     <span class='ocr_line' id='line_1_10' title="bbox 127 1143 1912 1225; baseline -0.009 -17"><span class='ocrx_word' id='word_1_59' title='bbox 127 1149 342 1208; x_wconf 91' lang='lat' dir='ltr'>nichus</span> <span class='ocrx_word' id='word_1_60' title='bbox 387 1155 451 1207; x_wconf 93' lang='lat' dir='ltr'>et</span> <span class='ocrx_word' id='word_1_61' title='bbox 490 1147 669 1206; x_wconf 94' lang='lat' dir='ltr'>Plato</span> <span class='ocrx_word' id='word_1_62' title='bbox 725 1143 1125 1204; x_wconf 85' lang='lat' dir='ltr'>traduxerunt</span> <span class='ocrx_word' id='word_1_63' title='bbox 1179 1143 1263 1212; x_wconf 78' lang='grc' dir='ltr'>ὥς</span> <span class='ocrx_word' id='word_1_64' title='bbox 1316 1144 1599 1225; x_wconf 60' lang='grc' dir='ltr'>πονηρὸν.</span> <span class='ocrx_word' id='word_1_65' title='bbox 1645 1145 1751 1207; x_wconf 68' lang='grc' dir='ltr'>καὶ</span> <span class='ocrx_word' id='word_1_66' title='bbox 1805 1144 1912 1208; x_wconf 67' lang='grc' dir='ltr'>χό-</span> 
     </span>
     <span class='ocr_line' id='line_1_11' title="bbox 124 1224 1911 1329; baseline 0 -24"><span class='ocrx_word' id='word_1_67' title='bbox 124 1252 327 1329; x_wconf 76' lang='grc' dir='ltr'><strong><em>βαλον</em></strong></span> <span class='ocrx_word' id='word_1_68' title='bbox 387 1246 590 1305; x_wconf 89' lang='lat' dir='ltr'>Schol.</span> <span class='ocrx_word' id='word_1_69' title='bbox 649 1244 898 1303; x_wconf 89' lang='lat' dir='ltr'>Lucian.</span> <span class='ocrx_word' id='word_1_70' title='bbox 953 1224 1095 1322; x_wconf 86' lang='lat' dir='ltr'>Jup.</span> <span class='ocrx_word' id='word_1_71' title='bbox 1155 1240 1331 1320; x_wconf 87' lang='lat' dir='ltr'>Trag.</span> <span class='ocrx_word' id='word_1_72' title='bbox 1385 1239 1451 1322; x_wconf 66' lang='grc' dir='ltr'><strong>ξ.</strong></span> <span class='ocrx_word' id='word_1_73' title='bbox 1482 1242 1584 1302; x_wconf 89' lang='grc'>49.</span> <span class='ocrx_word' id='word_1_74' title='bbox 1642 1244 1785 1304; x_wconf 89' lang='grc'><strong>282.</strong></span> <span class='ocrx_word' id='word_1_75' title='bbox 1843 1244 1911 1306; x_wconf 92' lang='grc' dir='ltr'>Τ.</span> 
     </span>
     <span class='ocr_line' id='line_1_12' title="bbox 126 1339 1911 1427; baseline -0.001 -22"><span class='ocrx_word' id='word_1_76' title='bbox 126 1347 183 1406; x_wconf 84' lang='grc'><strong>6.</strong></span> <span class='ocrx_word' id='word_1_77' title='bbox 229 1355 293 1405; x_wconf 93' lang='lat' dir='ltr'>et</span> <span class='ocrx_word' id='word_1_78' title='bbox 336 1365 412 1404; x_wconf 90' lang='lat' dir='ltr'>ex</span> <span class='ocrx_word' id='word_1_79' title='bbox 454 1345 577 1404; x_wconf 90' lang='lat' dir='ltr'>alio</span> <span class='ocrx_word' id='word_1_80' title='bbox 625 1341 895 1423; x_wconf 88' lang='lat' dir='ltr'>quodam</span> <span class='ocrx_word' id='word_1_81' title='bbox 941 1339 1222 1427; x_wconf 89' lang='lat' dir='ltr'>Comico,</span> <span class='ocrx_word' id='word_1_82' title='bbox 1266 1351 1337 1401; x_wconf 90' lang='lat' dir='ltr'>ut</span> <span class='ocrx_word' id='word_1_83' title='bbox 1378 1341 1654 1412; x_wconf 89' lang='lat' dir='ltr'>videtur,</span> <span class='ocrx_word' id='word_1_84' title='bbox 1709 1342 1911 1421; x_wconf 91' lang='lat' dir='ltr'>Hesy-</span> 
     </span>
     <span class='ocr_line' id='line_1_13' title="bbox 126 1422 1910 1530; baseline 0.001 -24"><span class='ocrx_word' id='word_1_85' title='bbox 126 1447 324 1506; x_wconf 89' lang='lat' dir='ltr'>chius:</span> <span class='ocrx_word' id='word_1_86' title='bbox 385 1444 783 1527; x_wconf 79' lang='grc' dir='ltr'><strong><em>Κυβηλιστὰς</em></strong></span> <span class='ocrx_word' id='word_1_87' title='bbox 838 1443 944 1504; x_wconf 79' lang='grc' dir='ltr'>καὶ</span> <span class='ocrx_word' id='word_1_88' title='bbox 979 1422 1294 1525; x_wconf 61' lang='grc' dir='ltr'><strong><em>’κοβάλους</em></strong></span> <span class='ocrx_word' id='word_1_89' title='bbox 1335 1443 1481 1513; x_wconf 75' lang='grc' dir='ltr'><strong><em>τοὺς</em></strong></span> <span class='ocrx_word' id='word_1_90' title='bbox 1524 1442 1910 1530; x_wconf 75' lang='grc' dir='ltr'><strong><em>κακούργους</em></strong></span> 
     </span>
     <span class='ocr_line' id='line_1_14' title="bbox 124 1542 1911 1632; baseline -0.003 -23"><span class='ocrx_word' id='word_1_91' title='bbox 124 1548 296 1632; x_wconf 71' lang='grc' dir='ltr'><strong><em>λέγει.</em></strong></span> <span class='ocrx_word' id='word_1_92' title='bbox 344 1543 678 1604; x_wconf 89' lang='lat' dir='ltr'>Oratorum</span> <span class='ocrx_word' id='word_1_93' title='bbox 722 1543 989 1622; x_wconf 89' lang='lat' dir='ltr'>aliquem</span> <span class='ocrx_word' id='word_1_94' title='bbox 1031 1542 1149 1602; x_wconf 89' lang='lat' dir='ltr'>hoc</span> <span class='ocrx_word' id='word_1_95' title='bbox 1193 1545 1537 1604; x_wconf 86' lang='lat' dir='ltr'>convicium</span> <span class='ocrx_word' id='word_1_96' title='bbox 1583 1562 1911 1624; x_wconf 88' lang='lat' dir='ltr'>usurpasse</span> 
     </span>
     <span class='ocr_line' id='line_1_15' title="bbox 122 1642 1911 1725; baseline -0.001 -20"><span class='ocrx_word' id='word_1_97' title='bbox 122 1645 634 1725; x_wconf 77' lang='lat' dir='ltr'>Harpocrationis</span> <span class='ocrx_word' id='word_1_98' title='bbox 678 1642 999 1702; x_wconf 87' lang='lat' dir='ltr'>adnotatio</span> <span class='ocrx_word' id='word_1_99' title='bbox 1044 1643 1339 1717; x_wconf 84' lang='lat' dir='ltr'>ostendit3</span> <span class='ocrx_word' id='word_1_100' title='bbox 1383 1662 1729 1722; x_wconf 89' lang='lat' dir='ltr'>quanquam</span> <span class='ocrx_word' id='word_1_101' title='bbox 1773 1645 1911 1703; x_wconf 89' lang='lat' dir='ltr'>Pol-</span> 
     </span>
     <span class='ocr_line' id='line_1_16' title="bbox 122 1742 1907 1825; baseline -0.001 -20"><span class='ocrx_word' id='word_1_102' title='bbox 122 1747 231 1805; x_wconf 86' lang='lat' dir='ltr'>lux</span> <span class='ocrx_word' id='word_1_103' title='bbox 286 1745 754 1825; x_wconf 89' lang='lat' dir='ltr'>praetermittit,</span> <span class='ocrx_word' id='word_1_104' title='bbox 809 1743 1074 1802; x_wconf 88' lang='lat' dir='ltr'>fortasse</span> <span class='ocrx_word' id='word_1_105' title='bbox 1117 1745 1303 1802; x_wconf 91' lang='lat' dir='ltr'>nimis</span> <span class='ocrx_word' id='word_1_106' title='bbox 1348 1742 1671 1802; x_wconf 90' lang='lat' dir='ltr'>sordidum</span> <span class='ocrx_word' id='word_1_107' title='bbox 1719 1754 1907 1804; x_wconf 73' lang='lat' dir='ltr'>ratus</span> 
     </span>
     <span class='ocr_line' id='line_1_17' title="bbox 120 1841 1908 1921; baseline -0.001 -16"><span class='ocrx_word' id='word_1_108' title='bbox 120 1846 343 1905; x_wconf 89' lang='lat' dir='ltr'>Postea</span> <span class='ocrx_word' id='word_1_109' title='bbox 409 1844 592 1920; x_wconf 87' lang='lat' dir='ltr'>hujus</span> <span class='ocrx_word' id='word_1_110' title='bbox 659 1841 948 1902; x_wconf 90' lang='lat' dir='ltr'>vocabuli</span> <span class='ocrx_word' id='word_1_111' title='bbox 1028 1861 1175 1902; x_wconf 90' lang='lat' dir='ltr'>usus</span> <span class='ocrx_word' id='word_1_112' title='bbox 1253 1843 1599 1921; x_wconf 87' lang='lat' dir='ltr'>paullulum</span> <span class='ocrx_word' id='word_1_113' title='bbox 1668 1847 1908 1904; x_wconf 89' lang='lat' dir='ltr'>remisit</span> 
     </span>
     <span class='ocr_line' id='line_1_18' title="bbox 118 1939 1906 2004; baseline 0 0"><span class='ocrx_word' id='word_1_114' title='bbox 118 1944 230 2004; x_wconf 90' lang='lat' dir='ltr'>sed</span> <span class='ocrx_word' id='word_1_115' title='bbox 273 1963 312 2003; x_wconf 92' lang='lat' dir='ltr'>a</span> <span class='ocrx_word' id='word_1_116' title='bbox 352 1942 791 2003; x_wconf 89' lang='lat' dir='ltr'>recentioribus</span> <span class='ocrx_word' id='word_1_117' title='bbox 833 1952 1142 2001; x_wconf 88' lang='lat' dir='ltr'>resumtus</span> <span class='ocrx_word' id='word_1_118' title='bbox 1187 1952 1296 2000; x_wconf 89' lang='lat' dir='ltr'>est.</span> <span class='ocrx_word' id='word_1_119' title='bbox 1364 1941 1491 2000; x_wconf 93' lang='lat' dir='ltr'>Dio</span> <span class='ocrx_word' id='word_1_120' title='bbox 1538 1939 1706 2002; x_wconf 69' lang='lat' dir='ltr'>Cass</span> <span class='ocrx_word' id='word_1_121' title='bbox 1750 1944 1906 2004; x_wconf 92' lang='lat' dir='ltr'><strong>LIII.</strong></span> 
     </span>
    </p>
   </div>
   <div class='ocr_carea' id='block_1_4' title="bbox 120 2041 1906 2318">
    <p class='ocr_par' dir='ltr' id='par_1_4' title="bbox 120 2041 1906 2318">
     <span class='ocr_line' id='line_1_19' title="bbox 123 2041 1906 2126; baseline 0.002 -21"><span class='ocrx_word' id='word_1_122' title='bbox 123 2045 181 2105; x_wconf 85' lang='lat'><strong>3.</strong></span> <span class='ocrx_word' id='word_1_123' title='bbox 242 2047 300 2108; x_wconf 83' lang='grc' dir='ltr'>οἱ</span> <span class='ocrx_word' id='word_1_124' title='bbox 353 2043 434 2106; x_wconf 78' lang='grc' dir='ltr'>τοὶ</span> <span class='ocrx_word' id='word_1_125' title='bbox 490 2042 575 2124; x_wconf 89' lang='grc' dir='ltr'>μὴ</span> <span class='ocrx_word' id='word_1_126' title='bbox 629 2041 816 2104; x_wconf 79' lang='grc' dir='ltr'><strong><em>πιστοὶ</em></strong></span> <span class='ocrx_word' id='word_1_127' title='bbox 877 2042 1190 2105; x_wconf 74' lang='grc' dir='ltr'><strong><em>δοκοῦντα</em></strong></span> <span class='ocrx_word' id='word_1_128' title='bbox 1234 2042 1393 2105; x_wconf 83' lang='grc' dir='ltr'><strong><em>εἶναι</em></strong></span> <span class='ocrx_word' id='word_1_129' title='bbox 1437 2043 1745 2126; x_wconf 73' lang='grc' dir='ltr'><strong><em>λέγοντες,</em></strong></span> <span class='ocrx_word' id='word_1_130' title='bbox 1791 2047 1906 2125; x_wconf 75' lang='grc' dir='ltr'>οὐχ</span> 
     </span>
     <span class='ocr_line' id='line_1_20' title="bbox 122 2139 1906 2222; baseline -0.001 -14"><span class='ocrx_word' id='word_1_131' title='bbox 122 2146 274 2208; x_wconf 78' lang='grc' dir='ltr'><strong><em>ὅσον</em></strong></span> <span class='ocrx_word' id='word_1_132' title='bbox 329 2145 405 2206; x_wconf 79' lang='grc' dir='ltr'>οὗ</span> <span class='ocrx_word' id='word_1_133' title='bbox 462 2141 792 2203; x_wconf 75' lang='grc' dir='ltr'><strong><em>πείθουσιν</em></strong></span> <span class='ocrx_word' id='word_1_134' title='bbox 837 2142 990 2203; x_wconf 79' lang='grc' dir='ltr'><em>ἀλλὰ</em></span> <span class='ocrx_word' id='word_1_135' title='bbox 1034 2142 1140 2203; x_wconf 80' lang='grc' dir='ltr'>καὶ</span> <span class='ocrx_word' id='word_1_136' title='bbox 1181 2139 1440 2222; x_wconf 79' lang='grc' dir='ltr'><strong><em>κόβαλοι</em></strong></span> <span class='ocrx_word' id='word_1_137' title='bbox 1483 2142 1778 2207; x_wconf 71' lang='grc' dir='ltr'><strong><em>δοκοῦσιν</em></strong></span> <span class='ocrx_word' id='word_1_138' title='bbox 1821 2146 1906 2206; x_wconf 78' lang='grc' dir='ltr'>εἷ-</span> 
     </span>
     <span class='ocr_line' id='line_1_21' title="bbox 120 2240 1903 2318; baseline -0.002 -11"><span class='ocrx_word' id='word_1_139' title='bbox 120 2269 244 2308; x_wconf 84' lang='grc' dir='ltr'><strong><em>ναι.</em></strong></span> <span class='ocrx_word' id='word_1_140' title='bbox 331 2242 449 2302; x_wconf 88' lang='lat' dir='ltr'>His</span> <span class='ocrx_word' id='word_1_141' title='bbox 518 2250 856 2318; x_wconf 89' lang='lat' dir='ltr'>congruunt</span> <span class='ocrx_word' id='word_1_142' title='bbox 929 2240 1484 2300; x_wconf 89' lang='lat' dir='ltr'>Grammaticorum</span> <span class='ocrx_word' id='word_1_143' title='bbox 1546 2245 1903 2314; x_wconf 81' lang='lat' dir='ltr'>sententiae.</span> 
     </span>
    </p>
   </div>
   <div class='ocr_carea' id='block_1_5' title="bbox 123 2339 1902 2415">
    <p class='ocr_par' dir='ltr' id='par_1_5' title="bbox 123 2339 1902 2415">
     <span class='ocr_line' id='line_1_22' title="bbox 123 2339 1902 2415; baseline 0.002 -12"><span class='ocrx_word' id='word_1_144' title='bbox 123 2343 325 2403; x_wconf 91' lang='lat' dir='ltr'>Schol.</span> <span class='ocrx_word' id='word_1_145' title='bbox 379 2341 624 2402; x_wconf 90' lang='lat' dir='ltr'>Barocc.</span> <span class='ocrx_word' id='word_1_146' title='bbox 681 2340 763 2400; x_wconf 89' lang='lat' dir='ltr'>ad</span> <span class='ocrx_word' id='word_1_147' title='bbox 816 2340 961 2400; x_wconf 90' lang='lat' dir='ltr'>Eur.</span> <span class='ocrx_word' id='word_1_148' title='bbox 1018 2340 1167 2402; x_wconf 90' lang='lat' dir='ltr'>Hec.</span> <span class='ocrx_word' id='word_1_149' title='bbox 1218 2341 1355 2400; x_wconf 89' lang='lat'><strong>129.</strong></span> <span class='ocrx_word' id='word_1_150' title='bbox 1411 2339 1586 2412; x_wconf 85' lang='grc' dir='ltr'><strong><em>κόπις</em></strong></span> <span class='ocrx_word' id='word_1_151' title='bbox 1642 2343 1674 2405; x_wconf 84' lang='grc' dir='ltr'><em>ὃ</em></span> <span class='ocrx_word' id='word_1_152' title='bbox 1723 2343 1902 2415; x_wconf 80' lang='grc' dir='ltr'><strong><em>λάλος</em></strong></span> 
     </span>
    </p>
   </div>
   <div class='ocr_carea' id='block_1_6' title="bbox 109 2499 1903 3421">
    <p class='ocr_par' dir='ltr' id='par_1_6' title="bbox 109 2499 1903 3421">
     <span class='ocr_line' id='line_1_23' title="bbox 214 2499 1903 2558; baseline 0.002 -15"><span class='ocrx_word' id='word_1_153' title='bbox 214 2501 287 2558; x_wconf 80' lang='lat'>[8]</span> <span class='ocrx_word' id='word_1_154' title='bbox 320 2499 403 2543; x_wconf 85' lang='lat' dir='ltr'>His</span> <span class='ocrx_word' id='word_1_155' title='bbox 428 2501 605 2544; x_wconf 82' lang='lat' dir='ltr'>similem</span> <span class='ocrx_word' id='word_1_156' title='bbox 626 2505 875 2544; x_wconf 85' lang='lat' dir='ltr'>vexatorem</span> <span class='ocrx_word' id='word_1_157' title='bbox 898 2516 922 2543; x_wconf 94' lang='lat' dir='ltr'>e</span> <span class='ocrx_word' id='word_1_158' title='bbox 942 2501 1147 2544; x_wconf 89' lang='lat' dir='ltr'>lemurum</span> <span class='ocrx_word' id='word_1_159' title='bbox 1169 2514 1326 2557; x_wconf 86' lang='lat' dir='ltr'>genere</span> <span class='ocrx_word' id='word_1_160' title='bbox 1350 2501 1452 2543; x_wconf 87' lang='lat' dir='ltr'>mihi</span> <span class='ocrx_word' id='word_1_161' title='bbox 1468 2515 1700 2556; x_wconf 85' lang='lat' dir='ltr'>agnoscere</span> <span class='ocrx_word' id='word_1_162' title='bbox 1722 2502 1903 2546; x_wconf 89' lang='lat' dir='ltr'>videbar</span> 
     </span>
     <span class='ocr_line' id='line_1_24' title="bbox 121 2559 1900 2631; baseline 0.002 -29"><span class='ocrx_word' id='word_1_163' title='bbox 121 2561 164 2603; x_wconf 89' lang='lat' dir='ltr'>in</span> <span class='ocrx_word' id='word_1_164' title='bbox 193 2560 268 2602; x_wconf 90' lang='lat' dir='ltr'>illo</span> <span class='ocrx_word' id='word_1_165' title='bbox 299 2559 453 2602; x_wconf 85' lang='lat' dir='ltr'>larvali</span> <span class='ocrx_word' id='word_1_166' title='bbox 482 2559 716 2631; x_wconf 86' lang='lat' dir='ltr'>Hipponici</span> <span class='ocrx_word' id='word_1_167' title='bbox 741 2560 964 2631; x_wconf 82' lang='lat' dir='ltr'>inquilino,</span> <span class='ocrx_word' id='word_1_168' title='bbox 995 2560 1049 2602; x_wconf 90' lang='lat' dir='ltr'>de</span> <span class='ocrx_word' id='word_1_169' title='bbox 1080 2574 1164 2618; x_wconf 91' lang='lat' dir='ltr'>quo</span> <span class='ocrx_word' id='word_1_170' title='bbox 1195 2559 1438 2602; x_wconf 88' lang='lat' dir='ltr'>Andocides</span> <span class='ocrx_word' id='word_1_171' title='bbox 1467 2561 1689 2603; x_wconf 87' lang='lat' dir='ltr'>fabulatur</span> <span class='ocrx_word' id='word_1_172' title='bbox 1729 2562 1806 2603; x_wconf 88' lang='lat' dir='ltr'>Or.</span> <span class='ocrx_word' id='word_1_173' title='bbox 1846 2563 1900 2605; x_wconf 92' lang='lat' dir='ltr'>de</span> 
     </span>
     <span class='ocr_line' id='line_1_25' title="bbox 123 2614 1895 2678; baseline 0.001 -17"><span class='ocrx_word' id='word_1_174' title='bbox 123 2619 258 2674; x_wconf 82' lang='lat' dir='ltr'>Myst.</span> <span class='ocrx_word' id='word_1_175' title='bbox 289 2633 331 2675; x_wconf 90' lang='lat' dir='ltr'>p.</span> <span class='ocrx_word' id='word_1_176' title='bbox 363 2617 435 2660; x_wconf 86' lang='lat'><strong>64.</strong></span> <span class='ocrx_word' id='word_1_177' title='bbox 465 2615 537 2662; x_wconf 83' lang='grc' dir='ltr'>ὅτε</span> <span class='ocrx_word' id='word_1_178' title='bbox 566 2635 594 2669; x_wconf 81' lang='grc' dir='ltr'><strong><em>η</em></strong></span> <span class='ocrx_word' id='word_1_179' title='bbox 625 2614 755 2667; x_wconf 85' lang='grc' dir='ltr'><em>πόλις</em></span> <span class='ocrx_word' id='word_1_180' title='bbox 783 2633 892 2678; x_wconf 85' lang='grc' dir='ltr'><strong><em>ηρχε</em></strong></span> <span class='ocrx_word' id='word_1_181' title='bbox 922 2621 1013 2661; x_wconf 83' lang='grc' dir='ltr'>τῶν</span> <span class='ocrx_word' id='word_1_182' title='bbox 1038 2615 1261 2672; x_wconf 76' lang='grc' dir='ltr'><strong><em>Ἑλλήνων</em></strong></span> <span class='ocrx_word' id='word_1_183' title='bbox 1291 2620 1366 2661; x_wconf 85' lang='grc' dir='ltr'>καὶ</span> <span class='ocrx_word' id='word_1_184' title='bbox 1396 2615 1656 2676; x_wconf 76' lang='grc' dir='ltr'><strong><em>εὐδαιμόνει,</em></strong></span> <span class='ocrx_word' id='word_1_185' title='bbox 1684 2618 1895 2677; x_wconf 82' lang='grc' dir='ltr'><strong><em>μαλιστα,</em></strong></span> 
     </span>
     <span class='ocr_line' id='line_1_26' title="bbox 116 2668 1899 2731; baseline 0.002 -13"><span class='ocrx_word' id='word_1_186' title='bbox 116 2673 371 2725; x_wconf 83' lang='grc' dir='ltr'><strong><em>Ἱππόνικος</em></strong></span> <span class='ocrx_word' id='word_1_187' title='bbox 399 2676 450 2720; x_wconf 76' lang='grc' dir='ltr'>δὲ</span> <span class='ocrx_word' id='word_1_188' title='bbox 479 2668 536 2731; x_wconf 76' lang='grc' dir='ltr'>ἦν</span> <span class='ocrx_word' id='word_1_189' title='bbox 574 2672 907 2726; x_wconf 78' lang='grc' dir='ltr'><strong><em>πλουσιώτατος</em></strong></span> <span class='ocrx_word' id='word_1_190' title='bbox 941 2679 1032 2720; x_wconf 83' lang='grc' dir='ltr'>τῶν</span> <span class='ocrx_word' id='word_1_191' title='bbox 1066 2674 1313 2729; x_wconf 78' lang='grc' dir='ltr'><strong><em>Ἑλλήνων,</em></strong></span> <span class='ocrx_word' id='word_1_192' title='bbox 1355 2673 1453 2720; x_wconf 87' lang='grc' dir='ltr'><strong><em>τότε</em></strong></span> <span class='ocrx_word' id='word_1_193' title='bbox 1494 2674 1657 2726; x_wconf 80' lang='grc' dir='ltr'><strong><em>πάντες</em></strong></span> <span class='ocrx_word' id='word_1_194' title='bbox 1696 2681 1790 2721; x_wconf 81' lang='grc' dir='ltr'><strong><em>ἴστε</em></strong></span> <span class='ocrx_word' id='word_1_195' title='bbox 1831 2677 1899 2722; x_wconf 81' lang='grc' dir='ltr'><strong><em>ὅτι</em></strong></span> 
     </span>
     <span class='ocr_line' id='line_1_27' title="bbox 109 2730 1897 2798; baseline 0.002 -20"><span class='ocrx_word' id='word_1_196' title='bbox 109 2730 244 2795; x_wconf 81' lang='grc' dir='ltr'><strong><em>’παρὰ</em></strong></span> <span class='ocrx_word' id='word_1_197' title='bbox 273 2739 366 2784; x_wconf 88' lang='grc' dir='ltr'><strong><em>τοῖς</em></strong></span> <span class='ocrx_word' id='word_1_198' title='bbox 393 2734 652 2793; x_wconf 79' lang='grc' dir='ltr'><strong><em>παιδαρίοις</em></strong></span> <span class='ocrx_word' id='word_1_199' title='bbox 679 2739 772 2784; x_wconf 86' lang='grc' dir='ltr'><strong><em>τοῖς</em></strong></span> <span class='ocrx_word' id='word_1_200' title='bbox 797 2731 1083 2795; x_wconf 77' lang='grc' dir='ltr'><strong><em>μικροτάτοις</em></strong></span> <span class='ocrx_word' id='word_1_201' title='bbox 1113 2738 1188 2778; x_wconf 89' lang='grc' dir='ltr'>καὶ</span> <span class='ocrx_word' id='word_1_202' title='bbox 1217 2732 1344 2792; x_wconf 74' lang='grc' dir='ltr'><strong><em>παρὰ</em></strong></span> <span class='ocrx_word' id='word_1_203' title='bbox 1372 2740 1464 2784; x_wconf 84' lang='grc' dir='ltr'><strong><em>τοῖς</em></strong></span> <span class='ocrx_word' id='word_1_204' title='bbox 1486 2740 1690 2793; x_wconf 78' lang='grc' dir='ltr'><strong><em>γυναίοις</em></strong></span> <span class='ocrx_word' id='word_1_205' title='bbox 1718 2735 1897 2798; x_wconf 77' lang='grc' dir='ltr'><strong><em>κλῃδὼν</em></strong></span> 
     </span>
     <span class='ocr_line' id='line_1_28' title="bbox 121 2789 1896 2854; baseline 0.001 -17"><span class='ocrx_word' id='word_1_206' title='bbox 121 2794 172 2837; x_wconf 72' lang='grc' dir='ltr'>ἐν</span> <span class='ocrx_word' id='word_1_207' title='bbox 200 2789 321 2854; x_wconf 78' lang='grc' dir='ltr'>πάσῃ</span> <span class='ocrx_word' id='word_1_208' title='bbox 351 2795 404 2853; x_wconf 79' lang='grc' dir='ltr'>τῇ</span> <span class='ocrx_word' id='word_1_209' title='bbox 431 2791 561 2836; x_wconf 81' lang='grc' dir='ltr'><strong><em>πόλει</em></strong></span> <span class='ocrx_word' id='word_1_210' title='bbox 590 2797 804 2849; x_wconf 82' lang='grc' dir='ltr'><strong><em>κατέσχεν</em></strong></span> <span class='ocrx_word' id='word_1_211' title='bbox 833 2791 899 2837; x_wconf 83' lang='grc' dir='ltr'><strong><em>ὅτι</em></strong></span> <span class='ocrx_word' id='word_1_212' title='bbox 925 2791 1178 2843; x_wconf 81' lang='grc' dir='ltr'><strong><em>Ἱππόνικος</em></strong></span> <span class='ocrx_word' id='word_1_213' title='bbox 1206 2795 1257 2837; x_wconf 76' lang='grc' dir='ltr'>ἒν</span> <span class='ocrx_word' id='word_1_214' title='bbox 1285 2795 1338 2853; x_wconf 81' lang='grc' dir='ltr'>τῇ</span> <span class='ocrx_word' id='word_1_215' title='bbox 1368 2796 1488 2849; x_wconf 76' lang='grc' dir='ltr'><strong><em>οἰκίᾳ</em></strong></span> <span class='ocrx_word' id='word_1_216' title='bbox 1528 2791 1755 2853; x_wconf 77' lang='grc' dir='ltr'><strong><em>ἀλιτήριον</em></strong></span> <span class='ocrx_word' id='word_1_217' title='bbox 1792 2799 1896 2854; x_wconf 78' lang='grc' dir='ltr'><strong><em>τρέ-</em></strong></span> 
     </span>
     <span class='ocr_line' id='line_1_29' title="bbox 122 2848 1897 2912; baseline 0.001 -17"><span class='ocrx_word' id='word_1_218' title='bbox 122 2866 203 2909; x_wconf 81' lang='grc' dir='ltr'><strong><em>φει</em></strong></span> <span class='ocrx_word' id='word_1_219' title='bbox 232 2848 281 2900; x_wconf 81' lang='grc' dir='ltr'>ὃς</span> <span class='ocrx_word' id='word_1_220' title='bbox 308 2850 446 2895; x_wconf 83' lang='grc' dir='ltr'><strong><em>αὐτοῦ</em></strong></span> <span class='ocrx_word' id='word_1_221' title='bbox 474 2850 556 2906; x_wconf 81' lang='grc' dir='ltr'>τὴν</span> <span class='ocrx_word' id='word_1_222' title='bbox 584 2849 808 2911; x_wconf 75' lang='grc' dir='ltr'><strong><em>τράπεζαν.</em></strong></span> <span class='ocrx_word' id='word_1_223' title='bbox 837 2851 1101 2912; x_wconf 81' lang='grc' dir='ltr'><strong><em>ἀνατρέπει,</em></strong></span> <span class='ocrx_word' id='word_1_224' title='bbox 1146 2866 1271 2909; x_wconf 88' lang='lat' dir='ltr'>quam</span> <span class='ocrx_word' id='word_1_225' title='bbox 1311 2851 1502 2894; x_wconf 86' lang='lat' dir='ltr'>fabulam</span> <span class='ocrx_word' id='word_1_226' title='bbox 1542 2859 1690 2896; x_wconf 89' lang='lat' dir='ltr'>orator</span> <span class='ocrx_word' id='word_1_227' title='bbox 1730 2856 1897 2897; x_wconf 82' lang='lat' dir='ltr'>facetus</span> 
     </span>
     <span class='ocr_line' id='line_1_30' title="bbox 122 2908 1894 2970; baseline 0.002 -17"><span class='ocrx_word' id='word_1_228' title='bbox 122 2910 178 2953; x_wconf 85' lang='lat' dir='ltr'>ad</span> <span class='ocrx_word' id='word_1_229' title='bbox 209 2909 391 2952; x_wconf 83' lang='lat' dir='ltr'>Calliam</span> <span class='ocrx_word' id='word_1_230' title='bbox 419 2912 629 2954; x_wconf 83' lang='lat' dir='ltr'>transfert</span> <span class='ocrx_word' id='word_1_231' title='bbox 657 2917 863 2968; x_wconf 86' lang='lat' dir='ltr'>paternae</span> <span class='ocrx_word' id='word_1_232' title='bbox 893 2911 1040 2954; x_wconf 90' lang='lat' dir='ltr'>domus</span> <span class='ocrx_word' id='word_1_233' title='bbox 1069 2908 1296 2970; x_wconf 74' lang='grc' dir='ltr'><strong><em>ἀλιτήριον</em></strong></span> <span class='ocrx_word' id='word_1_234' title='bbox 1325 2916 1370 2952; x_wconf 89' lang='lat' dir='ltr'>et</span> <span class='ocrx_word' id='word_1_235' title='bbox 1399 2925 1653 2957; x_wconf 85' lang='lat' dir='ltr'>eversorem.</span> <span class='ocrx_word' id='word_1_236' title='bbox 1692 2913 1747 2954; x_wconf 87' lang='lat' dir='ltr'>cf.</span> <span class='ocrx_word' id='word_1_237' title='bbox 1778 2913 1894 2956; x_wconf 86' lang='lat' dir='ltr'>Slui-</span> 
     </span>
     <span class='ocr_line' id='line_1_31' title="bbox 120 2967 1896 3027; baseline 0.001 -15"><span class='ocrx_word' id='word_1_238' title='bbox 120 2976 188 3012; x_wconf 88' lang='lat' dir='ltr'>ter</span> <span class='ocrx_word' id='word_1_239' title='bbox 215 2967 359 3011; x_wconf 87' lang='lat' dir='ltr'>Lectt.</span> <span class='ocrx_word' id='word_1_240' title='bbox 388 2969 551 3013; x_wconf 88' lang='lat' dir='ltr'>Andoc.</span> <span class='ocrx_word' id='word_1_241' title='bbox 583 2984 624 3026; x_wconf 92' lang='lat' dir='ltr'>p.</span> <span class='ocrx_word' id='word_1_242' title='bbox 657 2969 757 3012; x_wconf 85' lang='lat'><strong>157.</strong></span> <span class='ocrx_word' id='word_1_243' title='bbox 804 2969 943 3012; x_wconf 85' lang='lat' dir='ltr'>Aliter</span> <span class='ocrx_word' id='word_1_244' title='bbox 971 2971 1080 3013; x_wconf 89' lang='lat' dir='ltr'>haec</span> <span class='ocrx_word' id='word_1_245' title='bbox 1107 2970 1417 3027; x_wconf 80' lang='lat' dir='ltr'>interpretatur</span> <span class='ocrx_word' id='word_1_246' title='bbox 1446 2969 1685 3013; x_wconf 88' lang='lat' dir='ltr'>Muellerus</span> <span class='ocrx_word' id='word_1_247' title='bbox 1712 2971 1755 3019; x_wconf 86' lang='lat' dir='ltr'>in</span> <span class='ocrx_word' id='word_1_248' title='bbox 1786 2971 1896 3014; x_wconf 90' lang='lat' dir='ltr'>Pro-</span> 
     </span>
     <span class='ocr_line' id='line_1_32' title="bbox 123 3026 1896 3087; baseline 0.002 -18"><span class='ocrx_word' id='word_1_249' title='bbox 123 3027 240 3084; x_wconf 82' lang='lat' dir='ltr'>legg.</span> <span class='ocrx_word' id='word_1_250' title='bbox 273 3026 415 3083; x_wconf 81' lang='lat' dir='ltr'>Myth.</span> <span class='ocrx_word' id='word_1_251' title='bbox 453 3042 496 3085; x_wconf 93' lang='lat' dir='ltr'>p.</span> <span class='ocrx_word' id='word_1_252' title='bbox 525 3027 627 3071; x_wconf 76' lang='lat'><strong>269.</strong></span> <span class='ocrx_word' id='word_1_253' title='bbox 668 3027 773 3071; x_wconf 88' lang='lat' dir='ltr'>wie</span> <span class='ocrx_word' id='word_1_254' title='bbox 811 3027 866 3070; x_wconf 87' lang='lat' dir='ltr'>in</span> <span class='ocrx_word' id='word_1_255' title='bbox 911 3029 1097 3072; x_wconf 81' lang='lat' dir='ltr'>Athen</span> <span class='ocrx_word' id='word_1_256' title='bbox 1138 3029 1224 3070; x_wconf 91' lang='lat' dir='ltr'>die</span> <span class='ocrx_word' id='word_1_257' title='bbox 1270 3028 1422 3070; x_wconf 88' lang='lat' dir='ltr'>Rede</span> <span class='ocrx_word' id='word_1_258' title='bbox 1463 3029 1624 3084; x_wconf 80' lang='lat' dir='ltr'>ging‚</span> <span class='ocrx_word' id='word_1_259' title='bbox 1674 3030 1896 3087; x_wconf 89' lang='lat' dir='ltr'>Hippo-</span> 
     </span>
     <span class='ocr_line' id='line_1_33' title="bbox 124 3084 1895 3143; baseline 0.002 -15"><span class='ocrx_word' id='word_1_260' title='bbox 124 3087 287 3128; x_wconf 87' lang='lat' dir='ltr'>nicos</span> <span class='ocrx_word' id='word_1_261' title='bbox 341 3084 511 3128; x_wconf 72' lang='lat' dir='ltr'>niihre</span> <span class='ocrx_word' id='word_1_262' title='bbox 563 3101 627 3131; x_wconf 83' lang='lat' dir='ltr'>an</span> <span class='ocrx_word' id='word_1_263' title='bbox 678 3086 891 3130; x_wconf 85' lang='lat' dir='ltr'>seinem</span> <span class='ocrx_word' id='word_1_264' title='bbox 947 3087 1135 3130; x_wconf 88' lang='lat' dir='ltr'>Sohne</span> <span class='ocrx_word' id='word_1_265' title='bbox 1185 3087 1346 3129; x_wconf 87' lang='lat' dir='ltr'>einen</span> <span class='ocrx_word' id='word_1_266' title='bbox 1396 3086 1895 3143; x_wconf 72' lang='lat' dir='ltr'>Ungliicksdamon</span> 
     </span>
     <span class='ocr_line' id='line_1_34' title="bbox 122 3142 1893 3198; baseline 0.002 -12"><span class='ocrx_word' id='word_1_267' title='bbox 122 3149 206 3187; x_wconf 89' lang='lat' dir='ltr'>etc.</span> <span class='ocrx_word' id='word_1_268' title='bbox 267 3142 343 3185; x_wconf 84' lang='lat' dir='ltr'>Sic</span> <span class='ocrx_word' id='word_1_269' title='bbox 371 3143 589 3188; x_wconf 84' lang='lat' dir='ltr'>Boeckhio</span> <span class='ocrx_word' id='word_1_270' title='bbox 618 3145 753 3188; x_wconf 85' lang='lat' dir='ltr'>visum</span> <span class='ocrx_word' id='word_1_271' title='bbox 784 3159 879 3188; x_wconf 86' lang='lat' dir='ltr'>esse</span> <span class='ocrx_word' id='word_1_272' title='bbox 908 3146 1062 3198; x_wconf 82' lang='lat' dir='ltr'>audio;</span> <span class='ocrx_word' id='word_1_273' title='bbox 1105 3146 1140 3187; x_wconf 82' lang='lat' dir='ltr'>si</span> <span class='ocrx_word' id='word_1_274' title='bbox 1186 3145 1253 3187; x_wconf 89' lang='lat' dir='ltr'>vir</span> <span class='ocrx_word' id='word_1_275' title='bbox 1292 3145 1442 3189; x_wconf 83' lang='lat' dir='ltr'>doctus</span> <span class='ocrx_word' id='word_1_276' title='bbox 1482 3146 1715 3189; x_wconf 85' lang='lat' dir='ltr'>Andocidis</span> <span class='ocrx_word' id='word_1_277' title='bbox 1759 3147 1893 3190; x_wconf 88' lang='lat' dir='ltr'>verba</span> 
     </span>
     <span class='ocr_line' id='line_1_35' title="bbox 121 3202 1895 3260; baseline 0.002 -16"><span class='ocrx_word' id='word_1_278' title='bbox 121 3202 353 3257; x_wconf 82' lang='lat' dir='ltr'>relegerit,</span> <span class='ocrx_word' id='word_1_279' title='bbox 395 3202 537 3245; x_wconf 81' lang='lat' dir='ltr'>statim</span> <span class='ocrx_word' id='word_1_280' title='bbox 565 3203 780 3260; x_wconf 85' lang='lat' dir='ltr'>intelliget</span> <span class='ocrx_word' id='word_1_281' title='bbox 807 3204 976 3247; x_wconf 84' lang='lat' dir='ltr'>vetulas</span> <span class='ocrx_word' id='word_1_282' title='bbox 1007 3204 1175 3247; x_wconf 84' lang='lat' dir='ltr'>Atticas</span> <span class='ocrx_word' id='word_1_283' title='bbox 1214 3204 1318 3246; x_wconf 90' lang='lat' dir='ltr'>nihil</span> <span class='ocrx_word' id='word_1_284' title='bbox 1358 3204 1494 3246; x_wconf 87' lang='lat' dir='ltr'>minus</span> <span class='ocrx_word' id='word_1_285' title='bbox 1534 3218 1658 3260; x_wconf 89' lang='lat' dir='ltr'>quam</span> <span class='ocrx_word' id='word_1_286' title='bbox 1695 3205 1749 3248; x_wconf 90' lang='lat' dir='ltr'>de</span> <span class='ocrx_word' id='word_1_287' title='bbox 1790 3205 1895 3248; x_wconf 72' lang='lat' dir='ltr'>cal-</span> 
     </span>
     <span class='ocr_line' id='line_1_36' title="bbox 122 3260 1887 3319; baseline 0.002 -16"><span class='ocrx_word' id='word_1_288' title='bbox 122 3261 182 3303; x_wconf 85' lang='lat' dir='ltr'>lia</span> <span class='ocrx_word' id='word_1_289' title='bbox 212 3261 447 3316; x_wconf 85' lang='lat' dir='ltr'>cogitasse,</span> <span class='ocrx_word' id='word_1_290' title='bbox 487 3260 561 3317; x_wconf 78' lang='lat' dir='ltr'>qui</span> <span class='ocrx_word' id='word_1_291' title='bbox 587 3263 776 3306; x_wconf 80' lang='lat' dir='ltr'>fortasse</span> <span class='ocrx_word' id='word_1_292' title='bbox 807 3263 990 3306; x_wconf 88' lang='lat' dir='ltr'>nondum</span> <span class='ocrx_word' id='word_1_293' title='bbox 1021 3267 1146 3304; x_wconf 85' lang='lat' dir='ltr'>natus</span> <span class='ocrx_word' id='word_1_294' title='bbox 1177 3268 1272 3305; x_wconf 84' lang='lat' dir='ltr'>erat</span> <span class='ocrx_word' id='word_1_295' title='bbox 1302 3276 1430 3319; x_wconf 87' lang='lat' dir='ltr'>quum</span> <span class='ocrx_word' id='word_1_296' title='bbox 1459 3262 1534 3305; x_wconf 89' lang='lat' dir='ltr'>ille</span> <span class='ocrx_word' id='word_1_297' title='bbox 1571 3278 1714 3307; x_wconf 87' lang='lat' dir='ltr'>rumor</span> <span class='ocrx_word' id='word_1_298' title='bbox 1749 3265 1887 3306; x_wconf 80' lang='lat' dir='ltr'>incre-</span> 
     </span>
     <span class='ocr_line' id='line_1_37' title="bbox 122 3318 1886 3376; baseline 0.002 -15"><span class='ocrx_word' id='word_1_299' title='bbox 122 3320 320 3363; x_wconf 83' lang='lat' dir='ltr'>besceret</span> <span class='ocrx_word' id='word_1_300' title='bbox 356 3318 589 3376; x_wconf 85' lang='lat' dir='ltr'>Hipponici</span> <span class='ocrx_word' id='word_1_301' title='bbox 626 3320 792 3365; x_wconf 89' lang='lat' dir='ltr'>domum</span> <span class='ocrx_word' id='word_1_302' title='bbox 840 3321 962 3365; x_wconf 87' lang='lat' dir='ltr'>larva</span> <span class='ocrx_word' id='word_1_303' title='bbox 1001 3321 1197 3365; x_wconf 82' lang='lat' dir='ltr'>infestari</span> <span class='ocrx_word' id='word_1_304' title='bbox 1243 3321 1420 3365; x_wconf 86' lang='lat' dir='ltr'>hominis</span> <span class='ocrx_word' id='word_1_305' title='bbox 1460 3322 1623 3365; x_wconf 84' lang='lat' dir='ltr'>nefarie</span> <span class='ocrx_word' id='word_1_306' title='bbox 1660 3322 1789 3366; x_wconf 87' lang='lat' dir='ltr'>occisi</span> <span class='ocrx_word' id='word_1_307' title='bbox 1831 3325 1886 3364; x_wconf 76' lang='lat' dir='ltr'>cf.</span> 
     </span>
     <span class='ocr_line' id='line_1_38' title="bbox 122 3377 707 3421; baseline 0.002 -2"><span class='ocrx_word' id='word_1_308' title='bbox 122 3377 342 3421; x_wconf 84' lang='lat' dir='ltr'>Plutarch.</span> <span class='ocrx_word' id='word_1_309' title='bbox 377 3377 552 3421; x_wconf 78' lang='lat' dir='ltr'>Aristid.</span> <span class='ocrx_word' id='word_1_310' title='bbox 587 3392 623 3421; x_wconf 93' lang='lat' dir='ltr'>c.</span> <span class='ocrx_word' id='word_1_311' title='bbox 657 3380 707 3420; x_wconf 91' lang='lat' dir='ltr'><strong>V.</strong></span> 
     </span>
    </p>
   </div>
  </div>
 </body>
</html>
