2150 3814
194 206 357 267 1134
783 214 1017 258 mama
1065 211 1429 273 warnos.

196 353 368 431 sique
412 346 684 426 genitrix.
751 345 981 405 Verum
1026 354 1233 403 tamen
1276 345 1394 403 hoc
1435 361 1560 403 non
1605 363 1678 402 eo
1725 354 1979 425 spectat,

196 461 266 512 ut
311 450 578 510 Graecos
622 448 718 506 his
761 444 1117 504 nominibus
1157 462 1348 503 unum
1387 443 1774 525 eundemque
1801 443 1984 504 deum

200 550 569 629 significasse
638 554 964 626 putemus,
1045 554 1338 623 tanquam
1408 545 1577 605 idem
1665 544 1985 619 Dionysus

201 647 477 729 ejusdem
535 645 748 705 Lunae
804 655 866 704 et
919 652 1097 724 pater
1157 651 1219 702 et
1279 643 1467 704 frater
1524 654 1588 704 et
1644 645 1808 705 filius
1867 642 1990 703 dici

202 749 434 829 possit,
505 743 673 824 quod
726 763 875 804 sane
931 746 1009 803 iis
1069 741 1395 803 dicendum
1452 754 1577 817 est,
1632 746 1773 826 qui,
1833 761 1991 824 quae

203 847 436 909 diversi
479 846 809 925 scriptores
853 845 1008 904 alias
1051 844 1230 903 aliter
1274 844 1520 903 ariolati
1562 853 1735 917 sunt,
1781 845 1993 902 omnia

202 947 282 1007 ad
326 956 600 1024 systema
644 944 1040 1018 Graecorum,
1085 944 1398 1025 quomodo
1445 945 1654 1021 ajunt,
1697 943 1993 1019 theologi-

204 1069 373 1121 cum,
428 1047 731 1119 referunt,
784 1044 969 1125 idque
1021 1047 1346 1105 universos
1393 1063 1467 1103 ac
1509 1043 1782 1120 singulos
1827 1058 1995 1102 sum.-

203 1168 306 1209 ma
363 1167 502 1207 cum
570 1147 865 1223 religione
936 1145 1107 1206 velut
1163 1164 1446 1205 normam
1503 1143 1650 1203 fidei
1703 1145 1769 1202 in
1827 1142 1997 1202 omni

205 1269 424 1326 genere
469 1245 774 1306 scribendi
819 1255 1108 1324 sequutus
1152 1254 1388 1325 putant.
1477 1244 1602 1303 Sed
1645 1242 1844 1316 nobis,
1892 1243 1997 1322 qui

203 1364 703 1424 unumquemque
750 1344 1126 1403 Graecorum
1181 1347 1246 1402 in
1303 1344 1530 1403 fabulis
1585 1342 1882 1421 fingendis
1939 1351 2000 1400 et

206 1444 592 1523 diffingendis
652 1462 898 1502 summa
952 1443 1240 1502 libertate
1311 1461 1494 1501 usum
1568 1445 1825 1516 scimus,
1891 1419 2002 1501 {lii

207 1547 563 1622 Dionysum
611 1562 751 1602 cum
796 1543 1063 1622 Epapho
1109 1544 1562 1622 composuisse,
1607 1542 1716 1601 alii
1756 1535 2003 1600 Proser-

206 1649 391 1726 pinae
436 1645 635 1704 filium
696 1643 962 1715 dixisse,
1026 1644 1135 1702 alii
1190 1639 1517 1704 Curetibus
1572 1640 1750 1704 Jovis
1804 1650 2004 1702 custo-

209 1746 398 1818 diam,
443 1745 550 1803 alii
582 1745 871 1803 hostilem
915 1745 980 1801 in
1024 1744 1185 1802 filios
1231 1744 1362 1820 ejus
1400 1745 1678 1802 animum
1716 1741 2005 1802 tribuisse

211 1845 502 1907 videntur
531 1841 626 1923 [Ἦ.
723 1844 936 1923 Itaque
992 1844 1146 1902 nihil
1202 1844 1405 1902 minus
1461 1844 1764 1903 miramur
1819 1860 2005 1924 quam

212 1944 379 2024 quod
424 1943 682 2004 Nonnus
729 1942 978 2002 eosdem
1025 1943 1384 2003 Euboenses
1444 1941 1728 2017 CureteS,
1775 1938 2005 2022 'quibus

214 2044 375 2105 Juno
422 2053 632 2102 contra
677 2038 996 2123 privignos
1041 2063 1186 2103 suos
1233 2063 1345 2103 usa
1390 2044 1646 2117 dicitur,
1703 2061 1839 2103 cum
1888 2039 2007 2102 Co-

211 2141 577 2220 rybantibus
615 2142 937 2202 confundit
975 2153 1036 2202 et
1069 2144 1339 2219 Dionysi
1376 2152 1611 2203 tutores
1640 2152 1827 2222 ⁴atque
1867 2158 2009 2201 con-

213 2253 560 2307 servatores
606 2241 924 2324 praedicat

426 2371 666 2437 Εὐβοέων
708 2372 764 2422 δὲ
801 2369 1068 2440 φάλαγγας
1106 2367 1348 2437 ἐκόσμεον
1386 2369 1695 2423 ἀσπιδιῶται

429 2455 734 2521 παιδοκόμοι
771 2453 1101 2525 Κορύβαντες
1137 2455 1408 2522 ἅεξομένου
1446 2453 1723 2508 Διονύσου.

216 2586 377 2647 XIII.
430 2583 565 2644 135.
625 2604 777 2664 quos
823 2596 1061 2665 septem
1084 2585 1159 2666 [θ]
1207 2585 1350 2645 Soci
1405 2594 1467 2644 et
1523 2582 1796 2646 Combae
1848 2586 2008 2645 filios

219 2707 255 2746 a
299 2695 477 2767 patre
522 2687 716 2765 impio
763 2705 886 2744 una
929 2704 1069 2744 cum
1113 2695 1309 2745 matre
1354 2687 1582 2763 ejectos
1613 2681 1680 2767 [f]
1739 2687 2010 2766 primum

341 2871 423 2928 [†]
473 2871 680 2913 Similiter
711 2871 852 2913 Panes
893 2870 995 2926 (nisi
1028 2870 1210 2913 Titanes
1242 2872 1386 2927 fuere)
1425 2871 1598 2914 Baccho
1629 2871 1820 2913 insidiati
1851 2869 2001 2913 dicun-

220 2938 291 2974 tur
325 2930 456 2972 Paus.
491 2930 591 2972 VII.
629 2929 691 2970 18.
727 2929 765 2970 3.

341 3002 411 3059 [e]
459 3001 718 3057 PrymneuS,
766 3001 944 3053 Mimas,
1002 3002 1186 3052 Acmon,
1240 3000 1480 3054 Damneus,
1535 3000 1784 3055 Ocythous,
1835 3000 2008 3052 Idaeus,

224 3060 480 3111 Melisseus3
526 3075 637 3116 quae
667 3059 836 3102 nomina
867 3059 1023 3117 partim
1055 3073 1081 3101 a
1114 3058 1403 3115 Gigantibus,
1448 3060 1648 3115 SatyriS,
1688 3059 1887 3115 Dactylis
1917 3064 2009 3101 tra-—

222 3119 354 3160 ducta
382 3119 540 3174 partim
569 3119 675 3162 Idae
715 3119 848 3163 monti
889 3124 933 3161 et
963 3118 1166 3160 Melisseo
1209 3118 1277 3160 vel
1308 3118 1516 3162 Melissae
1547 3117 1747 3160 Cretensi
1776 3117 2011 3161 assimilata

224 3182 336 3219 sunt.
398 3176 627 3219 Melisseus
658 3177 796 3220 denuo
829 3182 1012 3235 apparet
1039 3176 1154 3218 inter
1183 3177 1398 3221 Abantum
1427 3177 1557 3219 duces
1587 3176 1639 3219 L.
1670 3175 1742 3220 36.
1773 3174 1874 3219 274.
1920 3175 2010 3218 Mi-

223 3250 314 3278 mas
343 3249 561 3278 commune
591 3237 793 3279 montium
824 3244 868 3278 et
900 3235 1137 3291 Gigantum
1176 3250 1325 3278 nomen
1367 3235 1588 3278 Hoeckius
1627 3250 1668 3293 p.
1699 3234 1800 3277 206.
1840 3235 2007 3278 mimum

223 3293 468 3350 significare
500 3300 646 3349 putat,
688 3296 802 3351 quod
834 3295 907 3336 vix
939 3294 1114 3336 concedi
1144 3299 1299 3350 potest.

340 3367 410 3424 [f]
460 3367 525 3408 De
570 3368 731 3411 Combe
770 3369 974 3411 Curetum
1017 3376 1176 3419 matre,
1221 3382 1331 3423 quae
1372 3367 1547 3410 Chalcis
1590 3366 1888 3423 cognominata
1927 3371 2006 3416 est,
