2150 3814
241 204 405 266 992-
792 212 1025 259 mnan
1070 211 1497 257 SECUNDUS.

241 359 442 409 terum
486 345 651 427 quod
696 345 910 409 Schol..
939 343 1020 404 ad
1065 344 1259 405 Orest.
1286 347 1429 407 988.
1475 366 1512 405 a
1555 346 1859 424 Dionysio
1892 347 2012 427 Cy-

241 447 569 527 clographo
644 445 1003 506 adnotatum
1070 445 1307 519 scribit,-
1379 446 1741 526 Euripidem
1807 449 1872 506 in
1923 435 2012 509 iis

240 567 395 629 quae
451 546 527 604 de
584 544 759 605 Atrei
811 544 1046 623 pecude
1098 553 1308 604 narrat
1365 544 1865 606 Alcmaeonidem
1922 565 2014 606 se-

242 657 498 728 quutum
552 663 714 716 esse,
768 661 807 702 a
860 643 1140 702 Diodoro
1198 643 1298 702 IV.
1354 644 1453 705 63.
1512 666 1637 707 non
1679 648 2014 724 attingitur,

240 766 435 826 neque
477 745 576 804 hic
620 743 901 804 Herculis
945 744 1103 803 filios
1147 745 1424 804 nominat
1467 765 1619 824 quos
1662 748 1769 806 ille
1813 747 2014 807 Schol.

241 845 412 906 Pind.
470 845 617 908 Isth.
670 843 771 902 I'V.
836 843 972 903 104.
1032 842 1142 903 sed
1199 844 1368 903 alios.
1467 845 1565 904 De
1622 849 1804 905 tertio
1853 845 2016 927 quod

238 945 408 1005 idem
455 942 910 1024 Cyclographus
965 942 1042 1002 de
1084 941 1345 1003 Homeri
1390 955 1590 1005 aetate
1634 947 2018 1006 constituisse

243 1046 463 1106 dicitur
520 1044 728 1104 Tzetz.
788 1042 942 1104 Chil.
996 1043 1129 1104 XII.
1190 1044 1327 1104 184.
1358 1040 1448 1125 [ᾖ]
1506 1046 1605 1105 hic
1655 1047 1799 1125 ipse
1831 1043 2020 1104 *addit
2132 1121 2134 1123 ‚

242 1143 563 1228 Διόδωρός
617 1171 681 1209 τε
738 1142 1049 1226 σύντροχα
1105 1146 1258 1230 λέγει
1314 1146 1660 1229 Διονυσίῳ,
1707 1146 1811 1226 qui
1851 1145 2022 1204 locus

242 1246 508 1325 Diodori
550 1244 906 1325 hodiernon
948 1254 1146 1319 extat3
1189 1263 1384 1324 neque
1428 1246 1543 1305 hoc
1586 1247 1788 1306 solum
1825 1248 2022 1326 impe·
2108 1271 2113 1278 =

243 1349 522 1408 dimento
578 1355 671 1405 est
712 1344 822 1403 sed
866 1345 1051 1404 etiam
1096 1344 1261 1423 quod
1302 1346 1645 1423 Dionysius
1691 1347 2023 1423 Olynthius
2130 1399 2140 1402 s

246 1449 324 1508 de
368 1446 630 1506 Homeri
674 1451 876 1504 aetate
920 1443 1267 1525 disputasse
1311 1443 1531 1503 dicitur
1561 1445 1799 1505 Tatian.
1847 1467 1893 1505 c.
1919 1446 2021 1505 48.

244 1549 586 1619 Postremo,
631 1563 750 1625 quo
797 1546 996 1603 omnis
1031 1562 1173 1623 spes
1191 1545 1869 1623 ,emergendidecolleu
1897 1564 2022 1604 non

245 1649 447 1709 solum
509 1647 753 1707 Samius
813 1644 924 1705 sed
967 1646 1152 1704 etiam
1193 1645 1300 1704 ille
1343 1665 1526 1725 quem
1570 1646 1889 1728 Apollonii
1932 1646 2026 1704 in-

244 1757 542 1829 terpretes
567 1806 569 1810 ,
599 1746 786 1807 modo
840 1746 1151 1805 Milesium
1196 1745 1383 1804 modo
1426 1747 1869 1823 Mitylenaeum
1913 1765 2025 1807 vo·
2120 1747 2141 1769 ’Ὗ

247 1859 416 1921 cant,
474 1867 612 1907 cum
670 1848 975 1906 Euemero
1032 1855 1094 1904 et
1146 1844 1430 1904 Diodoro
1475 1846 1839 1907 mirabiliter
1883 1865 2023 1907 con-

247 1951 544 2010 sentiunt:
625 1945 951 2016 Διονύσιος
1028 1949 1094 2009 ἐν
1175 1951 1302 2015 τοῖς
1365 1945 1800 2031 Ἀργοναύταις
1872 1947 2025 2031 φησὶ

246 2051 444 2131 Κριὸν
498 2049 816 2134 γεγονέναι
867 2048 1100 2128 τροφέα
1158 2045 1395 2130 Φρίξου
1452 2046 1650 2105 Schol.
1708 2048 1780 2107 II.
1843 2048 2022 2108 1444.

247 2151 349 2209 IV.
401 2149 538 2207 119.
582 2145 911 2215 Διονύσιος
954 2147 986 2209 ὃ
1032 2153 1462 2225 ,Μιτυληναῖος
1498 2146 1843 2228 ἄνθρωπόν
1873 2169 2022 2230 φησι
2112 2185 2119 2201 ·

248 2252 624 2336 γεγενῆσθαι
665 2246 1071 2333 παιδαγωγὸν
1114 2255 1226 2309 τοῦ
1267 2247 1506 2329 Φρίξου
1540 2246 1804 2314 ὀνόματι
1828 2246 2025 2331 ’Κριόν

248 2351 350 2410 IV.
399 2351 537 2410 177.
596 2367 782 2428 quam
838 2347 1118 2426 putidam
1178 2349 1746 2427 interpretationem
1790 2348 2026 2408 Diodo-

248 2469 354 2511 rus
410 2448 631 2508 iisdem
692 2448 898 2508 verbis
953 2448 1247 2526 proponit
1288 2448 1390 2506 lv.
1435 2449 1536 2506 47.
1591 2448 1700 2508 ubi
1741 2449 2024 2525 Heynius

249 2552 414 2612 illius
484 2548 892 2627 antiquissimi
957 2546 1249 2622 Dionysii
1317 2549 1577 2625 vestigia
1637 2548 2023 2609 odorabatur.

250 2651 377 2712 Nec
418 2651 620 2710 minus
662 2647 955 2723 Dionysii
997 2645 1224 2705 Milesii
1265 2648 1537 2706 narratio
1583 2648 1661 2708 de
1687 2650 1893 2710 Persei
1936 2671 2028 2710 re-

251 2755 340 2832 gis
387 2751 684 2811 Tauricae
734 2746 1009 2819 filiabus,
1067 2744 1278 2806 Circae
1335 2758 1396 2807 et
1438 2748 1694 2824 Medea,
1741 2753 2028 2812 convenit

252 2872 390 2914 cum
448 2851 544 2911 his
583 2867 756 2930 ¹quae
810 2847 1124 2908 Diodorus
1166 2847 1356 2908 tradit
1398 2847 1501 2908 IV.
1543 2848 1645 2910 45.
1701 2869 1852 2931 quos
1896 2851 2026 2930 qu'i-

253 2951 394 3012 dem
449 2949 647 3011 nodos
689 2969 888 3030 neque
930 2949 1171 3010 solvere
1212 2967 1468 3028 possum
1493 2968 1708 3030 neque
1751 2950 2027 3010 scindere

252 3054 417 3115 volo.
502 3052 713 3131 Itaque
758 3052 892 3131 quis
935 3050 1043 3109 ille
1085 3050 1288 3122 fuerit,
1333 3069 1520 3131 quem·
1555 3049 1869 3110 Diodorus
1904 3060 2029 3110 tra-

255 3152 348 3214 dit
401 3153 480 3217 τὰ
537 3153 676 3235 περὶ
727 3152 840 3217 τὸν
892 3148 1204 3214 Διόνυσον
1246 3151 1351 3214 καὶ
1391 3150 1503 3220 τὰς
1539 3149 1878 3232 Ἀμαζόνας
1921 3151 2026 3214 καὶ
2088 3232 2095 3242 .

375 3319 452 3378 [ii]
506 3321 620 3364 Hinc
667 3322 901 3379 supplenda
943 3322 1092 3365 lacuna
1135 3321 1178 3362 in
1222 3321 1360 3376 Exeg.
1398 3320 1522 3364 Hom.
1563 3336 1605 3378 p.
1649 3320 1744 3364 150.
1784 3323 1837 3365 cf.
1882 3320 2020 3364 Procl.

260 3380 429 3436 Proleg.
462 3381 504 3423 in
534 3380 710 3424 Hesiod.
742 3396 784 3438 p.
815 3381 856 3423 6.
