2150 3814
665 195 1278 274 'SAMOTHRACIA
1711 213 1875 274 1269

28 367 33 371 ’
108 361 188 423 τὰ
270 361 599 446 Φοινικικὰ
673 354 1182 444 συγγεγραφότας
1247 354 1700 420 Σουνιαίθωνα
1739 359 1877 420 καὶ

107 459 370 540 Μωχόν.
429 459 806 541 Porphyrius
859 456 1032 517 Abst.
1084 456 1158 515 H.
1217 454 1316 516 56.
1400 456 1730 516 Phoenices
1790 458 1879 515 ait

108 559 361 619 deorum
417 577 555 619 aras
596 558 865 617 humano
909 559 1202 635 sanguine
1244 565 1589 619 cruentasse
1629 564 1880 616 testem-

107 678 223 738 que
277 657 528 719 adhibet
566 658 683 737 τὴν
727 657 1096 738 Φοινικικὴν
1140 656 1420 739 ἱστορίαν
1463 655 1879 716 a·=Sanchuni-

106 757 330 816 athone
371 759 593 838 punice
635 759 927 838 scriptam
943 801 962 831 ,
1031 777 1070 817 a
1106 757 1362 818 Philone
1403 756 1627 834 Byblio
1670 775 1881 835 graece

107 856 338 916 editam
398 858 487 920 δι’
546 859 708 921 ὅκτώ
761 858 1049 942 βιβλίων.
1133 857 1302 917 Idem
1346 860 1412 918 in
1455 841 1628 916 libris
1673 866 1884 916 contra

107 952 486 1016 Christianos
557 958 802 1038 scriptis
868 959 1231 1017 sententiam
1285 958 1430 1016 tulit
1482 957 1559 1016 ab
1613 957 1883 1016 Eusebio

24 1074 26 1076 ·
105 1057 362 1116 relatam
415 1055 493 1116 X.
548 1056 693 1117 485.
747 1058 818 1117 B.
871 1056 950 1117 de
1002 1055 1253 1116 Judaeis
1308 1057 1635 1116 verissima
1674 1055 1885 1133 prodi-

108 1155 272 1214 disse
327 1156 957 1228 Sanchuniathonem,
1027 1155 1189 1227 hunc
1244 1164 1448 1214 autem
1505 1162 1716 1218 πᾶσαν
1769 1154 1884 1233 τὴν

106 1256 387 1318 παλαιὰν·
431 1255 712 1338 ἱστορίαν
766 1258 832 1317 ἐκ
886 1262 1019 1318 τῶν
1074 1254 1234 1317 κατὰ
1288 1252 1470 1318 πόλιν
1511 1251 1885 1337 ὑπομνημά-

107 1379 236 1418 των
289 1355 398 1417 καὶ
446 1363 572 1419 τῶν
632 1358 700 1418 ἐν
752 1360 881 1425 τοῖς
941 1357 1124 1436 ἱεροῖς
1169 1356 1563 1439 ἀναγραφῶν
1607 1376 1885 1440 συναγα-

107 1460 239 1537 γεῖν
294 1454 401 1517 καὶ
456 1453 851 1542 συγγράψαι,
907 1453 1074 1514 unde
1127 1455 1433 1531 colligitur
1488 1456 1762 1515 Philonis
1784 1495 1792 1506 2
1814 1455 1890 1514 li-

112 1553 291 1615 brum
348 1554 487 1637 περὶ
533 1555 887 1628 Ἰουδαίων,
947 1573 1128 1635 quem
1187 1553 1477 1633 Origenes
1534 1575 1582 1614 c.
1642 1553 1799 1615 Cels.
1841 1555 1888 1615 Ι.

115 1653 212 1712 18.
271 1663 333 1713 et
373 1653 677 1714 Eusebius
700 1657 770 1736 [⁸]
816 1664 1328 1728 commemorant,
1371 1655 1664 1714 historiae
1707 1655 1889 1715 Puni-

34 1790 36 1793 ·
112 1773 220 1812 cae
277 1754 696 1814 continuatum
755 1774 887 1814 esse
945 1765 1006 1813 et
1060 1757 1292 1833 pariter
1346 1774 1484 1815 cum
1540 1755 1649 1813 illa
1702 1752 1891 1813 modo

110 1855 432 1933 interpreti
488 1854 732 1914 Philoni
787 1853 1048 1914 adscribi
1105 1854 1293 1913 modo
1353 1836 1892 1914 Sanchuniathoni.

110 1953 206 2012 Ex
247 1954 344 2012 his
386 1955 571 2030 igitur
623 1954 797 2013 libris
839 1953 1144 2013 Eusebius
1187 1956 1577 2034 prooemium
1620 1954 1895 2017 Philonis

114 2063 175 2112 et
230 2053 374 2112 huic
428 2053 815 2131 subjunctam
860 2034 1410 2113 Sanchuniathonis
1454 2055 1569 2134 τὴν
1614 2061 1895 2117 Φοινικι-

115 2153 230 2231 κὴν
271 2152 607 2238 θεολογίαν
650 2153 844 2225 affert,
887 2171 1046 2231 quae
1089 2162 1294 2212 utrum
1331 2155 1592 2231 genuina
1636 2172 1715 2211 an
1757 2152 1922 2211 Phi-⁷

112 2252 364 2310 loniano
421 2253 595 2333 operi
647 2252 860 2312 furtim
915 2254 1146 2311 inserta
1202 2255 1316 2325 sit,
1388 2271 1571 2332 quam
1627 2253 1896 2311 maxime

117 2350 385 2411 dubitari
451 2360 686 2431 potest,
753 2370 879 2411 non
946 2353 1146 2411 solum
1216 2362 1471 2432 propter
1526 2353 1895 2432 multiplices

118 2460 397 2512 veterum
437 2451 736 2513 librorum
780 2451 1256 2512 adulterationes
1270 2452 1337 2533 [t]
1384 2451 1494 2512 sed
1539 2454 1724 2512 etiam
1753 2453 1897 2533 quia

242 2648 310 2707 [Β]
357 2648 444 2691 Hic
478 2649 532 2692 L.
570 2650 606 2693 Ι.
654 2651 721 2693 10.
761 2647 835 2694 40.
887 2651 1086 2695 absoluta
1135 2651 1404 2706 Theologiae
1451 2651 1642 2694 Punicae
1686 2649 1896 2693 relatione

122 2709 282 2763 ταῦτα,
324 2707 486 2765 inquit,
531 2707 620 2752 ἀπὸ
652 2711 727 2762 τῆς
754 2706 1165 2767 Σαγχουνιάθωνος
1201 2714 1461 2768 προκείσθω
1497 2711 1705 2767 γραφῆς,
1750 2710 1894 2767 ἑρμη-

123 2770 357 2820 νευθείσης
384 2768 472 2813 μὲν
500 2764 589 2811 ὑπὸ
607 2769 841 2823 .Φίλωνος,
873 2769 1226 2827 δοκιμασθείσης
1256 2768 1307 2812 δὲ
1338 2766 1397 2817 ὠς
1426 2766 1622 2823 ἀληθοῦς
1650 2765 1739 2811 ὑπὸ
1765 2772 1895 2827 Πορ-

125 2830 307 2882 φυρίου.
362 2822 410 2869 ‘0
451 2824 494 2867 ‹5’
539 2824 670 2875 αὐτὸς
708 2827 758 2870 ἐν
794 2830 856 2882 τῷ
895 2830 1001 2886 περὶ
1034 2827 1265 2872 Ἰουδαίων
1307 2824 1629 2886 συγγράμματι
1670 2828 1775 2882 περὶ
1815 2828 1896 2870 τοῖ

128 2879 306 2940 Κρόνου
335 2885 455 2941 λέγει
493 2889 573 2927 etc.
617 2899 727 2940 quae
766 2885 954 2928 Orellius
996 2901 1037 2943 p.
1080 2884 1151 2928 42.
1190 2885 1343 2928 inscite
1383 2885 1624 2942 Porphyrio
1661 2884 1816 2927 tribuit
1853 2890 1899 2926 et

128 2939 271 2995 paullo
300 2949 397 2997 post
425 2957 468 2999 p.
499 2941 571 2986 44.
614 2945 688 2986 ubi
726 2943 941 2987 Eusebius
983 2945 1127 3002 pergit
1167 2942 1189 2987 ὃ
1235 2944 1276 2986 ‹5'
1321 2942 1451 2993 αὐτὸς
1491 2941 1630 2987 πάλιν
1663 2946 1769 3000 περὶ
1807 2945 1897 2986 τῶν

131 3001 360 3059 Φοινίκων
387 3006 633 3059 στοιχείων,
665 3003 716 3045 ἐκ
745 3005 836 3046 τῶν
857 2999 1269 3061 Σαγχουνιάθωνος
1296 3001 1576 3061 μεταβαλὼν,
1608 3007 1713 3046 θεῖα
1743 2999 1896 3057 ὁποῖα,

131 3057 245 3113 φησὶ
275 3058 378 3114 περὶ
404 3061 494 3101 τῶν
522 3065 605 3103 etc.
639 3066 781 3103 astute
810 3061 1023 3119 disceptat
1051 3070 1192 3104 utrum
1238 3060 1261 3104 ὁ
1294 3059 1427 3111 αὐτὸς
1454 3062 1722 3118 Porphyrius
1753 3060 1811 3102 sit
1841 3074 1896 3102 an

131 3114 278 3166 Philo,
324 3114 399 3157 sed
438 3130 492 3159 ex
533 3119 740 3162 orationis
781 3119 925 3178 colore
963 3120 1248 3178 Porphyrium
1292 3120 1376 3162 sibi
1413 3134 1672 3176 cognoscere
1712 3119 1899 3171 videtur,

132 3173 205 3227 qui
235 3173 392 3215 nullum
422 3173 475 3218 de
503 3176 678 3220 Judaeis
707 3178 864 3222 librum
891 3180 1065 3237 scripsit
1094 3178 1168 3221 sed
1199 3178 1373 3237 scripsit
1400 3178 1550 3233 Philo,
1591 3185 1639 3222 ut
1677 3178 1796 3221 clare
1827 3178 1897 3220 di·-

134 3231 195 3272 cit
225 3230 450 3287 Origenes.
490 3248 531 3276 v.
559 3235 769 3294 Epimetr.
799 3236 876 3280 IV.

255 3303 324 3358 [²]
373 3304 596 3349 Harlesius
631 3323 671 3365 p.
709 3306 810 3350 224.
853 3311 1054 3366 apposuit
1096 3308 1249 3352 Beckii
1292 3308 1384 3351 Viri
1431 3308 1687 3353 venerabilis
1731 3312 1899 3351 senten-

138 3361 264 3403 tiam:
326 3361 468 3403 Mihi
499 3378 601 3407 non
632 3366 867 3410 videtur
895 3369 1122 3423 integer
1162 3368 1308 3411 liber
1350 3382 1375 3410 a
1416 3368 1650 3412 Philone
1689 3366 1894 3409 consic-
