2150 3814
210 232 372 292 1076
735 239 969 284 huma
1016 238 1439 299 SECUNDUS.

210 386 368 437 runt.
412 394 472 437 v.
515 374 616 434 Fr.
661 369 1012 431 Tzschucke
1054 363 1750 444 Fastnachtsgebriiuche
1781 361 1979 422 Berol.

217 477 396 537 1792.
438 494 499 555 p.
543 474 644 532 42.
691 468 813 529 Sed
855 469 996 527 hinc
1037 485 1152 526 nos
1196 476 1456 528 avocant
1496 464 1812 525 bacchicae
1854 462 1985 541 pla-

217 584 426 635 centae
484 593 521 631 a
578 570 889 629 Clemente
943 567 983 624 l.
1030 586 1077 626 c.
1132 575 1520 625 enumeratae
1566 569 1843 645 σησαμαῖ
1882 561 1987 623 καὶ

217 672 558 756 πυραμίδες
626 670 731 732 καὶ
794 658 1055 730 τολύπαι
1110 665 1215 727 καὶ
1268 664 1518 728 πόπανα
1572 662 1988 745 πολυόμφαλα

218 774 322 836 καὶ
364 775 588 853 φθοῖς,
634 785 893 848 quarum
938 765 1211 842 singulae
1254 764 1606 840 singulatim
1649 764 1819 822 nosci
1862 780 1989 821 me-

218 877 442 929 rentur.
532 873 738 937 Φθοῖς
792 868 1007 944 igitur,
1072 873 1142 922 ut
1211 862 1286 922 ab
1355 871 1626 920 extremo
1678 856 1989 940 incipiam,

221 970 549 1029 Erotianus
591 988 651 1047 p.
677 967 818 1027 388.
863 965 1041 1024 docet
1083 963 1273 1022 fuisse
1318 962 1477 1030 εἶδος
1510 959 1812 1024 ποπάνων
1845 969 1994 1021 πλα-

222 1067 505 1132 κούντων
540 1067 735 1134 οὕτως
768 1063 1152 1147 καλούμενον
1184 1063 1324 1144 παρ’
1364 1064 1670 1132 Ἀττικοῖς,
1708 1055 1758 1142 ᾧ
1783 1057 1994 1141 χρῶν-

223 1193 326 1230 ται
383 1173 466 1237 εἷς
521 1166 632 1234 τὰς
687 1164 945 1234 θυσίας·
1006 1166 1133 1225 ἔστι
1187 1161 1257 1224 δὲ
1309 1169 1398 1243 τῷ
1456 1159 1721 1241 σχήματι
1777 1159 1995 1239 ὅμοιον

222 1265 422 1348 κάρδῃ
438 1266 531 1345 [9].
610 1262 882 1326 Τολύπαι
938 1271 999 1321 et
1049 1260 1311 1343 βήρηκες
1363 1262 1431 1319 in
1460 1272 1738 1318 ‘recensu
1791 1275 1997 1317 maza-

224 1384 362 1424 rum
418 1365 813 1428 nominantur
868 1361 1087 1441 Athen.
1145 1362 1245 1419 III.
1308 1360 1446 1419 114.
1503 1361 1646 1419 licet
1690 1356 1860 1417 idem
1905 1355 2000 1416 di-

231 1465 502 1540 stinguat
543 1469 872 1545 utrumque
927 1460 1028 1519 IV.
1091 1459 1229 1519 140.
1287 1458 1363 1518 A.
1429 1457 1694 1537 τολύπης
1748 1458 1999 1515 nomine

224 1580 491 1632 massam
566 1560 880 1627 subactam
947 1559 1209 1620 necdum
1281 1567 1515 1618 coctam
1583 1553 2001 1641 (προφύραμα

222 1662 468 1745 μαζῶν)
526 1662 893 1738 significans3
950 1660 1059 1720 sed
1115 1660 1233 1719 hoc
1285 1677 1412 1717 non
1455 1656 1681 1737 ubique
1720 1665 2004 1717 servatur

225 1761 567 1820 discrimen.
653 1760 943 1819 Formam
999 1761 1252 1818 nomina
1305 1760 1444 1837 ipsa
1486 1756 1827 1830 declarant,
1872 1757 2003 1836 qui-

225 1859 341 1919 bus
391 1859 804 1920 convolutum
860 1857 1152 1939 quiddam
1207 1865 1270 1915 et
1324 1858 1567 1937 pulvini
1625 1855 1814 1916 modo
1859 1874 2003 1916 con-

227 1960 631 2037 glomeratum
715 1960 1100 2038 significatur.
1209 1958 1457 2018 Festus:
1541 1956 1855 2015 Glomus
1908 1958 2002 2014 in

228 2059 473 2118 sacris
550 2059 979 2139 crustulum
1056 2057 1269 2133 cybii
1344 2058 1598 2133 figura
1675 2063 1751 2114 et
1826 2055 2000 2114 oleo

229 2166 532 2217 coctum
588 2158 1063 2237 appellatur.
1161 2155 1325 2215 Huic
1379 2156 1694 2215 simillima
1747 2154 2002 2239 ἄγαθίς,

161 2290 165 2293 -
230 2256 308 2316 de
350 2275 472 2336 qua
505 2256 863 2317 Eustathius
907 2276 967 2336 p.
1018 2238 1196 2316 1166.
1243 2256 1342 2315 32.
1388 2254 1621 2341 &yon-9153
1663 2253 1768 2316 καὶ
1812 2273 2004 2333 σησα-

155 2371 159 2374 ’
228 2356 385 2438 ιιιι’δα
428 2358 692 2436 δηλοῖῗ]
742 2368 804 2415 et
845 2356 1221 2432 Hesychius·
1259 2355 1604 2441 Ἀγαθίδες,
1650 2353 2000 2436 σησαμίδες.

228 2421 488 2515 ¹thossae
534 2457 638 2523 Gr.
682 2456 815 2514 Lat.
852 2455 1206 2541 Ἀγαθίδες,
1251 2455 1568 2531 globuli.
1652 2453 2003 2512 Mellitos

230 2554 588 2632 globulos
633 2555 1041 2614 verborum
1084 2554 1324 2612 Petron.
1368 2555 1412 2613 I.
1458 2552 1514 2613 5.
1572 2553 1822 2612 Festuse
1879 2552 2006 2612 Pa-

233 2654 537 2713 stillum
593 2673 826 2731 genus
882 2653 1029 2712 libi·
1082 2652 1406 2716 rotundi
1448 2656 1527 2713 in
1570 2655 1833 2713 sacris,
1894 2652 2007 2713 At-

233 2773 350 2834 que
403 2754 555 2813 haec
597 2753 842 2832 quidem
886 2772 1103 2831 genera
1145 2754 1347 2812 forma
1390 2753 1747 2813 orbicularis
1792 2750 2005 2812 distin·
2100 2757 2109 2769 ”

231 2855 360 2930 guit
403 2872 452 2912 a
509 2853 808 2913 turundis.
897 2853 1155 2912 Glossae
1206 2862 1477 2914 veteres:
1532 2852 1840 2936 Κολλύρια
1898 2863 2001 2912 to-

353 3022 424 3078 [δ’]
473 3023 579 3078 Spte
582 3022 684 3064 hani
713 3022 810 3064 MS.
840 3019 1097 3094 Καρδιέμῳ,
1130 3023 1337 3065 Eustoch.
1368 3019 1591 3092 καρδάιιῃ.
1634 3023 1868 3066 Placentae
1899 3036 2000 3078 pro-

235 3081 363 3122 fanae
391 3095 446 3136 ap
450 3037 653 3124 ‚Polpluc.
683 3082 759 3123 VI.
789 3079 861 3123 76.
902 3078 1048 3138 ἂνθεμ
1054 3097 1096 3135 α,
1128 3081 1383 3152 θριδακίνῃ,
1415 3077 1585 3138 φύστη,
1618 3083 1836 3126 οῖνοῦττα.
1869 3082 2001 3138 ἐφίε-

236 3153 337 3237 Ξος,
391 3096 580 3181 δάνδαλι
566 3156 623 3194 ις,
676 3137 828 3195 λωλὼ,
881 3097 1133 3186 διακόνιον
1186 3138 1410 3198 καρδάμη.
1457 3154 1569 3209 quae
1609 3141 1752 3196 potius
1791 3139 2003 3208 καρδαμῆ

266 3195 442 3248 icenda,
484 3197 594 3239 sicut
624 3200 763 3253 ᾳακῆ.
815 3172 1064 3240 Athenaeus
1094 3190 1176 3240 ΠΙ.
1218 3197 1314 3239 114.
1357 3197 1408 3240 F.
1449 3194 1646 3256 φύστην,
1690 3196 1998 3267 καρδαμάλην,

236 3251 406 3313 βήρηκα
436 3257 512 3298 καὶ
539 3255 756 3304 τολύπας·
799 3257 1012 3312 propriam
1043 3257 1253 3311 quandam
1283 3258 1376 3312 ejus
1404 3257 1577 3300 formem
1605 3256 1761 3308 fuisse,
1799 3254 1998 3300 Erotiani

236 3313 372 3355 verba
401 3313 578 3365 docent,
618 3314 653 3355 si
684 3314 806 3357 modo
836 3315 942 3357 vitio
971 3323 1130 3357 carent.

353 3370 423 3427 [Ζ]
484 3371 741 3428 Σησαμίδες
770 3376 983 3430 πέμματα
1014 3372 1282 3430 σφαιροειδῆ
1313 3373 1465 3416 Athen.
1499 3372 1616 3415 XIV.
1649 3370 1749 3415 646.
1775 3371 1825 3412 F.

2147 2855 2150 2969 Ι
