2150 3814
719 217 1280 267 ιιιιιιιοΤΗιιΑοιΑ
1730 204 1894 265 1127

112 354 346 435 ditum,
402 353 657 414 deorum
698 356 961 412 man-em
981 365 1134 420 ,ιρις
1176 364 1299 425 qua
1344 347 1555 406 omnia
1597 345 1894 426 pendent,

111 434 989 535 antiquissimisfflmporibus
1033 465 1073 509 a
1115 442 1509 506 Cretensibus
1563 464 1697 508 esse
1752 465 1897 527 pro-

108 555 412 635 pitiatam.
499 548 622 611 Sed
664 549 809 609 huic
863 549 1067 609 famae
1120 546 1306 608 fidem
1365 545 1619 625 derogat
1670 546 1898 606 Deme-

109 656 276 719 u-ius,
307 650 508 714 Strab.
565 670 629 731 p.
669 649 815 717 205.
872 650 1028 733 φησὶ
1069 647 1140 712 δὲ
1183 646 1371 712 πάλιν
1399 648 1476 728 [⁰]
1532 647 1567 711 ὃ
1613 645 1899 731 Σκήψιος

110 756 177 817 ἐν
228 760 305 832 τῇ
348 749 562 836 Κρήτῃ
615 751 729 821 τὰς
778 758 889 830 τῆς
922 750 1094 820 Ῥέας
1145 749 1330 831 τιμὰς
1383 748 1471 831 μὴ
1525 748 1899 831 νομίζεσθαι

106 852 264 935 μηδὲ
306 849 766 934 ἐπιχωριάζειν,
808 847 1374 931 ὑπεναντιούμενος
1415 857 1507 931 τῷ
1549 856 1664 913 τοῦ
1707 850 1900 932 Εὐρι-

105 951 293 1016 πίδου
358 951 523 1040 λόγῳ
541 1000 562 1027 ,
631 954 760 1017 ἀλλ’
814 955 883 1015 ἐν
936 959 1014 1031 τῇ
1071 949 1327 1035 Φρυγίᾳ
1381 947 1584 1030 μόνον
1652 949 1759 1011 καὶ
1822 957 1899 1028 τῇ

114 1050 403 1135 Τρῳάδι,
458 1055 605 1124 τοὺς
663 1052 735 1115 δὲ
780 1053 1073 1137 λέγοντας
1127 1052 1521 1135 μυθολογεῖν
1568 1055 1810 1129 μᾶλλον
1861 1050 1901 1127 ἢ

106 1153 392 1234 ἱστορεῖν.
490 1151 632 1213 Jam
687 1154 743 1216 si
760 1153 870 1211 Ἴίιι-
919 1147 1210 1211 omnibus.
1264 1149 1470 1210 causis
1522 1156 1711 1209 testes
1765 1149 1904 1217 noti

106 1261 167 1310 et
234 1252 603 1332 locupletes,
673 1253 779 1331 qui
847 1268 1004 1314 rem-0
1042 1249 1228 1328 vulgo
1299 1247 1598 1310 creditam
1659 1257 1924 1327 negant,

102 1351 249 1432 plus
287 1351 582 1432 ponderis
637 1352 901 1424 habent,-
954 1344 1145 1430 ¹quam
1203 1351 1310 1430 qui
1366 1347 1906 1429 affirmant‚.quia

104 1452 238 1512 fieri
281 1462 491 1534 potest
547 1463 616 1517 ut
669 1454 736 1520 hi
791 1452 1034 1529 uulgari
1090 1451 1295 1513 famae
1348 1450 1750 1530 inexplorato
1808 1468 1904 1508 as-

105 1555 272 1612 sensi
300 1555 445 1626 sint,
489 1553 605 1612 hos
643 1564 853 1614 autem
899 1551 1192 1612 credibile
1234 1562 1329 1610 est
1373 1551 1656 1632 opinioni
1699 1549 1904 1630 publi-

106 1671 214 1711 cae
269 1671 394 1712 non
449 1664 699 1717 temore.
733 1654 1082 1733 leviterque.
1129 1671 1502 1731 repugnasse
1519 1694 1540 1723 ,a
1597 1651 1905 1713 Demetrii

75 1754 461 1813 „auctoritati
506 1764 743 1815 ceteros
767 1753 1111 1837 ,pmtponi-
1146 1761 1418 1830 oportet.
1449 1769 1713 1830 quorum
1768 1749 1906 1809 nul-

105 1853 495 1914 lumdedita
538 1872 730 1932 opera
782 1852 852 1914 in.
887 1852 1062 1912 -hanc
1116 1871 1250 1911 rem
1305 1850 1705 1931 inquisivisse
1761 1867 1906 1909 con-

103 1962 247 2013 stat.
332 1953 626 2015 Attamen
671 1952 925 2023 Straba-³
951 1954 1089 2034 ipse
1157 1954 1212 2011 ei
1271 1951 1534 2032 opponit
1586 1949 1907 2032 Euripidis

223 2152 302 2221 [⁰]
352 2153 517 2196 Vellem
548 2152 797 2210 docuissent
835 2153 1120 2214 interpreteS‚
1171 2165 1375 2208 quorsum
1416 2151 1500 2194 hoc
1536 2147 1677 2193 πάλιν
1713 2151 1907 2193 referen-
1925 2199 1929 2204 κ

108 2209 209 2253 dum
249 2210 331 2262 sit3
371 2212 446 2254 sed
488 2199 792 2270 propemodum
834 2225 989 2253 vereor
1028 2226 1082 2253 ne
1122 2210 1270 2253 doceri
1307 2224 1393 2253 non
1434 2209 1598 2266 possit,
1640 2208 1749 2252 adeo
1788 2209 1909 2251 nulla

109 2276 177 2312 eat
204 2268 249 2311 in
279 2269 362 2316 hoc
390 2278 485 2314 toto
516 2270 610 2314 loco
648 2270 958 2315 sententiarum
1000 2269 1281 2313 continuatio.
1340 2268 1454 2312 Illud
1497 2267 1668 2324 quidem
1708 2274 1907 2325 apparet,

109 2328 415 2397 disputationis
446 2337 579 2386 caput
609 2343 704 2371 esse
746 2329 943 2371 Curetes.
1003 2328 1071 2372 De
1111 2329 1179 2371 his
1218 2328 1400 2401 primum
1441 2326 1603 2370 Strabo
1645 2326 1777 2370 affert
1814 2327 1909 2369 He·-

110 2384 221 2428 siodi
250 2393 295 2429 et
326 2387 585 2431 Phoronidis
614 2388 756 2437 locos,
798 2386 954 2431 deinde
984 2387 1088 2438 τοὺς
1115 2385 1367 2446 Κρητικοὺς
1397 2382 1586 2443 λόγους,
1619 2399 1797 2442 quorum
1830 2400 1908 2428 au—

109 2450 252 2494 ctores
301 2460 385 2489 non
426 2447 610 2499 Curetes
647 2438 782 2493 solum
821 2447 900 2489 sed
938 2448 1071 2490 etiam
1111 2447 1387 2502 Corybantes
1427 2450 1472 2488 et
1512 2445 1697 2493 Cabiros
1742 2445 1910 2497 insulae

109 2515 214 2545 suae
243 2496 543 2558 insinuabant,
585 2506 663 2547 hos
703 2506 762 2561 (e
793 2505 961 2561 Creta)
1002 2506 1047 2548 in
1087 2504 1431 2547 Samothraciam
1467 2504 1802 2574 transmigrasse
1827 2504 1905 2546 di-

109 2569 269 2632 centes.
334 2564 387 2614 Id
424 2578 529 2614 vero
569 2578 732 2621 negare
770 2564 1059 2614 Demetrium·
1106 2566 1244 2608 ταῦτα
1287 2563 1326 2606 δ’
1371 2562 1455 2607 οὐκ
1497 2558 1840 2633 ἀποδεξάμενος
1882 2560 1906 2606 ὁ

114 2606 322 2690 Σκῆψιος
350 2629 433 2666 etc.
476 2637 560 2680 quo
590 2623 729 2666 relato
761 2623 922 2667 Strabo
955 2624 1008 2666 ad
1042 2624 1225 2666 Curetes
1257 2637 1356 2664 suos
1386 2621 1525 2665 redit:
1587 2625 1631 2666 οἱ
1662 2621 1702 2664 δ’
1730 2619 1911 2692 Ἑκάτης

111 2677 374 2739 προπόλους
401 2684 638 2740 νομίζουσι
666 2681 771 2733 τοὺς
790 2686 1033 2753 Κουρῆτας
1061 2681 1166 2732 τοὺς
1195 2680 1358 2731 αὐτοὺς
1395 2685 1489 2728 τοῖς
1517 2676 1784 2750 Κορύβασιν
1825 2676 1908 2723 όν-

113 2753 204 2788 ῐας.
236 2747 281 2784 et
310 2741 377 2784 his
407 2742 555 2784 verbis
586 2742 762 2799 subjicit
790 2742 896 2786 illud
930 2745 1044 2802 φησὶ
1076 2742 1125 2786 δὲ
1157 2738 1297 2786 mimz
1329 2738 1352 2786 ὃ
1383 2736 1613 2796 Σκήψιος,
1648 2740 1774 2795 quasi
1804 2753 1909 2782 con

111 2797 292 2842 tran-ium
323 2801 563 2843 sententiae
593 2801 717 2844 modo
750 2800 924 2846 allatae.
984 2800 1129 2858 Hujus
1161 2806 1303 2842 autem
1342 2799 1426 2841 duo
1465 2799 1613 2856 capita
1651 2805 1775 2850 sunt,
1817 2798 1907 2840 Cu-

113 2861 234 2902 retes
254 2858 452 2909 Hecatae
481 2860 698 2903 ministros
728 2866 774 2905 et
803 2874 831 2903 a
862 2817 1187 2918 corybantibus
1218 2859 1324 2904 nihil
1354 2858 1552 2901 diversos
1586 2871 1693 2899 esse.
1751 2857 1908 2902 Utrum

112 2913 247 2969 ἰέῑῑῑὶῐ
273 2924 403 2974 negat
433 2919 715 2962 Demetrius?
772 2917 875 2963 Non
906 2926 1022 2964 certe
1060 2919 1302 2977 posteriuS,
1342 2924 1391 2959 ut
1431 2919 1554 2974 patet
1593 2931 1647 2958 ex
1688 2917 1909 2991 sequenti

114 2972 219 3016 busa
246 2976 444 3022 πιθανὸν,
473 2978 528 3024 δέ
555 2990 698 3037 φησιν
727 2976 751 3022 ὁ
783 2976 990 3050 Σκήψιος
1018 2981 1297 3052 Κουρῆταςι
1286 2978 1370 3021 ιιὲν
1401 2978 1477 3020 καὶ
1509 2971 1806 3032 Κορύβαντας
1836 2970 1904 3018 εἷ-

116 3045 192 3073 ναι
222 3031 325 3083 τοὺς
354 3034 534 3093 αὐτούς,
573 3040 616 3082 οἳ
646 3039 754 3094 περὶ
783 3036 863 3088 τὰς
892 3042 968 3092 τῆς
996 3038 1167 3097 μητρὸς
1195 3040 1286 3080 τῶν
1317 3037 1442 3078 θεῶν
1473 3031 1701 3092 ἁγιστείας
1741 3030 1902 3092 τυγχά·

23 3094 30 3107 “·
116 3103 244 3133 νουσι
284 3096 652 3154 παρειλημμένοι.
713 3096 838 3153 Ergo
886 3099 1020 3155 prius.
1090 3097 1179 3139 Sed
1220 3094 1430 3153 quomodo
1471 3095 1579 3138 haec
1620 3094 1704 3136 sibi
1747 3093 1905 3151 opponi

27 3182 29 3186 .
117 3157 310 3204 possunt,
368 3152 514 3201 Sunt
560 3157 651 3212 qui
695 3156 941 3199 Curetes
983 3158 1237 3200 Hecatae
1285 3154 1634 3209 adjungant,
1680 3153 1772 3196 sed
1824 3153 1909 3195 his

118 3219 332 3263 quoque
385 3221 663 3275 repugnat
711 3214 986 3272 Scepsius
1036 3217 1236 3258 Rheam
1291 3228 1317 3255 a
1363 3211 1740 3255 Cretensibus
1793 3210 1907 3255 coli

23 3289 28 3301 ι
118 3269 367 3321 negans?
426 3271 538 3314 Nam
566 3274 894 3330 repugnantiam
927 3275 1176 3332 significant
1207 3275 1341 3314 verba
1377 3273 1491 3330 φησὶ
1533 3270 1582 3315 δὲ
1624 3266 1763 3314 πάλιν
1805 3284 1906 3313 con-

38 3375 42 3388 ἵ
122 3338 231 3367 nexa
282 3340 375 3369 cum
424 3329 637 3384 prioribus
681 3335 819 3376 ταῦτα
866 3332 910 3376 ‹5’
956 3333 1038 3378 οὐκ
1089 3328 1440 3389 ἀποδεξάμενος.
1502 3331 1552 3372 V.
1595 3345 1631 3371 c.
1678 3330 1729 3373 V.
1783 3333 1824 3382 ᾗ.
1867 3328 1906 3371 3

118 3383 271 3426 not!
