2150 3814
221 206 386 269 1248
782 218 1021 264 LIBER
1079 219 1443 264 TERTIUS.

214 352 510 430 mysteria
565 347 780 409 Samia
834 358 943 408 aut
973 348 1204 408 Rheae
1255 349 1593 409 inscribunt
1645 357 1754 409 aut
1798 346 2004 408 Cereri

215 452 610 529 Liberaeque.
729 448 1016 528 Denique
1095 466 1224 507 non
1311 467 1529 530 sequar
1616 449 2003 510 Gutberlethi

217 553 577 632 opinionem
623 570 671 608 c.
716 547 790 607 V.
835 567 874 608 a
916 549 1197 608 Freretio
1214 547 1276 626 [⁸]
1324 558 1386 608 et
1412 548 1737 611 Welckero
1774 570 1835 630 p.
1866 548 2004 609 161.

215 660 562 731 receptam,
620 646 877 709 Cabiros
922 648 1382 711 Samothracios
1426 672 1465 711 a
1505 652 1783 712 Lemniis
1826 650 2011 730 plane

216 752 496 812 diversos
553 749 778 824 fuisse,
833 769 979 809 nam
1033 749 1219 827 hujus
1275 750 1686 812 distinctionis
1741 769 1869 810 non
1912 768 2010 808 so-

219 854 350 911 lum
405 850 582 910 nulla
635 851 756 910 fuit
810 848 979 930 apud
1032 859 1276 911 veteres
1330 854 1621 931 suspicio·
1662 849 1774 911 sed
1817 851 2010 909 etiam

215 954 590 1013 contrarium
636 948 903 1010 affirmat
948 949 1172 1011 Strabo
1216 956 1711 1017 κοινοποιεῖσθαι
1751 951 1831 1014 τὰ
1876 950 2011 1032 ἱερὰ

214 1055 295 1118 τοὶ
364 1061 494 1117 τῶν
539 1050 999 1135 Σαμοθρᾴκων
1053 1051 1160 1115 καὶ
1211 1052 1292 1115 τὰ
1351 1056 1418 1116 ἐν
1471 1051 1717 1137 Λήμνῳ
1773 1051 1882 1114 διὰ
1937 1050 2009 1112 τὸ

217 1154 365 1224 τοὺς
408 1152 759 1237 προπόλους
805 1153 1095 1237 λέγεσθαι
1137 1153 1284 1222 τοὺς
1328 1152 1573 1223 αὐτούς.
1629 1153 1729 1213 Ι)6
1774 1149 2013 1211 Cabiris

215 1255 492 1314 Lemniis
574 1271 758 1311 nemo
837 1253 1260 1331 antiquiorum
1341 1253 1674 1333 quidquam
1755 1250 2015 1311 tradidit

213 1353 381 1413 unde
425 1353 557 1413 vim
605 1361 666 1410 et
707 1360 994 1410 naturam
1040 1369 1255 1411 eorum
1300 1354 1642 1429 conjectare
1672 1354 2014 1432 possimus3

215 1453 330 1513 sed
374 1449 758 1528 Pherecydes
799 1450 1267 1530 Aeschylusque
1320 1469 1550 1511 nomen
1609 1453 1815 1512 solum
1871 1452 2016 1511 affe-

214 1563 389 1627 runt,
447 1571 562 1612 nec
613 1552 754 1631 plus
797 1550 1009 1611 Attius
1063 1553 1131 1611 in
1174 1550 1518 1612 Philocteta
1572 1552 1674 1612 Fr.
1720 1551 1820 1613 51.
1865 1553 2018 1612 eele—
2123 1589 2150 1594 st

214 1653 401 1717 brans
460 1651 824 1713 Cabirum
883 1651 1212 1712 delubra
1266 1655 1806 1734 mysteriaque
1863 1654 2016 1734 pri·-

217 1756 427 1814 stina
472 1754 713 1812 castis
759 1762 1137 1833 consepta
1181 1755 1464 1827 sacriS‚
1509 1773 1665 1834 quae
1707 1763 1918 1814 utrum
1942 1771 2019 1813 ex

215 1853 511 1931 Aeschyli
564 1872 645 1911 an
688 1852 1009 1931 Euripidis
1064 1851 1280 1911 fabula
1337 1872 1629 1932 expressa
1682 1856 1837 1927 sint,
1894 1853 2018 1913 dis-

218 1955 383 2014 cerni
426 1953 659 2032 nequit,
704 1954 997 2032 quoniam
1040 1952 1148 2010 ille
1192 1951 1271 2010 ab
1315 1962 1582 2033 utroque
1624 1954 1848 2016 hausit.
1891 1954 2020 2013 De-

216 2054 359 2113 hinc
437 2071 754 2111 sacrorum
835 2051 1271 2124 Lemniorum,
1361 2070 1554 2131 quae
1631 2064 2015 2114 nocturno

220 2153 448 2214 aditu
507 2151 823 2211 occulta
879 2151 1250 2211 coluntur
1293 2152 1816 2213 silvestribus
1861 2172 2019 2214 sae-

217 2254 452 2335 pibus
512 2251 783 2326 densa‚
840 2253 1011 2312 nulla
1067 2252 1341 2332 amplius
1400 2256 1633 2314 mentio
1689 2255 1775 2313 fit.
1859 2253 2020 2316 Nam

218 2354 487 2414 Pollucis
548 2354 974 2413 testimonium
1029 2352 1192 2412 VIII.
1250 2353 1352 2413 82.
1415 2357 1476 2417 οἱ
1530 2356 2021 2441 φυγοὸικοῦντςες

220 2452 593 2534 ἐσκήπτοντο
651 2458 735 2522 εἰς
792 2461 1053 2535 Σκῦρον
1105 2452 1143 2532 ἢ
1201 2458 1288 2523 εἰς
1328 2457 1598 2537 Λῆμνον
1651 2457 2019 2538 ἀποδημεῖν,
2092 2486 2106 2492 1

219 2554 386 2614 1111116
430 2553 795 2614 Welckerus
853 2552 1084 2629 colligit
1139 2570 1279 2611 reos
1336 2554 1415 2613 ad
1472 2557 1779 2636 templum
1835 2557 2018 2616 Lem-

220 2657 394 2714 nium
450 2653 672 2713 eodem
732 2672 853 2733 quo
901 2652 1393 2716 Samothracium
1447 2656 1588 2734 jure
1632 2658 1792 2735 asyli
1833 2666 2018 2737 prae-

221 2754 420 2815 ditum
492 2754 838 2832 confugisse
904 2774 966 2835 p.
1023 2755 1167 2815 216.
1235 2774 1323 2836 sq.
1389 2756 1508 2816 huc
1577 2757 1831 2816 omnino
1891 2775 2019 2817 non

220 2857 489 2937 pertinet
559 2854 672 2915 sed
737 2853 821 2914 ad
891 2855 1152 2936 praedia
1217 2856 1689 2918 Atheniensium
1757 2856 2018 2925 Lemnia

222 2955 495 3032 (Terent.
538 2955 783 3016 Phorm.
827 2955 930 3015 IV.
975 2956 1032 3016 3.
1076 2953 1208 3038 75.)
1264 2976 1386 3038 quo
1431 2976 1498 3017 se
1540 2959 1815 3037 recipere
1858 2958 2017 3017 sole-

222 3053 373 3114 bant
429 3058 535 3136 qui
580 3076 720 3116 cum
763 3056 1162 3137 sycophantis
1206 3057 1458 3117 urbanis
1504 3058 1839 3118 conflictari
1881 3058 2016 3117 nol-
2071 3132 2078 3140 Ἰ

221 3155 380 3230 lent3
439 3154 519 3216 de
572 3158 810 3238 templo
853 3157 1115 3218 Lemnio
1156 3157 1324 3218 'nihil
1370 3157 1625 3234 dicitur,
1667 3177 1866 3240 neque
1909 3157 2013 3218 de-

341 3367 413 3425 [t]
464 3367 594 3412 Mem.
627 3369 759 3413 Acad.
793 3371 896 3415 Par.
929 3371 985 3414 T.
1019 3369 1201 3414 XXVII.
1234 3370 1302 3414 12.
