2150 3814
821 226 1282 271 Δο-ιιΡΗῙοιι.
1786 198 1944 276 1061

125 382 127 384 ·
167 363 370 448 ἐγκρίς
382 368 405 436 ,
446 358 722 445 βορκύλα
735 403 756 430 ,
779 355 1130 441 γαστρίον,
1185 354 1455 439 ὃεὸόρκα
1512 354 1686 435 (Ροεί
1722 358 1949 421 &cadola

168 464 345 541 κυσε)
389 464 724 546 ἐγκρυπτος
737 499 756 529 ,
813 457 1142 538 ἒμπέλανα,
1189 455 1597 530 ἕπιπελανίας,
1637 455 1947 536 ἐπίχυτον,

158 565 410 648 Ἑρμῆς,
454 564 681 640 ἔχινος,
724 555 1066 630 κάνδυλος,
1115 563 1368 643 λαῒγμα,
1413 563 1688 630 λειτῖνος,
1731 564 1948 619 παλλι-

164 663 307 745 κίαρ
334 663 431 739 [⁰J,
475 654 861 742 ὄρθοστάὸη,
907 657 1111 739 σίλβη,
1155 655 1408 732 σπόπια,
1453 656 1756 737 σταιτηία,
1799 677 1949 720 στα-

75 817 87 830 ,
162 758 411 833 κτικόν,
466 757 766 845 ταγήνια,
825 757 1100 841 τρίπολις
1114 803 1135 830 ,
1193 776 1350 838 quae
1392 758 1754 839 simpliciter
1794 778 1950 839 πεμ-

161 859 384 943 μάτων
427 869 491 919 et
531 857 836 924 ποπάνων
874 858 1005 937 ε’ίὸη
1051 876 1186 916 esse
1230 857 1381 918 dicit
1421 859 1689 918 formam
1716 867 1950 917 'eorum

161 971 226 1021 et
277 979 460 1021 usum
527 969 972 1036 transgressus„
1029 966 1164 1016 tum
1230 961 1575 1042 ἄγγουρος,
1634 955 1802 1038 ἀμήν
1837 952 1947 1038 [‘],

162 1061 532 1147 ἅμοργίτης,
578 1057 962 1130 ἀνάστατος,
1007 1059 1282 1120 ἄττανον
1326 1056 1744 1137 (ἅττανίτης),
1799 1063 1951 1141 γλυ-

163 1162 341 1231 κίνας
367 1158 498 1242 [ff]—,
555 1157 786 1240 ὃσλβαί
825 1175 934 1215 seu
977 1153 1204 1219 ὃόλπαι
1230 1153 1330 1237 ['‘],
1375 1158 1653 1241 ἔγχυμα,
1680 1153 1950 1234 ἐλλύτης,

159 1260 517 1344 κριμνίτης,
575 1257 939 1339 ἐπίπλατορ,
999 1254 1183 1340 χάρις
1238 1273 1348 1315 seu
1398 1256 1726 1340 χαρίσιον,
1783 1255 1952 1335 pla-

162 1358 564 1421 centarum
620 1358 874 1416 nomine
929 1355 1239 1435 designat,
1309 1373 1572 1437 quorum
1627 1357 1953 1416 nominum

161 1479 319 1542 quae
362 1461 445 1520 sit
488 1456 834 1544 differentia
879 1467 940 1516 et
983 1475 1134 1537 quas
1169 1476 1269 1516 res
1315 1460 1535 1541 ἄρτος,
1581 1463 1802 1541 ἴτριον,
1847 1439 1952 1517 πέζ

165 1571 388 1633 λανον,
450 1557 730 1644 λάγανον
756 1557 866 1638 [8],
920 1558 1092 1638 μᾶζα
1135 1559 1613 1638 complectatur,
1655 1566 1798 1618 ante
1839 1556 1953 1616 hos

164 1760 261 1790 men
299 1742 533 1803 προκώνια
573 1748 864 1802 exposuerunt
905 1743 1143 1786 Anticlides
1182 1743 1232 1786 ἐν
1270 1747 1364 1791 τοῖς
1398 1742 1696 1800 Ἐξηγητικοῖς
1735 1746 1780 1784 et
1819 1741 1955 1783 Demo

166 1805 220 1850 ἐν
247 1807 310 1861 τῷ
338 1805 446 1862 περὶ
475 1805 653 1846 θυσιῶν
678 1803 896 1858 Harpocr.
927 1816 961 1843 s.
991 1815 1033 1843 v.
1065 1800 1169 1856 quid
1198 1801 1392 1849 πέλανος
1421 1800 1660 1855 significet,
1704 1799 1957 1856 Apollonius

170 1861 459 1906 Achai-nensis
487 1861 534 1903 in
563 1860 675 1902 libro
704 1861 814 1917 περὶ
841 1861 933 1902 τῶν
962 1859 1132 1919 ἑορτῶν
1161 1859 1307 1900 docuit
1333 1874 1375 1901 v.
1406 1859 1544 1915 Harp.
1583 1874 1618 1903 s.
1648 1873 1690 1901 v.
1722 1858 1958 1900 Aristome-

167 1936 243 1964 nes
273 1921 325 1965 ἐν
351 1922 414 1976 τῷ
469 1923 575 1978 ρίτῳ
605 1920 698 1962 τῶν
725 1915 841 1977 πρὸς
867 1915 946 1966 τὰς
975 1919 1234 1977 ἱερουργίας
1263 1917 1514 1972 singillatim
1544 1916 1731 1961 πόπανα
1762 1922 1807 1959 et
1834 1919 1958 1974 πέμ-

164 1995 289 2039 ματα
316 1978 534 2021 recensuit
561 1977 717 2021 Athen.
746 1977 832 2022 ΙΙΙ.
864 1972 965 2018 446.
1456 1999 1458 2002 -

163 2101 167 2103 .
285 2066 360 2123 [θ]
406 2065 506 2108 Hoc
533 2063 573 2107 'a
600 2061 723 2118 πάλη
761 2061 1004 2108 derivatum
1044 2064 1217 2107 videtur
1256 2064 1288 2109 i.
1320 2078 1361 2120 q.
1402 2066 1597 2114 πέλανος
1607 2094 1625 2117 ‚
1647 2064 1749 2120 'quo
1792 2058 1959 2106 nomine

167 2125 345 2184 proprie
373 2122 424 2168 τὸ
455 2125 506 2168 ἐκ
535 2120 764 2177 παιπάλης
793 2126 956 2182 πέμμα
985 2122 1185 2178 designat
1213 2122 1426 2178 Didymus
1457 2123 1578 2165 Suid.
1613 2138 1646 2165 s.
1677 2137 1720 2165 v.
1752 2121 1851 2165 Duo
1883 2135 1958 2163 an-

156 2183 415 2228 tecedentia
444 2181 616 2224 nomina
655 2195 796 2235 aeque
837 2182 1024 2224 obscura
1065 2195 1118 2223 ac
1158 2181 1342 2223 liborum
1382 2182 1515 2223 series
1555 2195 1625 2237 ap.
1666 2181 1828 2222 Arnob.
1858 2179 1958 2222 VII.

168 2242 242 2287 25.
296 2239 516 2285 africia
565 2239 843 2295 gratilla,
905 2245 1237 2291 catumeum,
1297 2239 1678 2296 conspolium,
1736 2237 1958 2280 cubula.

170 2312 352 2357 quorum
382 2298 565 2355 primum
594 2298 783 2340 fortasse
820 2297 1016 2340 Isidorus
1053 2298 1273 2353 significat
1314 2298 1472 2353 Origg.
1502 2297 1556 2342 L.
1588 2296 1684 2340 XX.
1714 2297 1756 2339 2.
1799 2310 1825 2338 a
1835 2298 1887 2339 fr
1900 2309 1927 2338 a
1940 2320 1960 2326 —

169 2366 306 2414 tum,
358 2357 507 2414 quod
549 2356 734 2399 latine
775 2370 1058 2414 spumeum
1100 2361 1358 2399 vocatur.
1420 2356 1592 2399 Cubula
1622 2370 1650 2398 a
1677 2356 1815 2398 forma
1845 2354 1962 2396 dicta

171 2416 367 2468 videtur,
409 2422 459 2457 ut
489 2415 715 2470 cybium
745 2420 790 2457 et
821 2415 1041 2471 quadra
1071 2415 1165 2471 pla
1180 2420 1414 2467 centae,
1458 2421 1508 2457 ut
1536 2413 1794 2470 quibarii
1824 2412 1961 2455 salsa—

171 2475 395 2526 mentarii,
438 2473 598 2529 squilla
626 2487 706 2530 pro
736 2472 861 2516 scilla
871 2505 884 2526 ‚
929 2473 1130 2529 squibala
1159 2487 1239 2530 pro
1269 2473 1447 2530 scybala
1456 2506 1470 2526 ‚
1516 2473 1680 2525 Quirus
1709 2485 1788 2529 pro
1819 2471 1963 2528 Cyrus

176 2549 219 2577 v.
249 2533 397 2577 vales.
427 2531 484 2575 ad
516 2531 735 2574 Theodor.
765 2531 824 2574 H.
857 2531 979 2574 Eccl.
1009 2532 1046 2575 I.
1079 2547 1121 2589 p.
1152 2530 1224 2575 93.
1254 2556 1256 2561 ,

290 2617 369 2677 [f]
404 2615 547 2678 ’Ἀμης
588 2619 813 2675 corrigunt
841 2633 921 2662 nec
945 2619 1074 2674 juvat
1102 2618 1325 2675 vulgatam
1356 2622 1481 2662 vetus
1510 2619 1638 2662 lectio
1669 2618 1831 2660 Arnob.
1863 2616 1963 2660 VII.

171 2678 245 2723 25.
287 2692 446 2722 amen
475 2678 860 2734 'sanguineum
878 2711 892 2731 ‚
938 2679 994 2720 ab
1024 2678 1346 2720 Elmenhorstio
1376 2678 1580 2731 defensa,
1617 2689 1862 2734 quanquam
1891 2675 1963 2717 Io—

171 2753 247 2782 nes
278 2734 400 2797 ι’ίμην
428 2751 507 2810 pro
538 2732 688 2795 ἄμητα
717 2737 879 2780 dixisse
909 2742 1062 2780 auctor
1092 2742 1159 2779 est
1188 2737 1437 2780 Athenaeus
1476 2737 1595 2782 XIV.
1640 2733 1739 2778 645.
1770 2735 1821 2778 A.
1863 2733 1963 2777 Pla-

160 2802 320 2842 tentas
350 2795 528 2855 ἀμορας
557 2801 602 2839 et
632 2793 881 2855 ἀμοργίτας
910 2797 1042 2839 affert
1069 2795 1197 2839 idem.

293 2882 370 2942 [ff]
396 2918 399 2919 γ
427 2883 634 2926 Latinum
662 2883 812 2926 lucuns
842 2882 1006 2926 Taffin.
1038 2884 1092 2926 de
1123 2885 1244 2926 Anno
1276 2882 1406 2924 secul.
1437 2897 1478 2939 p.
1509 2879 1608 2924 512.
1640 2881 1697 2923 Τ.
1728 2880 1768 2922 8.
1800 2879 1962 2924 Graev.

176 2944 291 3002 quod
331 2942 555 2988 Albertius
596 2942 652 2985 ad
692 2942 884 2997 He'sych.
926 2958 959 2985 s.
1001 2946 1163 2988 Λοῦκα
1204 2956 1299 2985 cum
1341 2941 1422 2984 hoc
1461 2940 1726 2982 Cauconum·
1751 2937 1962 2981 vocabulo

176 3003 357 3046 confert.
418 3001 577 3044 Suidas
607 2998 917 3058 Μελιτώματα
947 2998 1185 3058 γλυκάδια.
1220 3001 1364 3042 'Idem
1404 3001 1591 3042 fortasse
1628 2997 1746 3042 valet
1785 2995 1963 3041 Arnobii

176 3074 278 3118 gra
293 3060 432 3103 tilla
461 3060 690 3104 suavillum
719 3059 983 3116 significans.

297 3133 378 3190 [†]
425 3133 624 3190 Toupius
654 3148 696 3191 p.
727 3131 827 3176 356.
873 3132 916 3176 δ’
952 3129 1090 3177 ὅλπαι
1120 3131 1323 3187 corrigit,
1366 3130 1479 3186 quod
1512 3144 1595 3172 non
1625 3143 1733 3186 opus
1762 3131 1840 3171 est.
1901 3126 1962 3170 Il-

181 3191 590 3294 Lzoaessllssssdseiunffies
619 3192 711 3235 sive
739 3188 978 3246 βωλῦτιναι
1007 3192 1162 3235 Athen.
1185 3190 1267 3233 III.
1301 3187 1396 3231 113.
1429 3188 1479 3231 C.
1511 3185 1683 3246 δολφός
1711 3191 1757 3230 et
1785 3183 1965 3244 πόλφος

304 3323 379 3378 [S]
425 3320 620 3381 Galenus
657 3323 712 3366 de
742 3323 900 3367 Semin.
933 3324 967 3366 I.
999 3320 1039 3364 4.
1074 3323 1167 3365 190.
1212 3322 1267 3363 T.
1299 3320 1380 3362 111.
1422 3319 1502 3375 (T.
1534 3320 1608 3362 lv.
1641 3318 1739 3361 526.
1770 3315 1964 3369 Kuehn.)

187 3378 333 3437 ὥςπερ
364 3378 449 3423 ὅσα
479 3381 834 3439 δημιουργοῦσιν
865 3384 906 3426 οἱ
939 3385 1165 3426 σιτοποιοί
1191 3405 1246 3411 ——
1289 3380 1609 3436 ἐπαλείφοντες
1651 3374 1792 3435 ὑγρὸν
1833 3374 1962 3431 ἀτρέ-
