2150 3814
269 197 432 257 1208
843 209 1062 252 Lmen
1114 209 1456 252 'mamus

263 350 332 400 ut
373 347 632 420 apparet
675 358 750 398 ex
792 338 1018 400 Anecd.
1061 339 1250 399 Bekk.
1292 360 1352 420 p.
1402 337 1538 399 115.
1581 338 2028 421 ὑδρηροὺςπί-

260 445 421 510 &ovs
463 439 568 500 καὶ
611 439 894 520 οἰνηροὺς
935 437 1244 519 Αἰσχύλος
1284 440 1587 523 Καείραις.
1669 435 1878 497 Cabiri
1912 437 2027 512 igi-,-

262 553 360 599 tur
403 547 636 597 tantam
692 537 1044 597 vindemiae
1111 537 1453 598 ubertatem
1519 538 1654 598 fore
1707 534 2027 616 spondent,

259 648 330 698 ut
396 656 474 695 ne
541 646 714 714 gutta
781 637 1027 715 quidem
1098 638 1254 696 aceti
1318 639 1694 718 relinquatur
1758 635 2031 714 nullique

258 735 397 796 cadi
439 738 714 797 seriaeve
755 735 1108 816 recipiendo
1152 747 1354 798 musto
1398 737 1808 818 suppeditent.
1893 733 2032 808 Qua

255 837 530 913 imagine·
576 845 762 916 poeta
818 837 1044 912 lyricus
1110 856 1207 917 ap.
1260 837 1416 898 Plut.
1471 836 1549 896 de
1601 837 1779 913 Pyth.
1823 835 2030 895 Oracc.

253 934 485 996 XXIX.
529 935 672 996 296.
727 935 1101 997 uberrimum
1155 938 1331 1001 lactis
1385 945 1759 1017 proventum
1798 933 2030 998 badum-

254 1034 485 1096 bravit:
545 1034 884 1118 προβάτων
941 1041 1006 1099 ἐκ
1061 1035 1318 1101 πάντων
1372 1034 1732 1119 κελάρυξεν,
1771 1035 1863 1104 ,ὥς
1906 1034 2026 1099 ἀπὸ

252 1133 545 1218 κρηνάων
612 1137 915 1219 φέρτατον
974 1137 1183 1219 ὕδωρ,
1257 1135 1487 1216 θήλεον
1540 1134 1736 1221 γάλα,
1806 1135 1904 1197 τοὶ
1959 1133 2026 1196 δ’

255 1234 639 1315 ἔνεπίμπλων
683 1233 1006 1317 ἐσσύμενοι
1048 1236 1312 1306 πίθους·
1360 1236 1546 1305 ἀσκὸς
1589 1238 1729 1298 οὔτε
1771 1260 1862 1304 τις
1907 1236 2028 1316 οἷμ-

254 1333 482 1415 φορεῦς
524 1332 719 1396 ἕλίνυε
762 1332 1015 1414 δόμοις,
1059 1337 1268 1397 πέλλαι
1308 1361 1372 1397 τε
1416 1334 1648 1406 ξύλινοι
1691 1334 1807 1416 (τε)
1850 1333 2030 1396 πίθοι

251 1436 537 1495 πλᾶσθεν
580 1432 845 1503 ἅπαντες
870 1436 940 1512 [⁰]
989 1443 1050 1492 et
1092 1433 1174 1492 ad
1215 1433 1383 1493 idem
1426 1434 1777 1514 exemplum
1820 1433 2030 1493 Tibul-

249 1532 348 1590 lus
402 1531 478 1589 H.
534 1527 591 1590 5.
648 1530 748 1593 56.
806 1532 1024 1592 dolia
1079 1542 1234 1592 tum
1301 1534 1551 1611 magni
1619 1531 2029 1592 deficiunt-

251 1650 395 1712 que
450 1631 684 1692 lacus.
801 1632 920 1692 Illa
980 1642 1189 1692 autem
1246 1630 1609 1693 Cabirorum
1662 1631 2028 1713 pollicitatio

246 1733 657 1813 suspicionem
710 1731 952 1792 afferret
1004 1734 1083 1792 iis
1139 1733 1406 1813 aliquam
1464 1751 1602 1792 cum
1652 1730 1876 1792 Libero
1919 1732 2031 1792 Pa-

248 1840 343 1892 tre
396 1834 666 1893 muneris
718 1832 1229 1893 necessitudinem
1281 1831 1687 1905 intercedere,
1755 1833 1811 1892 si
1862 1831 2030 1913 quod

250 1932 444 1993 aliud*
489 1941 727 1993 extaret
793 1933 974 2011 hujus
1031 1931 1341 1993 affinitatis
1397 1932 1859 2006 documentum;
1914 1931 2024 1992 sed

247 2050 446 2113 neque
489 2033 787 2092 Thoantis
831 2052 865 2090 e
906 2032 1131 2093 Libero
1177 2043 1346 2093 ortus
1368 2029 1432 2112 [f]
1479 2051 1676 2112 neque
1717 2030 1885 2112 quod
1926 2032 2026 2092 hic

248 2130 401 2192 deus
445 2131 616 2213 apud
661 2128 1014 2192 Ciceronem
1069 2129 1293 2193 Cabiro
1338 2139 1515 2212 patre
1557 2139 1738 2190 natus
1783 2131 2023 2205 dicitur,

245 2230 534 2312 idemque
594 2251 632 2292 a
686 2233 994 2293 nonnullis
1051 2229 1412 2292 Cabirorum
1466 2234 1532 2290 in
1574 2249 1832 2291 numero
1872 2231 2026 2291 rela-

244 2340 346 2391 tus
392 2340 514 2405 est,
580 2331 661 2392 ad
714 2331 1101 2412 probandum
1158 2333 1405 2394 videtur
1458 2333 1639 2406 satis,
1694 2332 2026 2412 potiusque

242 2433 335 2492 ita
390 2431 896 2505 existimandum,
953 2430 1206 2492 Cabiros
1259 2432 1606 2513 hospitibus
1650 2432 1883 2492 vinosis
1929 2434 2024 2508 (ut

245 2542 421 2591 erant
485 2530 728 2611 heroes)
793 2531 861 2591 id
914 2525 1278 2610 gratificatos
1337 2550 1469 2591 esse
1522 2529 1687 2611 quod
1740 2530 1863 2589 illis
1921 2549 2022 2588 ex-

247 2632 722 2713 optatissimum,
767 2623 886 2691 sibi
929 2630 1329 2691 domesticum
1374 2639 1554 2705 esset,
1599 2632 1815 2692 vinum
1838 2630 2021 2690 Lem-

243 2733 449 2806 nium,
510 2750 707 2812 neque
748 2730 891 2791 fidei
935 2730 1262 2805 absonum,
1317 2732 1430 2791 hos
1472 2730 1768 2809 indigetes
1810 2732 2020 2808 genios

246 2840 377 2893 tum
432 2834 709 2897 omnium
761 2851 999 2907 rerum,
1059 2851 1213 2917 quae
1257 2831 1335 2891 ad
1380 2833 1714 2892 incolarum
1758 2831 2017 2890 salutem

365 3033 439 3089 [⁰]
496 3033 694 3090 Toupius
744 3033 953 3077 Emendd.
1010 3033 1066 3075 T.
1113 3033 1190 3074 IV.
1242 3031 1342 3077 325.
1394 3033 1551 3076 πέλλαι
1601 3028 1772 3080 ξύλιναι
1822 3030 2013 3086 corrigit,

247 3089 349 3147 quia
383 3095 520 3141 πίθος
558 3093 612 3135 de
647 3106 776 3149 opere
815 3092 963 3149 figlino
1002 3091 1194 3144 dicatur,
1233 3097 1282 3133 ut
1322 3089 1556 3133 Salmasius
1595 3090 1722 3133 docet
1753 3089 1807 3132 ad
1838 3090 2011 3146 Vopisc.

245 3163 289 3207 p.
326 3145 427 3192 492.

364 3232 436 3292 [f]
485 3235 740 3280 Welckerus
770 3238 799 3280 l.
830 3252 866 3280 c.
895 3252 937 3295 p.
967 3235 1068 3280 315.
1115 3235 1332 3279 Macarem
1361 3235 1554 3291 Dionyso
1584 3234 1761 3278 Brisaeo
1798 3235 1843 3276 in
1872 3234 2010 3276 insula

243 3292 602 3410 {agrxpirlilznzzacrum
632 3295 875 3340 condidisse
904 3296 1031 3352 dicit,
1062 3296 1290 3339 memoriae
1319 3294 1451 3346 viti03
1480 3308 1577 3337 nam
1607 3295 1713 3337 haec
1742 3293 1797 3337 ad
1829 3293 2009 3336 Lesbum
