2150 3814
720 221 1303 266 sAMo'runAclA.
1750 210 1911 270 1267

137 362 457 434 praeterea
512 353 829 432 quisquam
874 368 1058 425 unus;
1122 367 1265 411 nam
1310 349 1388 410 de
1432 348 1744 410 Clemente
1788 354 1912 412 Go-

140 464 353 532 guetus
410 451 733 533 perspicue
786 447 1033 537 fallitur
1047 449 1140 530 [PJ.
1243 449 1362 511 His
1415 465 1612 531 nuper
1660 453 1913 512 accessit

139 563 390 633 quartus
432 551 607 610 testis
649 549 862 627 Lydus
905 549 986 609 de
1029 548 1262 610 Ostent.
1305 570 1366 632 p.
1411 551 1554 611 274.
1598 554 1659 613 οἱ
1692 552 1913 616 Φοίνι-

135 679 232 723 κες
284 687 371 698 --
422 652 620 720 ἄλλως
678 674 808 721 πως
875 650 1015 733 περὶ
1067 649 1316 734 Κρόνου
1374 653 1654 736 λέγουσιν
1711 651 1795 721 ὥς
1847 654 1913 713 ἐκ

135 760 244 832 τῆς
297 752 588 833 δευτέρας
638 758 775 815 τῶν
835 756 1216 814 Φοινικικῶν
1258 759 1373 814 τοῦ
1422 750 1731 834 Ἐρεννίου
1788 749 1911 814 Φί-

135 861 329 920 λωνος
384 853 512 913 ἔστι
570 853 801 932 λαβεῖν.
860 869 1043 930 quem
1101 851 1325 911 librum
1370 850 1674 911 Eusebius
1715 851 1912 910 nomi-

132 960 239 1010 nat
280 949 382 1009 IV.
432 950 526 1010 16.
569 949 704 1009 154.
746 951 861 1030 τὴν
896 952 1181 1021 Φίλωνος
1209 951 1575 1030 Φοινικικὴν
1609 950 1910 1033 ἱστορίαν,

130 1070 244 1109 nec
286 1049 555 1109 dubitari
605 1057 812 1130 potest
854 1053 1000 1128 quin
1043 1050 1211 1108 idem
1257 1050 1780 1109 Sanchuniathoni
1820 1052 1911 1108 in-

131 1150 429 1209 scribatur
471 1159 761 1227 tanquam
804 1149 1008 1226 primo
1052 1149 1303 1207 auctori.
1399 1147 1720 1208 Adversus
1761 1148 1914 1207 haec

128 1248 565 1328 respondetur,
631 1235 959 1306 ¹fortuitum
1031 1265 1166 1306 esse
1235 1246 1401 1328 quod
1450 1247 1625 1307 ¹liber
1690 1249 1913 1328 punice

128 1349 388 1428 scriptus
433 1365 831 1426 summaeque
874 1340 1257 1426 antiquitatis
1296 1348 1681 1408 literatorum
1724 1349 1916 1408 scien-1

129 1451 283 1508 tiam
338 1447 578 1524 fugerit.
677 1445 769 1506 Ac
809 1448 919 1507 vix
962 1449 1117 1507 scias
1159 1459 1301 1508 utra
1342 1467 1507 1527 pars·
1531 1446 1914 1529 praeponde-

130 1558 241 1607 ret.
325 1545 484 1606 Nam
529 1548 584 1605 si
626 1546 998 1605 Phoenicum
1036 1547 1529 1628 Graecorumque
1573 1547 1914 1608 considere-

131 1667 268 1707 mus
337 1649 699 1706 commercia
767 1646 1132 1707 creberrima
1201 1656 1265 1705 et
1333 1650 1790 1727 antiquissima,
1860 1649 1915 1707 si

130 1746 591 1807 multitudinem
669 1747 987 1806 hominum
1057 1745 1487 1820 Sidoniorum,
1561 1748 1915 1824 Tyriorum,

132 1848 559 1925 Berytensium
574 1889 592 1919 ,
638 1847 744 1925 qui
787 1855 895 1904 aut
935 1845 1396 1927 philosophiam
1441 1856 1549 1906 aut
1593 1847 1916 1908 Gramma-

132 1951 318 2008 ticam
374 1955 481 2006 aut
532 1946 854 2005 historiam
912 1948 1141 2024 graecis
1195 1947 1579 2007 illustrarunt
1631 1947 1826 2007 literis
1840 1945 1915 2028 [⁹]

132 2069 245 2108 nec
310 2049 612 2106 minorem
668 2064 994 2105 numerum
1052 2057 1434 2120 exterorum,
1493 2050 1599 2127 qui
1654 2047 1915 2126 antiqui—

134 2159 291 2208 tates
332 2148 587 2227 punicas
632 2144 710 2204 de
750 2145 1056 2206 industria
1097 2149 1462 2226 perscrutati
1488 2158 1632 2207 sunt
1658 2148 1752 2228 [‘],
1797 2148 1913 2206 mi-

259 2316 332 2373 [P]
383 2316 469 2357 Sur
499 2314 527 2356 l
560 2314 730 2371 Origin.
763 2315 820 2357 T.
852 2315 927 2359 VI.
960 2331 1001 2372 p.
1037 2318 1103 2358 11.
1168 2316 1422 2360 Clement
1462 2316 1815 2359 Alexandria
1852 2331 1915 2359 au

138 2390 284 2433 rapp
301 2380 390 2417 ort
442 2373 505 2415 de
548 2373 714 2416 Saint
767 2373 994 2429 Cyrille
1044 2389 1071 2430 p
1088 2374 1272 2417 arloit
1325 2375 1390 2418 de
1443 2375 1915 2418 Sanchoniathon

138 2448 334 2478 comme
377 2433 424 2475 d’
454 2446 522 2474 un
561 2432 855 2474 historien
902 2432 964 2475 de
1011 2433 1265 2476 Phenice
1315 2449 1353 2477 c.
1396 2434 1483 2476 Jul.
1514 2434 1590 2476 VI.
1627 2432 1728 2477 205.
1759 2433 1812 2475 Β.
1869 2433 1913 2475 Il

138 2498 226 2536 est
263 2505 430 2546 vray,
473 2504 536 2546 qu
551 2490 642 2532 'on
681 2504 745 2532 ne
785 2494 987 2534 trouve
1018 2492 1145 2546 aujo
1161 2492 1371 2534 urdhui
1401 2492 1540 2534 dans
1570 2492 1643 2534 les
1675 2506 1915 2535 ouevres

138 2552 206 2595 de
259 2565 320 2594 ce
372 2549 514 2592 Pere
562 2549 614 2591 le
668 2563 916 2626 passage
966 2563 1035 2606 qu
1051 2564 1076 2592 e
1133 2550 1299 2594 Saiut
1345 2551 1565 2607 Cyrille
1622 2551 1788 2593 avoit
1849 2564 1915 2592 en

139 2614 266 2663 vue,
307 2608 445 2652 mais
483 2629 541 2639 —
582 2621 719 2650 nous
749 2606 800 2649 n’
833 2608 1030 2651 avoins
1059 2623 1155 2666 pas
1198 2614 1321 2652 tous
1362 2609 1445 2651 les
1483 2610 1665 2652 ecrits
1695 2609 1760 2651 de
1791 2608 1915 2650 Cle

139 2683 179 2712 m
189 2642 278 2711 en’t
314 2672 398 2710 etc.
455 2666 581 2708 Haec
607 2666 805 2723 exceptio
832 2679 883 2709 re
909 2666 1006 2723 ipsa
1035 2667 1262 2710 refellitur.
1326 2667 1516 2723 Cyrillus
1554 2667 1737 2710 Eusebii
1774 2666 1913 2709 locum

140 2729 353 2784 integrum
383 2724 682 2794 transcripsit,
723 2739 873 2782 quem,
906 2731 955 2767 ut
983 2725 1189 2783 pleraque
1218 2726 1491 2779 Eusebiana,
1533 2741 1557 2777 e
1588 2726 1809 2768 Clemente
1838 2740 1915 2768 ex-

143 2793 335 2842 cerptum
378 2798 474 2826 esse
524 2782 721 2840 putavit3
775 2797 908 2840 quare
956 2799 1035 2842 pro
1079 2784 1272 2827 Eusebio
1315 2758 1576 2827 Clementem
1615 2785 1825 2836 nominat,
1870 2786 1916 2826 et

141 2845 363 2888 Philonem
411 2842 620 2886 Judaeum
662 2842 1053 2886 Sanchuniathonis
1085 2844 1366 2900 interpretem
1407 2844 1516 2886 facit
1556 2857 1702 2885 errore
1748 2846 1913 2899 aperto,

146 2916 267 2959 quem
307 2902 591 2945 Hissmannus
638 2914 722 2943 non
774 2901 962 2945 debebat
1007 2901 1051 2944 in
1096 2909 1390 2958 argumentum
1431 2915 1596 2945 sumere
1645 2902 1701 2943 ad
1745 2901 1915 2943 Delislil

144 2961 271 3004 Neue
297 2961 418 3003 Welt
427 2985 445 2992 ·
477 2961 564 3003 und
597 2960 1080 3017 Menschengeschichte
1110 2961 1164 3003 T.
1195 2962 1231 3003 I.
1262 2976 1305 3017 p.
1339 2960 1438 3002 570.
1481 2962 1595 3004 Nam
1624 2960 1694 3002 hic
1722 2961 1816 3017 ipse
1844 2971 1913 3001 er·-

148 3033 220 3062 ror
249 3019 434 3061 ostendit
461 3018 669 3076 Cyrillum
698 3020 832 3062 totius
860 3034 1015 3063 causae
1043 3021 1314 3064 vehementer
1343 3020 1539 3075 ignarum
1568 3019 1717 3062 fuisse.

266 3106 340 3161 [(1]
392 3105 557 3149 Sidonii
597 3107 845 3164 Antipater,
887 3108 1044 3161 Zeno,
1106 3107 1368 3163 Dionysius,
1419 3107 1637 3159 Boethus,
1677 3105 1904 3154 Diodotum

150 3164 280 3219 Tyrii
318 3162 592 3221 Apollonius,
639 3166 869 3222 Antipater
914 3166 1079 3221 junior,
1130 3166 1400 3218 Heraclitus,
1453 3165 1694 3217 Maximus3
1745 3162 1912 3219 Berytii

155 3223 380 3275 Mnaseas,
410 3196 642 3279 Aspasids,
671 3224 910 3281 Lysaniae,
953 3225 1209 3283 Hermippus
1239 3230 1322 3267 etc.

270 3309 343 3365 [¹]
394 3307 525 3363 Dius,
555 3310 814 3365 Menander
846 3311 1159 3364 PhilostratuS,
1190 3309 1466 3364 Theodotus,
1496 3311 1803 3367 Hieronymus,
1834 3306 1915 3350 Hi

153 3368 327 3419 stiaeu5‚
358 3366 542 3409 Teucer.
