2150 3814
229 224 358 288 974
758 235 997 282 masa
1038 231 1468 280 suciamus,

228 370 328 431 De
369 385 490 450 quo
533 365 687 426 nihil
739 363 860 424 sibi
917 373 1197 425 constare
1254 361 1482 423 fatetur
1538 359 2003 425 Wernsdorfius.

226 468 534 550 Equidem
575 485 700 525 non
745 463 993 537 dubito,
1054 465 1201 544 quin
1243 462 1488 523 Aornus
1530 465 1900 542 significetur
1940 466 2007 524 in

227 571 385 630 atrio
443 566 847 626 Parthenonis
903 564 979 623 ab
1029 564 1227 625 Ictino
1272 566 1566 623 exstructi
1608 564 1892 623 Philostr.
1935 561 2008 621 V.

226 668 431 750 Apoll.
476 668 550 725 ΙΙ.
600 665 695 724 10.
740 663 840 723 59.
898 663 1006 722 ubi
1052 662 1332 722 Olearius
1386 665 1560 723 affert
1610 664 1881 724 Lucretii
1924 671 2010 722 te-

227 769 616 843 stimonium,
686 766 954 833 cornices
1018 781 1327 842 nunquam
1388 764 1455 822 in
1508 763 1847 845 Acropolin
1903 762 2010 824 ad-

228 871 467 941 volare,
527 884 651 925 non
706 864 1018 945 pervigilii
1079 881 1261 921 causa
1287 862 1361 944 [ἕ]
1420 862 1536 923 sed
1588 862 1810 923 natura
1863 864 2010 937 loci3

224 969 391 1052 quod
438 968 515 1028 ab
554 964 991 1042 Amelesagora
1033 962 1328 1023 traditum
1373 973 1662 1043 repetunt
1700 964 1908 1043 plures
1950 982 2011 1023 v.
2099 991 2102 993 >

226 1071 594 1131 Beckman-n.
639 1065 719 1126 ad
768 1065 973 1144 Antig.
1033 1086 1080 1125 c.
1123 1063 1262 1124 XII.
1361 1062 1680 1125 Columnis
1733 1064 1800 1123 in
1854 1064 2013 1135 loco,

226 1167 353 1233 ubi*
378 1168 793 1249 Amphiaraus
849 1176 1049 1226 terrae
1099 1167 1273 1225 hiatu
1318 1164 1608 1246 abreptus
1665 1174 1788 1238 est,
1846 1165 2013 1244 posi-

226 1275 307 1334 tis
351 1271 551 1332 nullas
596 1286 746 1330 aves
789 1265 1058 1327 insidere
1095 1266 1430 1327 Pausanias
1476 1267 1710 1348 accepit
1750 1265 1859 1325 lX.
1897 1265 1956 1325 8.

438 1600 1796 1748 ΕΡῙΜΕΤΒΠΜ,ΙῩ.

600 1837 681 1889 ad
728 1835 787 1889 P.
823 1834 864 1890 1.
921 1832 981 1892 c,
1018 1832 1113 1887 111.
1169 1839 1216 1900 §-
1265 1836 1346 1887 10.
1404 1844 1537 1887 not.
1587 1851 1636 1887 ο.

396 2009 768 2072 Particulam
823 2008 967 2067 hinc
1026 2004 1382 2085 decerptam
1446 2003 1670 2064 Suidas
1739 2005 2013 2066 exhibet:

233 2112 512 2196 Θάμυρις
575 2111 616 2190 ἢ
682 2107 978 2192 Θαμύρας
1054 2106 1222 2190 &guig
1281 2109 1344 2177 ἐξ
1406 2105 1726 2169 Ἠδωνῶν
1783 2115 1892 2186 τῆς
1946 2110 2014 2171 ἐν

227 2214 484 2299 Βρίγοις
541 2208 811 2283 πόλεως,
869 2207 1006 2277 υἱὸς
1064 2204 1489 2288 Φιλάμμωνος
1543 2198 1649 2268 καὶ
1700 2203 2014 2290 Ἀρσινόης

227 2316 451 2401 ὄγδοος
511 2311 631 2394 πρὸ
697 2306 993 2392 Ὁμήρου.
1095 2307 1366 2366 Intuenti
1434 2306 1592 2365 mihi
1669 2306 1781 2366 has
1847 2325 2015 2366 com-

226 2413 545 2476 menticias
587 2405 907 2489 ὃιαὸοχᾶς,
951 2425 1107 2486 quae
1130 2406 1645 2487 philosophorum
1687 2407 1753 2465 in
1796 2406 2014 2468 eadem

227 2514 437 2576 schola
480 2509 893 2571 successiones
936 2508 1259 2565 imitantur
1302 2524 1340 2564 a
1385 2505 1712 2580 Sosicrate,
1757 2506 2014 2567 Sotione

228 2617 485 2694 aliisque
542 2610 944 2691 perscriptas,
1012 2627 1092 2665 ne
1145 2606 1256 2664 illa
1313 2605 1561 2685 quidem
1616 2608 1767 2666 satis
1811 2608 2014 2688 placet

229 2801 327 2844 dam
357 2795 527 2841 dicendi
557 2793 736 2837 ridicule
766 2806 1017 2850 perversum
1054 2790 1300 2846 significare
1342 2789 1527 2834 videtur.
1586 2791 1636 2834 In
1677 2791 1830 2848 glossis
1870 2806 1901 2848 g
1911 2806 1938 2835 a
1949 2807 1975 2835 11
1989 2817 2010 2825 -

229 2873 295 2904 na
339 2856 542 2900 scribitur
555 2885 570 2908 ,
621 2858 667 2896 et
720 2866 788 2908 ga
799 2866 864 2894 1111
877 2856 933 2893 at
945 2865 970 2893 o
983 2864 1007 2892 1·
1049 2846 1300 2907 χλευαστής
1311 2882 1324 2905 ,
1388 2850 1501 2893 unde
1549 2850 1606 2893 in
1618 2865 1649 2906 g
1660 2865 1723 2894 au
1734 2865 1763 2894 11
1776 2865 1801 2893 a
1812 2865 1835 2894 1·
1847 2865 1873 2893 0
1926 2853 2011 2894 ita-

228 2919 370 2962 licum.

349 2972 420 3030 [g]
464 2971 590 3013 Haec
633 2968 775 3012 adhue
817 2968 952 3020 latet3
1001 2965 1189 3008 fortasse
1239 2970 1490 3009 noctuarum
1530 2967 1776 3024 praesentia
1818 2966 2011 3012 cornicen

230 3031 434 3090 Acropoli
471 3028 670 3085 fugavit,
711 3027 748 3069 si
786 3041 932 3070 verum
962 3030 1029 3067 est
1057 3024 1172 3081 quod
1200 3025 1404 3068 Aelianus
1433 3026 1492 3068 H.
1524 3026 1605 3068 An.
1634 3026 1712 3068 IV.
1743 3025 1813 3069 48.
1849 3027 1904 3070 de
1940 3027 2011 3070 in-

229 3091 448 3136 terneciuo
487 3088 711 3143 utriusque
751 3086 892 3142 gentis
934 3083 1031 3126 odio
1075 3089 1236 3126 narrat.
1296 3084 1495 3137 Ceterum
1537 3099 1659 3127 avem
1704 3085 1922 3140 garrulam
1965 3090 2010 3129 et

231 3148 464 3209 nuptialem
493 3146 638 3191 Noun.
671 3144 752 3188 III.
785 3145 884 3190 120.
945 3142 1172 3185 Minervae
1202 3157 1284 3185 non
1315 3143 1423 3185 adeo
1466 3142 1648 3185 invisam
1688 3143 1821 3186 fuisse
1864 3148 2008 3186 osten-

231 3210 296 3253 dit
325 3209 431 3250 deae
474 3205 638 3260 signum
678 3203 723 3245 in
764 3216 865 3246 arce
907 3201 1098 3244 Coronea
1137 3198 1342 3260 κορώνην
1380 3202 1432 3246 ἐν
1470 3203 1522 3260 τῇ
1555 3203 1679 3260 χειρὶ
1719 3201 1829 3259 ἔχον
1875 3203 2007 3246 Paus.

229 3268 308 3311 lv.
339 3264 410 3310 34.
450 3263 491 3307 3.
534 3276 776 3319 quanquam
814 3259 1132 3304 Wernsdorfius
1175 3260 1256 3302 hoc
1297 3273 1559 3302 coronam
1598 3260 1912 3318 interpretatur
1950 3261 2006 3304 ad

229 3328 355 3371 Poet.
387 3323 496 3367 Min.
528 3322 586 3364 Τ.
614 3322 698 3364 ΙΙΙ.
738 3335 782 3378 p.
811 3319 910 3367 527.
968 3318 1210 3362 Obscoenis
1246 3323 1390 3361 tamen
1432 3318 1586 3362 avibus
1621 3333 1715 3362 eam
1755 3319 2007 3364 adnumerat

232 3384 417 3429 Ovidius
447 3383 589 3425 Amor.
620 3380 679 3422 II.
709 3379 750 3422 6.
781 3378 852 3423 35.
