2184 3840
306 262 433 323 880
846 271 1077 315 LIBER
1123 270 1545 315 SECUNDUS.

304 422 506 465 sacras
574 404 887 483 portiones
963 400 1145 476 vulgo
1217 398 1521 482 ἱερώσυνα
1575 401 1879 459 nominari
1941 419 2080 459 con-

305 514 425 564 stat
440 501 538 585 [†].
583 501 859 581 Apparet
903 508 1129 569 autem,
1173 497 1250 556 ab
1294 500 1449 572 istis,
1493 502 1597 580 qui
1639 501 1788 559 haec
1811 502 2083 560 nomina

304 610 691 683 repererunt,
738 616 988 679 operam
1034 595 1243 656 datam
1287 616 1439 671 esse,
1481 609 1550 659 ut
1592 618 1689 658 res
1733 618 1934 659 sacras
1979 598 2084 657 de-

305 721 444 762 core
499 710 871 778 angusteque
929 696 1327 777 appellarent.
1424 696 1523 757 De
1575 699 1824 779 reliquis
1839 743 1857 773 ‚
1914 704 2083 778 'quae

306 802 547 877 collegi,
611 796 956 857 sacrificalis
1012 795 1256 854 dialecti
1309 798 1742 876 speciminibus
1798 816 1926 857 non
1976 817 2084 877 pe-

303 899 478 959 rinde
550 897 705 956 mihi
773 905 1085 977 promtum
1153 905 1245 955 est
1314 894 1513 955 dicere
1582 897 1731 976 quid
1798 907 2083 957 statuam.

303 998 676 1075 Hesychius:
737 1003 1079 1079 Βαιιῦμφαι
1135 998 1198 1057 αἱ
1253 996 1419 1082 αἶγες
1462 999 1528 1059 ἐν
1566 998 1916 1079 ἱερατικοῖς·
1963 1015 2084 1075 quo

302 1100 561 1158 nomine
594 1106 799 1156 utrum
844 1097 1005 1174 leges
1051 1095 1456 1155 dedicationis
1497 1105 1559 1154 et
1593 1095 1792 1174 elogia
1827 1096 2086 1176 templo-

303 1218 442 1259 rum
512 1216 593 1257 an
660 1197 1083 1257 commentarii
1150 1214 1458 1255 sacrorum
1521 1203 1583 1253 et
1635 1194 1779 1254 libri
1834 1195 2088 1255 rituales

305 1299 741 1376 significentur,
810 1306 871 1355 et
940 1305 1124 1375 caput
1179 1297 1385 1374 ipsum
1442 1294 1680 1372 glossae
1733 1313 1882 1354 num
1938 1298 2088 1355 satis

304 1417 521 1459 sanum
577 1399 689 1467 sit,
745 1416 783 1456 a
839 1395 1213 1456 doctioribus
1268 1393 1481 1454 audire
1541 1395 1738 1474 cupio.
1825 1395 1898 1454 In
1940 1394 2088 1454 Plu-

304 1499 499 1558 tarchi
556 1497 773 1576 Symp.
827 1495 929 1555 IV.
991 1494 1238 1568 Quaest.
1295 1496 1370 1554 ΙΙ.
1427 1496 1484 1555 2.
1548 1494 1686 1554 172.
1745 1493 1851 1556 καὶ
1891 1492 2089 1576 ταύτῃ

304 1597 710 1684 γνωρίζοντες
782 1598 840 1659 οἱ
899 1597 1039 1678 παρ’
1107 1596 1256 1677 ἡμῖν
1314 1597 1488 1678 ἱερεῖς
1551 1594 1714 1658 αὐτοὶ
1766 1601 2086 1668 καλοῦσιν,

304 1698 420 1778 τὴν
472 1698 602 1780 ἶριν
655 1693 1207 1779 ὑπολαμβάνοντες
1264 1693 1683 1773 ἐπισκήπτειν,
1737 1701 1900 1752 recte
1942 1711 2090 1753 sane

307 1815 421 1876 pro
479 1799 653 1876 ἱερεῖς
709 1793 873 1858 αὐτοὶ
931 1794 1268 1855 Salmasius
1325 1793 1656 1877 ἕρίσκηπτα
1700 1791 2089 1854 substituisse

307 1895 571 1957 videtur.
659 1894 783 1955 Sed
826 1893 982 1954 illud
1025 1913 1062 1955 a
1104 1895 1292 1954 Festo
1336 1893 1631 1953 traditum
1675 1913 1737 1974 p.
1783 1892 1884 1953 66.
1959 1890 2089 1953 Ca-

306 1997 474 2076 pita
530 1995 843 2055 deorum
906 1993 1517 2075 appellabantur
1574 1993 1945 2054 fasciculi
1987 1992 2090 2053 fa-

310 2098 414 2156 cti
458 2095 547 2155 de
590 2095 774 2157 verb
791 2097 986 2168 eniS,
1041 2097 1201 2154 inter
1245 2094 1526 2175 exempla
1568 2095 1953 2175 tropologiae
1995 2113 2090 2154 sa-

310 2196 585 2256 crificalis
644 2195 871 2255 referre
925 2193 1095 2253 haud
1135 2193 1384 2274 pigebit.
1473 2191 1736 2265 Clarius
1754 2193 1922 2254 idem
1965 2194 2089 2254 alio

308 2296 476 2356 loco:
548 2295 878 2376 Struppi
943 2302 1330 2357 vocantur
1400 2295 1477 2353 in
1532 2293 2089 2375 pulvinaribus

310 2396 682 2456 fasciculi
726 2394 816 2454 de
859 2395 1228 2456 verbenis
1272 2393 1495 2467 facti,
1561 2397 1690 2474 qui
1731 2413 1870 2474 pro
1915 2393 2087 2454 deo-

310 2513 472 2554 rum
532 2494 930 2574 capitibus
987 2499 1404 2573 ponuntur.
1492 2491 1607 2553 Cui
1651 2493 1818 2574 quod
1862 2490 2085 2553 cheno»

312 2597 444 2654 zius
459 2595 534 2676 [θ]
580 2595 868 2675 apponit,
926 2602 994 2651 ut
1035 2593 1236 2651 simile
1251 2636 1269 2665 ,
1326 2592 1623 2672 Stephani
1665 2595 2090 2655 testimonium

315 2695 392 2754 de
432 2696 619 2754 ramis
663 2694 882 2773 pineis,
926 2692 1145 2772 quibus
1188 2693 1476 2752 mulieres
1520 2711 1768 2770 graecae
1811 2703 2088 2774 tempore

315 2794 846 2875 Thesmophorion
912 2793 1101 2852 lectos
1155 2795 1489 2852 insternere
1546 2793 1855 2868 solebant,
1909 2787 2088 2871 longe

317 2896 585 2955 alienum
628 2903 738 2954 est.
813 2891 1070 2973 Struppi
1113 2895 1277 2953 enim
1321 2901 1464 2953 sunt
1507 2912 1768 2954 coronae
1810 2892 2086 2966 deorum,

320 3012 476 3073 quae
530 2996 596 3053 in
651 2995 1061 3067 lectisterniiS‚
1119 3002 1271 3074 puto
1286 3037 1304 3067 ‚
1360 2995 1621 3075 privatis
1664 2995 1837 3074 (nam
1880 2995 2088 3074 priva-

437 3190 518 3261 [†]
551 3205 592 3233 v.
623 3191 872 3233 Schneider.
902 3191 1009 3235 Lex.
1040 3206 1075 3234 s.
1101 3206 1142 3237 v,
1171 3187 1329 3248 Νόμος
1357 3181 1413 3245 ἦν
1441 3189 1496 3233 τὰ
1526 3186 1863 3261 ὑπολειπόμενα
1891 3189 1966 3243 τῆς
1993 3192 2085 3232 θυ-

322 3252 420 3297 σίας
447 3246 525 3291 τὸν
554 3250 675 3307 ἱερέα
704 3246 950 3307 λαμβάνειν
978 3249 1121 3293 Schol.
1152 3249 1283 3292 Arist.
1314 3248 1430 3291 Plut.
1461 3247 1587 3291 1186.
1625 3245 1716 3296 Τὰς
1743 3250 1907 3296 θυσίας
1935 3244 2085 3290 αὐτῶν

321 3303 599 3378 ἀποδόμενοι
628 3310 672 3351 οἱ
699 3308 808 3368 ιειρε
812 3325 832 3357 ς
861 3324 1002 3366 καταχ
1033 3311 1167 3352 ὤνται
1196 3308 1273 3350 καὶ
1302 3308 1351 3349 αἱ
1390 3310 1599 3363 γυναῖκες
1639 3304 1786 3350 αὐτῶν
1821 3303 1894 3350 ἀπ’
1938 3303 2086 3349 αὐτων

321 3361 631 3425 ταριχεύουσαι
660 3367 813 3409 Jerem
842 3366 911 3423 Ep
914 3367 983 3410 ist.
1004 3324 1136 3410 εἰ.27

438 3425 484 3479 [⁰
493 3423 510 3479 ]
555 3424 693 3481 Saggi
721 3425 765 3469 di
796 3382 974 3470 Disspert.
1006 3426 1047 3470 d.
1079 3425 1256 3470 Cotton.
1294 3424 1349 3467 Τ.
1383 3422 1590 3480 P.11.p.
1623 3422 1719 3464 111.
