2150 3814
783 195 1331 240 SAMOTHRACIA.
1783 179 1944 243 1187

175 345 412 408 cunque
465 329 643 389 istius
695 324 940 386 fabulae
991 331 1239 395 auctor,
1298 321 1377 381 ad
1403 321 1742 382 'Telchinas
1786 325 1946 384 Rho-

175 425 333 494 die&
370 426 724 493 traducum-2
770 442 936 496 esse,
957 440 1272 502 quorum.
1308 423 1374 485 in
1395 422 1949 486 znumeroffiereba-

175 537 272 594 tur
324 526 603 602 Lycus-2,
641 523 846 602 Hujus
877 531 1110 584 autem
1154 541 1292 582 cum
1335 522 1542 599 Lyciis
1585 524 1949 582 commercia

171 641 296 694 non
309 656 326 690 4
348 626 534 703 prius»
548 651 559 687 4
575 625 852 704 coepisse
906 623 1167 688 arbitror
1223 640 1406 701 quam
1430 619 1687 682 Rhodii.
1727 622 1792 680 in
1820 621 1949 680 :hac

170 724 415 799 regione
456 722 681 804 pedem
699 781 703 786 ,
722 725 1074 804 posuissent
1115 721 1417 806 urbesque
1431 748 1443 784 .-
1458 722 1713 800 aliquot:
1737 719 1950 780 condi-
2027 746 2031 751 ··

170 821 434 897 dissent,
462 825 699 902 ignota
721 860 727 864 »
753 833 913 884 certe
966 821 1319 895 Herodoto,
1371 816 1487 901 'qui
1541 820 1953 887 Tremilarum

169 933 409 1000 gentem
468 942 506 984 a
560 923 729 1001 Lyco
743 967 762 997 ,
819 922 1153 983 Pandionis
1195 922 1354 992 filio„
1399 922 1947 990 transnominatam

170 1033 363 1103 putat.
407 1044 477 1087 v„
514 1023 770 1088 Staver„
798 1022 878 1083 ad
919 1022 1194 1082 Lactant.
1238 1022 1306 1079 L.
1338 1020 1438 1078 VI.
1472 1019 1543 1077 F.
1587 1019 1646 1078 4.
1693 1018 1949 1080 Observ.

167 1123 342 1184 Misc.
399 1123 653 1191 Amstel.
709 1122 778 1184 T.
824 1121 982 1180 VIII.
1017 1119 1141 1178 66.
1171 1136 1367 1197 neque
1409 1116 1674 1179 Pindaro
1721 1116 1951 1189 audita,

167 1225 289 1302 qui.
315 1224 395 1287 ‚in
423 1282 427 1287 ,
451 1223 718 1284 carmine
772 1219 852 1279 ad
906 1217 1181 1306 Rhodios
1198 1219 1467 1301 scripto
1523 1217 1789 1278 insulam
1844 1214 1951 1277 diu

166 1324 233 1382 in
273 1320 467 1387 fundo
514 1320 788 1382 abditam
800 1359 821 1394 -,
867 1319 1278 1398 simulatque
1320 1320 1387 1377 in
1429 1318 1628 1378 lucem
1654 1319 1952 1378 'emersis-

169 1432 294 1496 set,
351 1422 486 1482 Soli
544 1439 780 1482 cessam
834 1421 902 1478 in
958 1437 1151 1499 eaque
1206 1419 1445 1499 primos
1487 1419 1847 1479 mortalium
1892 1427 1952 1476 et
2038 1453 2042 1457 -

167 1533 346 1584 natos
416 1531 479 1580 et
553 1521 784 1580 locatos
843 1538 977 1579 esse
1032 1518 1247 1577 cecinit
1300 1516 1634 1591 HeliadaS,
1655 1549 1666 1560 ›⁴
1696 1537 1953 1598 operum
2034 1532 2039 1543 ³

168 1624 638 1703 artificiosorum
692 1619 922 1680 fabrica
973 1619 1217 1678 inclitos
1262 1626 1553 1696 tantaque
1597 1619 1872 1678 sollertia
1916 1638 1953 1677 a

170 1724 452 1784 Minerva
493 1724 823 1781 instructos
867 1730 936 1779 ut
977 1729 1210 1779 statuas
1267 1718 1331 1774 in
1391 1718 1511 1779 viis
1560 1718 1947 1793 'inambulan-

169 1832 261 1883 tes
317 1820 482 1882 haud
537 1821 715 1880 aliter
770 1838 840 1879 ac
894 1820 946 1878 si
991 1819 1274 1879 viverent
1317 1815 1640 1894 perfecisse
1685 1816 1952 1878 diceren—

171 1933 268 1983 tur
313 1921 407 1981 01.
454 1920 581 1980 vn.
626 1920 726 1981 93.
746 1917 822 2000 [k]

968 2146 1021 2225 ξ.
1111 2126 1167 2204 3.

345 2320 557 2380 Testes
614 2319 840 2389 nostri,
883 2334 1036 2396 quos
1081 2333 1271 2395 usque
1316 2314 1513 2373 adhuc
1555 2316 1953 2390 interrogavi-

174 2440 343 2494 mus,
398 2437 614 2478 omnes
657 2419 817 2477 inter
863 2435 929 2475 se
973 2417 1394 2485 consentiunt,
1439 2413 1758 2473 Telchines
1802 2423 1952 2472 natu

171 2518 446 2580 Rhodios
502 2518 693 2578 fuisse
748 2535 1005 2596 cumque
1062 2513 1418 2587 Curetibus,
1471 2514 1788 2590 Dactylis,
1836 2510 1952 2572 Co-

291 2691 367 2747 [k]
423 2689 570 2732 Suave
619 2693 686 2731 est
724 2687 871 2730 videre
921 2685 1269 2742 quemadmodum
1312 2686 1664 2741 Mythologorum
1703 2683 1951 2740 patriarcha

177 2749 311 2794 Aldus
341 2747 565 2791 Manutius
591 2747 702 2789 hanc
730 2746 921 2789 fabulam
950 2745 1146 2788 enucleat
1182 2745 1226 2786 in
1264 2744 1477 2786 Tractatu
1517 2744 1571 2785 de
1612 2742 1781 2784 Statuis
1819 2742 1950 2783 Ama—

177 2807 288 2851 ducii
316 2806 548 2850 Anecdotis
576 2805 685 2848 Litt.
714 2804 876 2847 inserto
905 2804 1002 2848 Vol.
1032 2804 1091 2846 ΙΙ.
1121 2802 1219 2845 266.
1270 2803 1314 2844 Η
1327 2818 1355 2844 u
1363 2803 1381 2857 j
1394 2817 1421 2844 u
1433 2817 1503 2845 sm
1519 2816 1543 2844 o
1558 2802 1610 2844 di
1641 2816 1661 2842 s
1673 2800 1786 2857 piri
1799 2800 1881 2843 ti'b
1893 2816 1920 2844 u
1930 2815 1951 2842 s

180 2865 562 2910 daemoniacis
614 2863 771 2906 intus
812 2899 817 2902 ,
835 2862 1082 2906 inclusis
1138 2867 1318 2903 motae
1365 2861 1678 2903 creduntur
1724 2864 1950 2902 statuae

180 2924 570 2967 Telchinorum
613 2921 992 2979 producentes
1035 2920 1123 2977 plu
1138 2922 1278 2971 vias,
1327 2920 1608 2970 tonitrua,
1631 2928 1634 2931 '
1655 2920 1821 2960 vento
1836 2933 1856 2959 s
1893 2923 1949 2959 et

182 2982 329 3026 alios
369 2983 644 3034 affectus3
688 2980 911 3038 pariter
950 2985 1146 3022 statua
1194 2978 1457 3029 Daedali,
1501 2976 1856 3020 Promethaei
1896 2980 1950 3018 et

184 3056 207 3083 c
221 3055 246 3082 o
258 3040 274 3082 l
286 3054 315 3082 u
327 3053 367 3082 m
378 3041 408 3083 b
420 3055 446 3084 a
488 3043 526 3083 Α
536 3054 559 3083 r
571 3040 630 3082 ch
643 3054 672 3096 y
682 3046 702 3082 t
714 3054 740 3081 a
753 3054 776 3081 e
818 3043 902 3081 etc.
962 3038 1103 3081 Miror
1143 3051 1218 3078 cur
1257 3036 1446 3078 omiserit
1482 3035 1653 3079 Juaneli
1690 3035 1947 3077 Automaton

185 3098 414 3141 Valenciae
443 3113 520 3156 per
547 3099 641 3141 vias
672 3098 770 3141 olim
800 3097 1019 3140 ambulare
1050 3096 1217 3138 solitum
1248 3111 1288 3137 v.
1312 3094 1488 3137 Fiorillo
1520 3095 1679 3137 Gesch.
1710 3093 1798 3135 derv
1818 3092 1947 3135 Mah-

185 3157 291 3200 lerei
329 3171 371 3213 p.
402 3157 424 3199 1
434 3159 499 3199 10.
529 3157 582 3199 D.
641 3157 813 3200 Similes
837 3155 1115 3199 Heliadarum
1146 3160 1311 3197 statuas
1341 3153 1563 3211 praedicat
1590 3152 1805 3195 Pindarus
1834 3152 1947 3208 ἔργα

189 3218 364 3265 ζωοῖσιν
392 3212 657 3274 ἑρπόντεσσί
691 3215 733 3258 θ’
779 3212 914 3273 ὁμοῖα
956 3217 1159 3259 κέλευθοι
1197 3216 1354 3270 φέρον.
1397 3212 1510 3268 quod
1549 3226 1601 3254 ne
1642 3211 1736 3267 quis
1775 3217 1823 3252 ut
1863 3210 1946 3251 fide

187 3274 322 3328 majus
350 3287 427 3329 pro
456 3273 673 3317 mendacio
704 3275 836 3317 ducat
845 3307 858 3326 ‚
889 3274 1069 3330 provide
1101 3272 1220 3314 addit
1252 3271 1400 3315 δαέντι
1427 3270 1478 3314 δὲ
1510 3273 1584 3313 καὶ
1612 3273 1755 3327 σοφία
1783 3268 1946 3327 μείζων

189 3327 349 3379 ἄδολος
401 3333 568 3377 τελέθει
582 3366 591 3386 ,
649 3333 801 3388 quibus
848 3333 989 3375 verbis
1043 3331 1208 3387 magica
1260 3340 1303 3372 et
1357 3328 1642 3386 praestigiosa
1665 3353 1667 3355 v
1694 3327 1947 3370 Telchinum
