2184 3840
267 235 393 297 812
798 251 1032 296 mann
1077 253 1504 298 SECUNDUS.

265 380 376 439 tim
435 379 865 462 olympiodori
921 383 1270 443 testimonio
1326 382 1405 442 ad
1461 383 1765 447 Phaedon.
1823 404 1883 447 c.
1927 384 2025 444 61.

263 499 323 561 p.
368 480 528 542 474.
556 481 751 543 Fisch.
798 491 859 541 et
903 481 1323 559 Wyttenbach.
1366 502 1427 563 p.
1465 483 1606 544 316.
1651 488 1710 549 οἱ
1749 485 2028 566 τέτταρες

263 581 528 662 ποταμοὶ
583 582 662 643 τὰ
717 584 986 663 τέσσαρα
1045 587 1342 661 στοιχεῖα,
1389 583 1422 645 ὅ
1466 582 1584 664 μὲν
1623 582 1916 653 Ὠκεανὸς
1955 583 2026 646 τὸ

263 682 433 764 ’ὕδωρ
493 717 575 726 --
621 681 652 742 ὃ
699 679 766 742 δὲ
805 681 1062 763 Ἀχέρων
1117 680 1149 743 ὅ
1197 677 1314 759 ἀήρ
1356 718 1439 727 -
1482 682 1581 746 διὸ
1626 684 1730 747 καὶ
1765 682 2028 766 Ὀρφεὺς

260 782 373 861 τὴν
423 777 815 859 Ἀχερουσίαν
868 779 1092 860 λίμνην
1147 778 1365 861 ἀερίοιν
1420 787 1592 845 καλεῖ
1611 783 1686 864 [²]
1746 781 2028 864 idemque

262 899 361 959 ap.
407 878 656 938 Gesner.
699 880 765 938 in
807 877 1046 956 Fragm.
1089 876 1255 937 Ined.
1299 897 1358 959 p.
1403 879 1544 940 410.
1597 884 1692 944 ὅτι
1734 886 1794 946 οἱ
1833 868 2029 965 παρα-

259 975 574 1061 διδόμενοι
616 977 902 1061 τέσσαρες
944 977 1212 1061 ποταμοὶ
1239 977 1410 1042 κατὰ
1454 978 1584 1059 τὴν
1606 981 1878 1065 Ὀρφέως
1898 994 2029 1047 ἑπα-

260 1076 520 1162 ράδοσιν
575 1083 702 1147 τοῖς
754 1077 1061 1164 ὑπογείοις
1119 1079 1492 1162 ἀναλογοῦσι
1517 1078 1822 1164 ,τέσσαρσι
1854 1096 2030 1145 στω·-

250 1177 437 1258 χείοις
478 1203 541 1239 τε
584 1177 689 1239 καὶ
731 1179 1002 1260 κέντροις
1043 1176 1360 1242 κατὰεδύο
1405 1180 1776 1262 ἀντιθέσεις·
1804 1182 1866 1246 ,(ῑὸ
1890 1180 2029 1263 μὲν

256 1278 378 1364 γὰρ
426 1278 924 1362 Πυριφλεγέθων
993 1283 1082 1358 τῷ
1137 1277 1290 1359 πυρὶ.
1338 1277 1444 1343 καὶ
1473 1286 1572 1360 ,τῇ
1630 1282 1934 1366 ἀνατολῇ,
1991 1281 2024 1343 ὃ

162 1420 166 1424 -
255 1377 326 1441 δὲ
370 1377 662 1446 Κωκυτὸς
714 1384 788 1457 τῇ
848 1384 927 1461 γῇ
985 1375 1089 1438 καὶ
1133 1374 1338 1450 δύσει,
1394 1377 1427 1439 ὅ
1488 1376 1554 1440 δὲ
1594 1378 2029 1466 Ἀχέρωνιάἑρι

254 1502 318 1538 τε
361 1477 466 1540 καὶ
505 1475 891 1558 μεσημβρίᾳ·
935 1473 1196 1545 τούτους
1235 1475 1354 1557 μὲν
1391 1469 2030 1562 Ὀρφεὺςοῧταὶῑδιέ-

254 1579 464 1646 ταξεν·
525 1576 715 1645 αὐτὸς
772 1574 841 1637 δὲ
895 1574 1010 1637 τὸν
1058 1575 1358 1642 Ὠκεανὸν
1412 1583 1502 1657 τῷ
1557 1563 2027 1657 ὕδατιγκαὲζὲτῇ

255 1678 463 1759 ἄρκτῳ
529 1679 920 1757 ιτῑροςοικειοῖ,Ι
989 1672 1152 1732 unde
1209 1673 1365 1740 nihil,
1419 1656 1809 1751 addiscimus,
1846 1693 2030 1754 quam

252 1774 582 1836 fluviorum
635 1774 912 1847 nomina3
978 1790 1121 1832 nam
1165 1773 1588 1852 interpretatio
1631 1775 1752 1834 ista
1793 1793 1870 1835 ex
1911 1775 2030 1852 Py-

253 1875 701 1952 thagoricorum
745 1873 996 1951 argutiis
1038 1871 1295 1946 redolet,
1339 1874 1617 1932 omnium
1653 1893 1858 1944 rerum
1881 1892 2028 1933 ana-

251 1974 445 2053 logias
499 1974 930 2046 scrutantium,
985 1970 1063 2030 de
1107 1989 1227 2052 quo
1274 1968 1340 2032 C.
1382 1972 1490 2033 IX.
1536 1972 1756 2034 dicturi
1798 1992 2026 2034 sumuS.

253 2071 536 2154 Ceterum
580 2073 729 2137 haec
769 2075 908 2154 ipsa
951 2069 1232 2145 Cerberi,
1277 2069 1603 2149 CharoniS,
1644 2072 1876 2145 Lethae
1916 2092 2027 2132 no-

252 2176 424 2235 mina
465 2182 609 2254 post
648 2171 911 2232 Homeri
952 2174 1316 2232 memoriam
1359 2173 1709 2237 introducta
1742 2175 2026 2257 carminis

253 2274 538 2355 Orphici,
595 2272 693 2332 cui
746 2271 939 2341 insita,
988 2269 1201 2344 fuere,
1245 2271 1587 2333 novitatem
1643 2283 1904 2352 arguunt
1943 2310 2027 2321 -.

249 2374 569 2433 Postremo
615 2371 739 2430 duo
785 2370 989 2430 Servii
1030 2370 1381 2448 testimonia
1435 2371 1514 2432 ob
1556 2373 2026 2438 similitudinem

252 2471 594 2550 argumenti
649 2467 731 2528 ad
773 2467 934 2527 hunc
974 2467 1179 2528 locum
1219 2456 1499 2529 referam.
1583 2469 1686 2530 Ad
1724 2470 1878 2533 Aen.
1921 2471 2024 2532 VI.

254 2569 396 2631 556.
450 2571 701 2630 fertur
755 2567 847 2628 ab
906 2565 1212 2648 Orpheo
1263 2568 1471 2647 quod
1518 2568 1633 2631 dii
1675 2571 2024 2651 peJeran-

251 2680 374 2730 tes
439 2691 573 2752 per
627 2669 972 2746 Stygiam
1045 2666 1406 2747 paludem
1469 2687 1744 2738 novem
1798 2690 2023 2732 anno-

251 2790 412 2831 rum
466 2770 730 2850 spatio
785 2768 1222 2848 puniuntur
1273 2769 1351 2827 in
1409 2767 1753 2831 Tartaro.
1833 2772 2021 2833 ›ldem

254 2869 338 2929 ad
406 2889 465 2931 v.
509 2870 652 2930 392.
715 2867 1029 2928 Lectum
1098 2868 1208 2931 in,
1247 2866 1557 2948 Orpheo
1586 2881 1759 2946 est,
1821 2873 2022 2953 quod

255 2967 558 3048 quando
623 2965 998 3029 Hercules
1065 2965 1159 3026 ad
1224 2952 1541 3030 inferos*
1590 2957 2020 3045 descendit,

256 3065 561 3131 Charon
617 3069 946 3129 territus
1003 3067 1273 3126 statim
1332 3086 1500 3129 eum
1540 3072 1871 3151 recepit,
1926 3071 2018 3131 ob

259 3186 474 3246 quam
542 3186 697 3229 rem
765 3185 959 3229 anno
1015 3168 1323 3244 integro
1378 3169 1457 3227 in
1514 3169 2018 3250 compedibus

376 3337 438 3393 [a]
473 3337 573 3379 Pari
616 3350 813 3380 successu
848 3335 960 3379 idem
990 3352 1031 3394 p.
1061 3336 1159 3380 328.
1188 3336 1410 3388 Semelen,
1455 3337 1659 3394 Agauen,
1699 3338 1778 3382 Ino
1809 3343 1854 3382 et
1883 3339 2016 3382 Auto-

261 3407 367 3437 noen
397 3401 581 3452 quatuor
609 3396 907 3439 elementorum
937 3394 1128 3452 symbola
1161 3409 1254 3438 esse
1283 3392 1486 3454 disputat.
