2150 3814
730 236 1283 283 sAMoTnRAorA.
1724 216 1886 281 1339

125 370 844 439 Herceus-Penates
901 364 1487 426 Atheniensium
1545 373 1766 421 erant
1809 384 1888 425 aze

126 472 296 529 illis
327 512 330 516 -
364 472 672 551 positas
702 460 704 462 ’
740 468 1013 546 quivis
1060 464 1417 524 'habebat
1473 475 1704 537 aras32
1743 482 1889 539 my-

128 558 690 649 sticisffluoque
733 569 978 626 sacris
1023 564 1477 645 quibusdam
1527 563 1647 622 'his
1703 558 1889 622 fieri

127 671 449 728 solitum
508 665 704 726 haud
764 666 1214 725 difficulter
1273 663 1502 723 credo
1546 664 1890 722 illorum-

128 788 269 848 que
315 768 820 831 enarratione
878 768 1226 845 quemvis
1282 784 1359 824 se
1417 766 1661 824 civem
1725 782 1890 844 pro-

124 868 347 927 basse
404 869 789 927 existim0.
888 866 959 925 Id
1016 867 1236 924 merito
1295 864 1609 945 improbat
1669 864 1892 924 Sellius

127 967 381 1029 Observ.
448 966 671 1027 XVIII.
739 988 799 1047 p.
861 967 998 1028 133.
1066 965 1174 1024 sed
1239 965 1583 1030 rationibus
1640 967 1893 1024 minime

122 1059 394 1141 idoneis,
455 1070 636 1147 quia
690 1067 1071 1145 inquilini
1127 1065 1749 1139 haecmysteria
1791 1066 1895 1123 fa-

126 1169 276 1227 cile
319 1187 356 1228 a
392 1164 842 1246 junioribus
886 1165 1170 1238 elicere
1215 1171 1289 1219 et
1320 1153 1645 1222 insszfuum
1678 1180 1892 1222 usum

124 1269 436 1327 trahere
506 1266 961 1346 potuissent
1027 1270 1101 1320 et
1166 1263 1344 1341 quia
1409 1279 1558 1320 non
1639 1254 1901 1323 omnes

125 1370 337 1428 cives
380 1367 503 1424 ‘iis
567 1356 877 1422 initiati
951 1380 1118 1421 esse
1186 1368 1649 1442 potuerunt,
1718 1365 1903 1443 quia

121 1467 435 1548 proprii
518 1460 778 1523 eorum
851 1472 1073 1522 erant
1139 1463 1485 1521 cultores
1545 1465 1892 1549 Ὄργεῶνες.

125 1567 287 1641 Quin
332 1585 503 1626 sacra
547 1565 868 1643 orgeonica
913 1582 949 1623 a
994 1563 1298 1643 principio
1343 1565 1604 1640 mystica
1647 1565 1893 1638 fuerint,

119 1669 236 1727 hoc
278 1674 374 1726 est
414 1656 562 1727 solis
606 1664 931 1742 gentilibus
974 1672 1155 1736 nota,
1199 1664 1452 1722 minime
1497 1663 1744 1738 dubito,
1785 1665 1896 1724 sed

119 1770 244 1827 illis
288 1765 695 1846 temporibus,
751 1765 970 1845 quibus
1016 1774 1288 1822 oratores
1333 1765 1502 1822 attici
1546 1763 1896 1840 floruerunt,

119 1869 309 1928 ullam
354 1868 567 1925 secreti
611 1867 875 1946 speciem
919 1859 1220 1923 retentam
1267 1881 1418 1935 esse,
1461 1864 1615 1928 nihil
1650 1876 1742 1925 est
1774 1885 1894 1945 quo

120 1969 462 2029 confirmari
505 1967 719 2045 possit.
790 1963 949 2024 Illud
993 1983 1145 2027 vero
1191 1964 1597 2044 explicatione
1638 1982 1762 2023 non
1804 1966 1897 2023 in-

120 2067 370 2146 dignum
425 2065 706 2139 videtur,
775 2065 1137 2144 quibusnam
1208 2064 1326 2123 diis
1397 2082 1717 2141 orgeones,
1755 2067 1896 2144 .qui

119 2169 371 2249 proprie
412 2167 502 2225 ita
545 2164 847 2238 dicuntur,
891 2167 1128 2245 operati
1171 2166 1320 2238 sint3
1364 2163 1475 2222 sed
1519 2164 1673 2224 hanc
1715 2158 1890 2245 quae-

122 2270 383 2329 stionem
428 2266 796 2344 conjunctim
842 2285 977 2326 cum
1020 2267 1227 2347 priore
1271 2264 1683 2325 tractabimus.

295 2692 1385 2794 EPIME'TRUM
1518 2712 1718 2793 lv.

338 2943 363 2950 ι.
616 2866 693 2917 ad
746 2864 807 2921 c,
843 2865 912 2921 v.
966 2874 1013 2934 ς.
1055 2867 1137 2921 14.
1188 2875 1316 2919 not.
1356 2882 1398 2919 s.
1632 2851 1635 2854 ’

293 3022 595 3085 Eusebius
639 3008 734 3110 Pr.
779 3025 895 3088 Ev.
939 3027 985 3086 I.
1028 3025 1128 3087 40.
1172 3025 1252 3086 D.
1310 3026 1342 3088 ὃ
1389 3014 1453 3090 δ’
1500 3023 1687 3094 αὐτὸς
1730 3022 1888 3105 (Φί-

125 3122 276 3204 λων)
320 3124 459 3207 περὶ
497 3133 624 3191 τῶν
669 3126 986 3191 Φοινίκων
1032 3125 1367 3207 στοιχείων,
1405 3129 1470 3190 ἐκ
1523 3133 1654 3189 τῶν
1712 3131 1890 3210 Σαγ-

118 3222 556 3304 χουνιάθωνος
612 3226 987 3311 μεταβαλών
1028 3228 1151 3290 θέα
1183 3226 1256 3309 [³]
1322 3225 1504 3292 ὁποῖά
1558 3247 1710 3310 φησι
1751 3224 1889 3308 περὶ

244 3384 313 3441 [⁸]
370 3385 489 3430 Male
516 3385 702 3430 Orellius
731 3401 772 3444 p.
802 3385 874 3431 44.
915 3392 1022 3432 θεῖα
1053 3386 1198 3431 edidit.
