2150 3814
729 195 1283 246 sAMoT-HRAOIA.
1742 191 1900 253 1241

142 333 362 414 quibus
405 333 630 411 graecis
668 329 865 390 literis
908 328 1316 410 subscriptum
1360 347 1584 392 nomen
1618 333 1875 403 Δένατες
1887 361 1906 409 ,-

139 434 253 493 hos
317 451 450 492 esse
516 448 627 493 sua
656 432 1000 510 opinione
1028 430 1223 507 gentis
1279 429 1590 491 Romanae
1650 431 1909 492 Penates

137 535 371 611 patrios
428 549 506 590 ex
525 558 530 562 ·
550 527 824 589 Arcadia
877 532 943 589 in
1004 529 1519 602 Samothraciam,
1575 530 1716 590 hinc
1758 529 1911 590 Tro-

130 633 281 708 jam,
323 627 468 688 inde
509 627 586 688 ab
628 627 841 689 Aenea
881 631 948 689 in
989 629 1231 689 Italiam
1273 628 1398 690 11113
1440 648 1577 691 cum
1619 628 1909 690 Palladiis

135 728 447 788 deductos.
561 727 858 789 Similiter
924 727 1119 788 Varro
1188 729 1496 789 statuebat
1548 728 1909 791 Dardanum

136 827 391 887 Penates
446 847 523 887 ex
573 828 889 889 Arcadiae·
927 828 1081 888 urbe
1135 828 1378 888 Pheneo
1434 828 1516 890 ad
1559 827 1910 890 Samothra-

135 948 232 987 ces
252 971 270 1000 ,
326 927 550 987 deinde
592 931 658 989 in
699 930 1057 1006 Phrygiam,
1103 927 1180 987 de
1222 928 1487 1005 Phrygia
1526 927 1803 989 Aeneam
1844 932 1911 990 in

136 1028 376 1087 Italiam
436 1027 792 1107 deportasse
843 1025 1112 1086 Macrob.
1170 1026 1298 1085 Sat.
1351 1027 1455 1084 ΙΠ.
1510 1027 1570 1086 4.
1615 1028 1787 1089 Serv.
1831 1027 1914 1088 ad

134 1127 285 1186 Aen.
329 1128 374 1186 I.
419 1128 561 1186 378.
605 1122 993 1202 111..148.[¹].
1077 1123 1509 1203 Antiquissimi
1538 1125 1734 1203 ·hujus
1778 1145 1913 1186 sen-

135 1230 363 1285 tentiae
386 1235 682 1286 auctores
725 1233 868 1283 sunt
910 1225 988 1296 ii,
1031 1241 1185 1303 quos
1227 1223 1569 1301 Dionysius
1613 1225 1913 1311 adhibuit,

137 1326 410 1403 Satyrus
427 1325 543 1405 [¹¹¹]
580 1332 643 1387 et
701 1321 1116 1396 Callistratus,
1184 1323 1365 1383 ambo
1421 1317 1760 1386 Aristarchi
1814 1346 1913 1387 ae-

135 1427 372 1506 qualeS,
400 1459 402 1461 v
431 1426 799 1504 posteriores
857 1423 1144 1496 Timaeo,
1205 1426 1310 1503 qui
1361 1426 1599 1504 primus
1654 1425 1914 1487 deorum

135 1526 545 1604 Trojanorum
588 1525 916 1584 simulacra
956 1523 1203 1585 Lavinii
1247 1523 1543 1584 collocata
1598 1544 1729 1586 esse
1769 1546 1913 1607 pro-

134 1625 323 1700 didit,
380 1643 605 1705 eosque
662 1643 872 1684 omnes
926 1626 1318 1707 perspicuum
1374 1636 1497 1698 est,
1552 1624 1701 1685 deos
1744 1646 1914 1705 mag-

132 1745 247 1786 nos
292 1725 758 1786 Samothracum
811 1741 1069 1783 numero
1132 1724 1317 1796 duos,
1375 1741 1525 1782 sexu
1568 1726 1770 1798 viros,
1815 1745 1913 1785 ae-

133 1835 260 1884 tate
314 1843 494 1903 pares
546 1825 823 1897 finxisse,
881 1821 1046 1902 quod
1090 1823 1443 1900 longissime
1487 1823 1792 1906 discrepat
1835 1826 1912 1887 ab

132 1942 348 1982 eorum
404 1924 675 1997 ratione,
732 1928 836 2003 qui
878 1931 986 1983 aut
1030 1919 1312 1983 Cererem
1356 1923 1765 2006 Liberamque
1808 1937 1915 1987 aut

133 2024 366 2083 Rheam
408 2025 475 2089 in
516 2023 868 2089 insulailla
911 2041 1084 2083 sacra
1127 2024 1246 2082 coli
1289 2026 1746 2099 existimarunt,
1803 2026 1914 2086 sed

134 2125 390 2204 propius
449 2122 683 2182 accedit
736 2122 891 2195 illis,
959 2124 1064 2201 qui
1119 2133 1225 2182 aut
1275 2123 1640 2183 Dardanum
1700 2134 1764 2183 et
1818 2127 1912 2187 Ia-

134 2225 372 2283 sionem
414 2231 524 2281 aut
564 2220 786 2284 Jovem
833 2233 894 2281 et
935 2222 1224 2282 Liberum
1254 2220 1614 2284 Cabirorum
1659 2227 1912 2286 nomine

136 2322 742 2404 comprehenderunt.
805 2320 1090 2383 Ceterum
1132 2325 1315 2383 istam
1361 2323 1617 2383 deorum
1661 2343 1913 2403 magno-

134 2443 274 2483 rum
316 2424 868 2503 peregrinationem
910 2425 1115 2484 fictam
1159 2441 1291 2483 esse
1336 2433 1398 2482 et
1439 2423 1520 2484 ad
1555 2425 1909 2486 confirman-

134 2523 279 2583 dam
323 2523 678 2583 Parrhasiae
736 2525 984 2602 originis
1025 2523 1211 2584 fidem
1255 2522 1431 2583 docte
1483 2527 1910 2604 compositam,

135 2634 261 2684 tam
317 2633 548 2684 certum
601 2621 878 2698 videtur,
933 2643 1118 2705 quam
1175 2632 1390 2704 aperta
1425 2633 1537 2682 ‘est
1579 2643 1762 2685 causa
1801 2627 1913 2686 fin-

137 2721 331 2802 gendi.
430 2721 675 2804 Quippe
742 2743 964 2784 nomen
1022 2725 1137 2785 dii
1193 2724 1443 2802 magni
1500 2725 1615 2782 etsi
1671 2726 1909 2805 perlate

141 2935 312 2979 deorum
339 2937 616 2994 paredi-orum
644 2938 898 2982 brevitatem
928 2946 1109 2998 apparet
1138 2953 1191 2981 ex
1220 2938 1275 2980 iis
1306 2952 1416 2995 quae
1445 2938 1500 2981 de
1530 2938 1788 2991 CuretibuS,
1822 2938 1907 2981 Co-

142 2995 406 3066 rybantibus„
422 3003 468 3069 ej.
497 2997 670 3040 Cabiris
699 2998 989 3069 Memphiticis
1018 2999 1137 3067 dicta
1170 3003 1280 3040 sunt.
1322 2997 1473 3070 (Apud
1514 2996 1672 3041 Zosim.
1714 2997 1791 3041 IV.
1840 2997 1904 3039 18.

146 3055 299 3096 εἰκονα
327 3068 406 3097 του
434 3070 577 3114 ηρωος
604 3057 655 3101 ἐν
684 3059 792 3113 οἴκῳ
820 3072 968 3117 μικρῳ
996 3056 1262 3099 scribendum
1293 3061 1359 3098 est
1388 3055 1551 3114 υγκῳ.)

1325 3123 1357 3158 0

262 3166 324 3223 [l]
369 3141 467 3212 Hoc
506 3171 599 3215 loeo
635 3186 713 3229 pro
755 3173 1050 3217 reduxisse
1092 3171 1359 3217 scribendum
1390 3170 1716 3223 deduxisse,
1755 3176 1803 3215 111
1834 3186 1901 3228 ap.

150 3225 414 3270 Macrobium
443 3227 601 3285 legitur
635 3231 715 3274 ΠΙ,
747 3230 789 3274 4.

267 3345 350 3400 [Φ]
397 3361 436 3391 v.
467 3347 624 3393 Luzac.
657 3350 797 3394 Lectt.
829 3353 916 3395 Att.
954 3367 994 3409 p.
1028 3351 1121 3395 173.
