2150 3814
223 207 388 270 1086
740 219 976 263 1211312111
1019 218 1447 264 SECUNDUS.

219 351 319 412 36.
397 349 540 411 233.
619 349 983 428 saepiusque
1059 347 1137 407 ab
1217 349 1573 429 antiquariis
1657 357 2001 410 tractatum⁴

219 461 312 511 est
326 448 402 532 [b]
449 450 545 512 ἐπὶ
585 448 825 517 τούτοις
868 448 1061 510 ἅπασι
1089 447 1212 530 ,καὶ
1252 457 1436 512 τοῦτο
1480 448 1866 533 προςκείσθω

349 574 502 628 Ἀλλὰ
537 576 621 626 καὶ
656 568 963 639 Μηθύμνης
996 570 1199 633 ναέταις
1233 571 1362 624 πολὺ
1398 571 1549 627 λώιον
1585 571 1727 627 ἔσται

355 658 616 730 φαλληνὸν
650 660 833 724 τιμῶσι
868 654 1155 709 Διωνύσοιο
1192 654 1426 727 κάρηνον.

217 772 451 837 θύουσι
503 773 626 859 γὰρ
673 774 738 833 αἱ
778 767 979 840 πόλεις
1021 770 1126 833 καὶ
1166 772 1407 858 τελετὰς
1451 774 1712 858 ἄγουσιν
1756 775 1830 836 οὐ
1873 771 1990 855 μό-

217 898 332 938 νον
387 863 719 955 φαλληνοῖς
777 868 1104 934 Διονύσοιο
1149 869 1440 955 καρήνοις
1484 871 1636 934 ἀλλά
1681 872 1785 934 καὶ
1828 872 1994 934 λιθί-

217 997 349 1044 νοις
402 973 508 1036 καὶ
557 972 836 1053 χαλκέοις
890 971 995 1033 καὶ
1029 972 1343 1054 χρυσέοις,
1402 973 1476 1034 οὗ
1518 969 1719 1054 μόνον
1762 979 1995 1054 φαλλη-

219 1079 350 1143 νοῖς
407 1072 561 1135 ἄλλα
618 1071 723 1135 καὶ
779 1071 990 1141 αὐτοῖς
1045 1077 1174 1142 τοῖς
1227 1070 1581 1141 Διονυσίοις
1633 1070 1738 1134 καὶ
1790 1064 1995 1140 ἄλλοις

219 1178 598 1256 παμπολλοῖς
649 1169 1005 1240 Ἠσιοδείοις
1058 1175 1248 1241 θεοῖς.
1306 1208 1391 1217 -—
1455 1172 1609 1236 Οὐδ’
1654 1170 1737 1235 ἄν
1779 1171 1862 1240 εἷς
1903 1194 1996 1240 τις

213 1272 571 1354 Ὀλυμπίων
613 1277 697 1340 εἷς
736 1277 921 1332 τοῦτο
964 1267 1118 1348 ἦλθε
1162 1271 1525 1354 παρανοίας,
1549 1271 1704 1341 ,ὥςΰ
1750 1267 1995 1333 ἐλάϊνον

219 1371 456 1454 κορμὸν
515 1375 791 1441 θεῶσαι,
848 1370 924 1432 ὃν
979 1372 1038 1430 οἱ
1078 1374 1503 1450 Μηθυμναῖοι
1548 1369 1814 1455 σαγήνης
1859 1373 1995 1448 (scr.

221 1468 529 1555 σαγηνεῖς)
603 1469 985 1550 ἐμπλακέντα
1048 1473 1176 1537 τοῖς
1237 1468 1424 1538 λίνοις
1479 1469 1878 1532 ἀνείλκυσαν·
1937 1473 1998 1539 ἐξ

222 1572 418 1651 ἄκρου
474 1567 870 1650 κεφαλοειδὴς
923 1567 956 1629 ὅ
1013 1567 1242 1649 κορμὸς
1286 1567 1578 1647 ἐνεπλάκη
1622 1574 1750 1638 τοῖς
1793 1567 1996 1638 λίνοις.

221 1667 550 1728 Graculum
592 1669 818 1746 ipsum,
863 1667 1033 1744 cujus
1076 1666 1274 1726 facilis
1318 1675 1411 1725 est
1444 1669 1758 1742 correctio,
1803 1667 2000 1726 Theo-

220 1768 468 1827 doretus
524 1769 752 1846 repetit
807 1766 1067 1846 Therap.
1127 1765 1206 1825 X.
1275 1766 1417 1826 962.
1476 1766 1716 1826 Schulz.
1773 1769 2001 1826 omissa

218 1867 474 1928 Eusebii
517 1866 966 1946 disputatione,
1023 1867 1195 1943 cujus
1237 1866 1422 1939 haec,
1464 1877 1651 1947 puto,
1694 1863 1998 1927 sententia

223 1978 342 2028 est:
400 1967 641 2036 τελετὰς
685 1969 948 2052 ἄγουσιν
990 1967 1066 2029 οὗ
1108 1963 1233 2048 μόν
1270 1989 1309 2030 ν
1376 1973 1699 2046 Φαλλῆνος
1751 1965 2000 2030 Διωνύ-
2061 2012 2065 2015 -

224 2090 354 2131 σοιο
413 2064 700 2149 καρήνοις
755 2066 911 2128 ἄλλοι
964 2066 1070 2128 καὶ
1125 1992 1326 2157 ἄλλξςς
1381 2065 1759 2148 παμπόλλοις
1793 2067 1999 2129 Ἡσιο-

223 2168 408 2237 δείοις
459 2170 668 2239 θεοῖς,
726 2165 871 2228 οὐδὲ
925 2164 1127 2248 μόνον
1183 2167 1443 2236 ἐλαΐνοις
1488 2167 1642 2228 ἀλλὰ
1685 2166 1791 2227 καὶ
1833 2166 1998 2227 λιθί-

223 2294 355 2338 νοις
409 2267 515 2329 καὶ
561 2267 842 2346 χαλκέοις
895 2266 1001 2328 καὶ
1035 2266 1339 2349 χρυσέοις.
1387 2284 1542 2347 quae
1586 2265 1858 2347 epitheta
1909 2264 2002 2324 illi

222 2389 256 2427 e
312 2369 497 2427 sacris
553 2365 952 2446 scriptoribus
1007 2367 1391 2426 transtulisse
1445 2365 1751 2428 videntur.
1836 2363 2000 2425 Jere-

223 2551 322 2579 sae.
380 2536 445 2578 Id.
474 2534 637 2578 XXIX.
681 2535 719 2579 1.
765 2549 868 2577 nec
908 2548 1012 2576 non
1053 2534 1223 2577 hodie
1264 2534 1641 2578 multifariam
1685 2535 1752 2577 ab
1794 2548 1999 2578 oracu—

224 2596 297 2638 lis
328 2594 624 2637 medicina
662 2593 904 2651 petitur.
962 2592 1188 2647 Ejusmodi
1218 2593 1344 2649 plura
1374 2593 1503 2636 affert
1531 2594 1570 2636 J.
1601 2593 1747 2649 Lydus
1778 2593 1831 2635 de
1861 2594 1999 2637 Mens.

224 2669 266 2711 p.
300 2652 536 2695 106.*110.
568 2651 667 2696 121.
699 2650 796 2695 123.
841 2651 1050 2694 incertum
1092 2665 1119 2693 a
1158 2665 1241 2707 quo
1281 2651 1412 2695 edita.
1472 2652 1676 2707 Pythiam
1716 2652 1853 2708 ipsam
1892 2653 1999 2707 Plu-

224 2712 402 2756 tarchus
431 2711 538 2754 dicit
566 2725 676 2753 nunc
706 2725 789 2752 non
819 2709 999 2767 amplius
1029 2710 1083 2751 de
1105 2710 1283 2752 urbibus
1315 2710 1543 2753 condendis
1574 2716 1618 2753 et
1649 2710 1774 2753 bellis
1796 2712 1996 2767 gerendis

225 2770 390 2814 consuli
430 2769 519 2813 ἀλλ’
554 2770 630 2813 ἐπὶ
663 2773 842 2828 μικροῖς
879 2764 1117 2826 πράγμασι
1156 2772 1233 2811 καὶ
1275 2769 1532 2827 δημοτικοῖς
1572 2771 1620 2812 αἱ
1658 2766 1913 2828 ἐρωτήσεις,
1956 2773 1997 2813 εἰ

224 2831 466 2888 γαμητέον,
495 2829 535 2871 εἰ
557 2830 815 2883 πλευστέον,
847 2829 888 2870 εἰ
917 2827 1187 2872 δανειστέον·
1219 2826 1272 2870 τὰ
1305 2828 1355 2871 δὲ
1383 2832 1574 2886 μέγιστα
1595 2824 1772 2888 πόλςων
1799 2826 1997 2885 μαντεύ-

224 2904 370 2947 ματα,
413 2889 560 2946 φορᾶς
587 2889 776 2945 καρπῶν
803 2890 906 2945 πέρι
946 2888 1023 2929 καὶ
1062 2884 1284 2944 σωμάτων
1324 2884 1491 2943 ὑγείας.
1530 2911 1587 2918 -
1650 2889 1782 2935 Οὶκος
1820 2884 1997 2943 σκιερός

223 2946 785 3048 {gnificaibumbramii‘a’t
809 2959 938 3046 casats⁴5
967 2944 1195 3057 iii-ondsag,
1244 2946 1503 3046 papilizgxes,
1554 2944 1628 3000 qui
1665 2947 1996 3046 exstmebalniiur

224 3006 764 3112 tassghggafiiggro(}atgs
776 3018 987 3107 eelsebralifi
1008 3018 1171 3120 ἵξεται)
1184 3004 1996 3120 aggai-‚gbergenggggisszisgquggwlgr

225 3118 384 3180 ἑορτήν
411 3121 594 3178 Dionysi
620 3129 855 3166 memorant
895 3123 1079 3165 Pausan.
1109 3123 1233 3165 VIII.
1264 3122 1333 3165 23.
1375 3127 1419 3165 et
1457 3121 1612 3164 Pollux
1653 3122 1708 3165 ab
1742 3122 1996 3165 umbraculo

226 3181 297 3282 dia-i
327 3177 394 3236 (τὸ
425 3178 652 3225 Διονύσου
682 3178 889 3226 σκιάδιον
918 3181 1028 3224 Poll.
1060 3180 1159 3223 VII.
1186 3181 1315 3236 227.)
1356 3181 1687 3232 denominatam,
1728 3186 1776 3223 ut
1805 3181 1993 3223 Meursio

224 3255 253 3297 p
273 3244 381 3283 acet.

345 3295 417 3354 [b]
460 3311 501 3339 v.
531 3297 667 3340 Liebe
698 3298 831 3342 Goth.
872 3311 1024 3347 numm.
1066 3313 1107 3355 p.
1152 3298 1245 3341 187.
1306 3280 1508 3353 Botiiger
1547 3298 1677 3342 Ideen
1719 3311 1796 3339 zur
1836 3297 1992 3339 Gesch.

228 3356 304 3399 der
334 3355 441 3399 Mal.
477 3370 520 3412 p.
552 3355 648 3399 185.
