2150 3814
220 185 386 249 1114
777 196 1014 242 mann
1057 195 1427 241 TERTmS.

214 347 360 392 suos
415 327 777 398 devorasse,
832 324 1054 386 Jovem
1112 344 1154 384 a
1204 325 1376 386 Rhea
1430 324 1823 386 subductum¹
1861 345 1996 388 esse

214 427 506 493 Straboni
546 444 860 506 nunquam
903 426 972 484 in
1012 434 1281 486 mentem
1322 429 1499 487 venit
1541 424 1818 501 credere,
1871 445 1997 487 non

214 532 409 609 magis
464 546 650 608 quam
706 525 820 585 ulli
872 523 942 584 id
1000 527 1296 605 temporis
1357 526 1770 601 eruditorum,
1834 525 1999 587 unde

215 632 492 711 sequitur
534 643 684 686 eum*
721 627 843 686 ista
886 643 1163 705 quoque,
1223 643 1379 705 quae
1439 627 1518 688 de
1561 626 1856 688 Curetum
1900 644 2002 686 cu-

216 729 423 791 stodia
465 735 823 800 narrantur,
884 735 955 785 ut
1009 727 1151 785 ficta
1203 745 1318 807 pro
1376 728 1549 788 falsis
1606 728 1883 801 duxisse,
1939 737 2003 785 et

215 828 530 912 quomodo
586 828 703 887 hoc
759 835 853 886 est
908 845 1285 907 consequens
1339 827 1435 886 illi
1489 830 1578 888 sic
1629 829 1787 888 illud
1841 829 2002 900 huic,

211 939 286 990 ut
344 930 620 991 fabulam
682 927 760 987 de
815 925 995 989 Jovis
1049 927 1316 988 infantia
1370 927 1667 988 traditam
1723 947 1763 987 a
1800 929 2003 999 ‚sacris

211 1032 370 1112 ipsis
422 1030 605 1107 longe
660 1027 1012 1089 distinxerit
1065 1045 1265 1108 neque
1323 1047 1460 1088 cum
1503 1029 1728 1088 horum
1761 1029 2006 1106 origine

211 1132 380 1191 illius
423 1131 721 1207 originem
766 1131 1044 1209 coepisse
1087 1127 1430 1189 crediderit.
1481 1128 1697 1210 quue„
1717 1130 2009 1190 universa

214 1230 581 1312 comprobat
637 1229 1014 1310 disputatio,
1075 1249 1231 1309 quae
1274 1230 1397 1289 huc
1438 1229 1789 1290 deducitur:
1833 1247 2009 1301 sacra

184 1332 537 1410 saltatoria
593 1339 667 1389 et·
710 1330 984 1390 clamosa
1039 1349 1166 1388 non
1220 1340 1476 1410 propter
1528 1329 1786 1390 fabellas
1831 1348 2008 1410 quas-

213 1429 384 1492 danf
412 1432 702 1510 instituta
756 1447 954 1508 neque
1011 1426 1396 1490 Cretensium
1453 1431 1710 1509 propria
1764 1439 1876 1489 aut
1916 1430 2010 1489 ul-

213 1531 335 1590 lius
381 1529 672 1594 definitae
711 1531 980 1607 regionis
1025 1531 1304 1589 terminis
1347 1539 1529 1610 septa
1569 1529 1682 1589 sed
1716 1548 1765 1588 a
1788 1539 2010 1590 natura

210 1632 355 1711 ipsa
393 1631 671 1712 profecta
713 1629 918 1692 videri
962 1640 1024 1690 et
1067 1649 1143 1690 ex
1183 1616 1372 1690 insita
1412 1631 1481 1690 in
1523 1630 1746 1690 animis
1781 1631 2010 1689 nostris

213 1732 487 1792 laetandi
544 1742 607 1792 et
648 1729 1000 1791 exsultandi
1045 1730 1416 1811 cupiditate,
1475 1750 1599 1811 qua
1641 1748 1869 1808 omnes-
1898 1730 2010 1790 ho-

212 1834 412 1892 mines
465 1852 579 1913 per
632 1831 962 1892 intervalla
1003 1832 1247 1890 incitari
1288 1831 1490 1891 solent
1531 1830 1644 1891 sed
1686 1831 2013 1894 vehemen-

214 1935 454 1992 tissime
502 1934 766 2011 juvenes
824 1940 887 1990 et
942 1930 1122 2011 plebs
1163 1940 1387 2009 vegeta
1431 1930 1558 1990 diei
1597 1931 1744 1990 festi
1784 1949 2013 2011 oppor-

215 2035 544 2093 tunitatem
588 2042 784 2093 nacta.
874 2030 1001 2091 Sed
1047 2029 1370 2091 Cretenses
1413 2030 2010 2111 postquamsJovem

216 2131 420 2213 apud*
458 2151 527 2192 se
594 2142 811 2192 natum
870 2149 1005 2190 esse
1058 2131 1159 2191 vel
1215 2133 1341 2211 ipsi
1395 2131 1518 2190 sibi
1573 2136 2014 2210 persuaserunt

216 2233 323 2294 vel
391 2231 786 2292 crediderunt
842 2232 1014 2306 aliis,
1070 2231 1253 2292 facile
1309 2249 1385 2300 eo
1442 2230 1690 2291 deducti
1733 2242 1890 2291 -stmt
1944 2241 2016 2292 ut

216 2332 597 2394 solemnibus
665 2332 919 2393 ludicris
988 2331 1377 2413 probabilem
1431 2341 1866 2414 praetexerent
1915 2349 2015 2393 ra-

219 2435 455 2493 tionem
498 2432 998 2518 προστησάμενοι
1039 2435 1080 2491 i.
1125 2453 1177 2496 e.
1233 2433 1565 2516 πρόσχημα
1607 2433 2014 2516 ποιησάμενοι

216 2533 334 2597 τὸν
387 2539 640 2616 μῦθον,
696 2534 871 2611 cujus
923 2533 1130 2609 mythi
1185 2536 1521 2614 antiquitas
1567 2553 1644 2594 ex
1684 2552 1858 2594 more
1900 2533 2041 2592 illo

218 2631 604 2695 Cretensium
649 2634 952 2712 gentilitio
994 2651 1246 2714 prorsus
1290 2652 1415 2693 non
1444 2644 1655 2716 potest
1678 2635 2012 2706 aestimari.

218 2733 425 2814 Atque
479 2734 631 2803 haec
686 2734 966 2816 quidem,
1027 2735 1260 2814 inquit,
1318 2733 1396 2794 de
1455 2737 1775 2814 orgiasmis
1821 2736 2013 2794 Grae·
2106 2735 2117 2746 ⁰

224 2853 453 2899 corum.
499 2836 869 2915 Berecyntes
914 2854 1064 2897 vero
1110 2845 1172 2894 et
1213 2837 1277 2895 in
1322 2838 1681 2898 universum
1723 2834 1871 2894 Idae
1914 2854 2011 2894 ac-

222 2936 394 2995 colae
449 2937 685 2998 Rheam
730 2938 935 3000 variis
989 2936 1343 2996 nominibus
1400 2938 1524 2996 ritu
1578 2936 1851 2996 fanatico
1910 2954 2010 2994 co-

221 3035 380 3111 lunt,
422 3040 485 3101 οἱ
525 3038 593 3101 δ’
623 3039 902 3119 Ἕλληνες
942 3038 1090 3108 τοὺς
1132 3035 1480 3121 προπόλους
1523 3038 1714 3118 αὐτῆς
1756 3033 2007 3119 ὁμωνύ-

222 3156 357 3217 μως
412 3146 738 3222 Κουρῆτας
793 3141 1108 3227 λέγουσιν,
1166 3140 1240 3202 οὗ
1295 3139 1421 3220 μὴν
1477 3138 1597 3202 ἀπὸ
1654 3146 1762 3218 τῆς
1819 3139 2009 3216 αὐτῆς

223 3239 605 3315 μυθοποιίας
660 3242 797 3304 ἀλλ’
855 3241 1096 3325 ἑτέρους
1111 3240 1183 3322 [⁰]
1245 3241 1328 3311 ὥς
1381 3239 1464 3304 ἂν
1518 3235 1874 3324 ὑπουργούς
1914 3261 2007 3298 τια

347 3381 418 3437 [θ]
471 3379 646 3443 Ἑτέρας
675 3384 854 3440 corrigit
884 3383 1185 3442 Tyrwhittu5‚
1231 3384 1389 3443 ἑτέρως
1419 3382 1616 3426 CoraiuS.
