2150 3814
827 239 1280 301 onpnch.
1417 236 1421 238 ·
1640 213 1644 218 ’
1784 230 1942 295 1041

164 379 226 430 et
267 373 440 452 prius
479 374 708 434 multos
750 370 975 444 fuisse,
995 428 997 431 ,
1019 371 1125 450 qui
1165 388 1279 449 per
1321 370 1588 450 aliquam
1630 372 1943 450 religionis

162 473 618 534 simulationem
660 473 952 533 alimenta
993 470 1252 530 inertiae
1296 482 1674 551 quaererent,
1721 472 1941 534 docent

158 571 347 631 Ennii
387 588 602 634 versus
642 570 1015 632 nobilissimi
1059 579 1122 630 et
1148 567 1399 632 Catonis
1443 571 1688 633 crebrae
1732 572 1947 634 admo-

159 673 423 731 nitiones
467 669 546 730 de
587 670 657 730 R.
700 670 772 731 R.
817 692 864 732 c.
910 671 982 731 V.
1032 671 1128 732 13.

297 1072 1224 1152 EPIMETRU
1281 1073 1373 1148 M
1463 1072 1791 1166 XIII.

491 1240 570 1292 aa
623 1241 680 1294 P.
717 1238 796 1294 11.
849 1237 909 1294 c,
949 1237 1133 1294 vm.
1188 1243 1234 1305 §-
1281 1240 1330 1294 6.
1385 1249 1513 1291 not.
1553 1259 1631 1296 e..

828 1424 946 1470 Εὗοῖ
973 1429 1146 1480 Σαβοῖ,
1181 1421 1486 1482 ”Υης’Ἁττης,
1519 1421 1674 1481 ’.Ἁττης
1690 1423 1821 1481 “Υης1

317 1554 459 1616 Non
501 1556 796 1618 invidebo
841 1556 1172 1615 lectoribus
1216 1557 1443 1615 nostris
1494 1557 1753 1616 Sickleri
1799 1575 1953 1619 con-.

139 1655 479 1733 jecturam,
523 1678 706 1738 quam
764 1655 1102 1718 Creuzerus
1157 1659 1224 1716 in
1270 1656 1481 1732 Symb.
1529 1656 1598 1715 T.
1643 1658 1748 1715 III.
1794 1657 1937 1717 362.

149 1764 223 1814 ut
299 1760 544 1836 cognitu
623 1758 1079 1836 dignissimam,
1174 1757 1365 1815 refert
1431 1758 1511 1814 in
1579 1765 1938 1815 extenso:

147 1856 260 1916 has
322 1876 456 1918 esse
486 1858 881 1943 antiphonas
937 1858 1287 1917 alternatim
1335 1874 1372 1914 a
1422 1854 1607 1915 choro
1653 1856 1938 1915 sacerdo-

148 1965 280 2016 tum
366 1966 429 2016 et
508 1977 546 2017 a
613 1959 904 2018 concione
972 1956 1325 2016 decantatas
1393 1974 1469 2014 ex
1547 1954 1937 2035 Antiphona-

142 2057 238 2116 rio
295 2056 622 2118 Hebraico.
710 2059 939 2131 Docte,
983 2055 1259 2138 Jupiter,
1305 2065 1366 2115 et
1407 2057 1752 2132 ingeniose!
1813 2044 1958 2117 Sed‘

144 2158 352 2216 nescio
409 2178 514 2218 cur
570 2161 776 2218 minus
818 2159 1016 2218 relatu
1060 2157 1244 2234 digna
1288 2155 1573 2217 videatur
1616 2155 1935 2232 Anonymi

145 2256 332 2334 Angli
391 2259 634 2337 opinio,
696 2260 800 2339 qui
854 2259 964 2318 has
1011 2256 1259 2316 easdem
1305 2274 1490 2317 voces
1536 2255 1934 2314 Sanscriticas

147 2374 281 2415 esse
348 2356 729 2418 demonstrat
798 2358 1008 2419 Wait
1074 2357 1261 2417 Hail
1328 2375 1371 2419 o,
1425 2355 1640 2416 Siva!
1697 2354 1934 2429 Lord,

145 2473 506 2535 supreme
563 2458 796 2517 Lord!
852 2461 919 2518 in
962 2459 1138 2517 Diar.
1185 2454 1375 2516 Class.
1422 2454 1491 2514 T.
1537 2453 1826 2515 XXVIII.
1870 2474 1930 2534 p.

142 2554 286 2615 292.
332 2553 516 2628 Quod
557 2560 613 2618 si
654 2559 876 2619 merito
919 2557 1220 2639 probatur
1259 2565 1330 2614 ut
1374 2563 1548 2614 acute
1590 2556 1933 2627 inventum,

142 2655 257 2716 hac
298 2656 484 2716 laude
526 2659 719 2719 nolim
762 2658 1072 2719 Bodinum
1117 2656 1491 2729 defraudari,
1537 2658 1644 2736 qui
1676 2658 1743 2714 in
1768 2656 1935 2714 Dae-

142 2757 372 2817 monol.
415 2757 484 2817 L.
523 2759 570 2819 Ι.
616 2780 664 2820 c.
689 2758 763 2819 V.
807 2760 994 2821 Posit.
1025 2760 1126 2819 28.
1169 2757 1327 2817 illud
1373 2756 1622 2816 Sabae
1665 2755 1933 2817 Evohe

144 2857 300 2918 nihil
354 2858 524 2919 aliud
580 2878 717 2920 esse
772 2859 951 2921 docet
1005 2878 1189 2941 quam
1244 2857 1402 2917 Har
1458 2855 1729 2928 Sabat,
1791 2854 1930 2915 Sa-

146 2955 311 3031 bat,
375 2960 598 3040 quibus
664 2961 921 3023 vocibus
989 2965 1337 3021 etiamnunc
1400 2960 1814 3016 incantatores
1869 2964 1932 3014 et

148 3073 327 3135 sagae
390 3061 492 3119 in>
528 3061 815 3122 Sabbatis
883 3064 1012 3122 suis
1084 3056 1625 3147 (Hexen-sabbat)
1681 3058 1775 3117 uti
1830 3074 1931 3116 so—

148 3154 316 3216 leant
328 3158 403 3241 [³]
459 3159 744 3244 idemque
801 3170 1171 3245 tympanum
1225 3158 1412 3232 illud,
1467 3159 1637 3237 cujus
1692 3156 1926 3219 mentio

271 3328 344 3385 [⁸]
388 3331 485 3375 Hoc
513 3334 818 3390 praetermittit
845 3336 1050 3379 Horatius
1090 3335 1133 3377 in
1173 3330 1446 3375 Bibliotheca
1486 3328 1666 3385 Magica
1706 3325 1927 3383 (Zauber-

153 3385 417 3443 bibliothek)
446 3389 504 3432 Τ.
532 3392 612 3434 ΠΙ.
642 3393 741 3436 371.
780 3394 858 3437 sed
888 3394 1042 3438 similia
1073 3405 1272 3450 sagarum
1312 3389 1640 3448 epiphonemata
1680 3397 1928 3429 commemo-

225 3461 285 3515 11.
509 3525 515 3530 ¹
1167 3528 1184 3570 ¹
1506 3470 1586 3529 17
