2210 3880
232 208 358 269 804
767 221 1001 265 LIBER
1045 221 1469 266 SECUNDUS.

232 362 413 426 tem,
467 368 686 431 quam
728 367 867 408 nos
910 369 1051 428 pro
1093 360 1342 410 morte
1386 353 1830 427 timeamus3
1886 355 2000 413 ita

229 451 566 531 primum
634 449 912 509 bonum
984 468 1155 509 esse
1223 468 1375 509 non
1431 453 1684 526 nasci3
1739 471 2000 512 secun-

232 550 433 623 dum,
479 551 710 608 citius
753 547 976 622 mori3
1021 567 1212 629 quae
1256 558 1336 607 ut
1377 550 1703 627 majoris
1747 554 1849 612 sit
1882 571 2000 612 au-

231 649 662 719 ctoritatiS‚
717 645 986 705 Sileno
1044 646 1565 717 attribuitur„
1620 650 1738 711 His
1793 652 2000 731 palam

228 750 326 822 fit,
381 748 550 807 nulla
607 752 676 804 ut
729 744 1105 824 relinquatur
1159 745 1496 820 dubitatio,
1553 749 1803 810 effatum
1846 749 2001 809 illud

228 856 366 907 utut
431 846 604 919 varia
667 844 1170 923 interpretatione
1227 847 1532 924 jactatum
1585 859 1794 908 tamen
1848 867 2002 907 nun-

226 963 410 1024 quam
465 945 555 1003 ita
596 954 910 1024 acceptum
955 964 1120 1018 esse,
1174 948 1349 1025 quasi
1391 948 1582 1006 animi
1623 949 1820 1007 nostri
1862 957 2002 1006 ortu

226 1043 454 1117 divini,
497 1054 820 1124 antequam
862 1045 927 1103 in
971 1036 1191 1125 corpus
1232 1047 1656 1116 intravissent,
1701 1065 1838 1105 cum
1883 1045 2001 1105 diis

225 1144 458 1205 versati
500 1152 562 1202 et
602 1144 719 1203 hoc
761 1143 1102 1205 diversorio
1146 1145 1358 1205 relicto
1405 1145 1486 1205 ad
1528 1147 1863 1225 superioris
1907 1147 2000 1207 vi-

228 1251 328 1303 tae
370 1243 632 1302 fructum
676 1252 737 1301 et
779 1242 860 1302 ad
904 1253 1073 1303 ortus
1117 1246 1213 1303 sui
1256 1247 1558 1325 principia
1599 1245 1857 1305 redituri
1908 1264 2001 1305 es-

227 1351 378 1401 sent.
462 1343 673 1421 Itaque
718 1342 983 1402 Trausos
1038 1362 1277 1423 quoque
1331 1344 1623 1404 credibile
1683 1355 1776 1405 est
1817 1345 2000 1422 hujus

228 1442 598 1501 sublimioris
653 1443 908 1501 rationis
964 1444 1204 1519 ignaros
1263 1445 1427 1504 vitae
1480 1446 1684 1525 inopis
1730 1457 1791 1504 et
1834 1463 2002 1523 agre-

227 1542 337 1600 stis
399 1542 715 1599 molestias
767 1540 1188 1599 indoctissimo
1244 1546 1460 1621 cuique
1517 1547 1909 1621 gravissimas
1928 1539 2000 1623 [ἰ]

225 1638 604 1700 muliebriter
662 1639 919 1711 luxisse,
975 1649 1238 1698 mortem
1295 1650 1531 1714 autem,
1587 1662 1742 1722 quae
1772 1644 2001 1702 'omni—

224 1740 354 1799 bus·
390 1739 815 1797 liberationem
869 1748 931 1796 et
983 1740 1359 1799 vacuitatem
1405 1740 1721 1814 dolorum,
1764 1744 1999 1821 meritis

223 1859 374 1901 vero
427 1846 755 1918 perpetuas
809 1837 1080 1899 lautitias
1136 1847 1197 1897 et
1238 1839 1607 1900 festivitates
1651 1841 1864 1900 afferre
1907 1843 1999 1903 vi-

226 1937 493 2010 deretur,
528 1938 704 1996 laetis
738 1937 902 1997 votis
937 1938 1368 2018 ominibusque
1405 1950 1812 2021 prosequutos
1847 1959 1997 2000 esse.

227 2038 296 2098 Si
362 2037 771 2116 Pomponium
839 2036 1068 2096 Melam
1126 2037 1414 2098 audimus
1426 2083 1444 2113 ‚
1511 2049 1776 2100 mortem
1830 2042 1997 2102 vitae

222 2144 668 2218 praeoptarunt
701 2153 846 2193 ⁴non
901 2138 1046 2214 quia
1100 2139 1342 2197 animos
1399 2138 1478 2197 ad
1536 2142 1861 2219 pristinam
1902 2142 1998 2199 in-

225 2235 643 2294 columitatem
675 2234 873 2294 vrefert
914 2234 1026 2294 sed
1070 2238 1212 2315 quia
1253 2255 1500 2297 sensum
1543 2241 1848 2299 malorum
1891 2258 1998 2299 au-

224 2334 342 2393 fert
358 2331 429 2413 [k]
478 2334 554 2392 de
597 2352 718 2413 quo
763 2333 1046 2413 equidem
1089 2353 1214 2394 non
1257 2345 1494 2411 statuo,
1532 2348 1618 2411 *ut
1661 2342 1765 2418 qui
1807 2340 1997 2399 sciam

226 2442 463 2493 veteres
496 2433 964 2513 Ethnographos
999 2442 1061 2491 et
1091 2435 1398 2516 Νομίμων
1428 2439 1839 2521 βαρβαρικῶν
1871 2439 1993 2497 col-

225 2532 453 2590 latores
511 2534 779 2610 gentium
831 2540 1178 2593 exterarum
1230 2536 1511 2595 instituta
1567 2556 1865 2618 persaepe
1918 2556 1994 2598 ex

227 2649 340 2691 suo
383 2649 564 2691 sensu
616 2633 1049 2712 interpretatos
1094 2652 1225 2694 esse
1241 2628 1327 2714 [¹]‚
1383 2620 1494 2694 sed
1549 2636 1809 2697 eandem
1853 2656 1989 2697 cau-

345 2797 410 2857 [ὶ]
443 2816 485 2845 v.
518 2801 732 2844 Meiners:
762 2801 948 2846 Ueber
977 2803 1082 2846 den
1109 2803 1270 2861 Hang
1297 2807 1563 2850 mancher
1591 2809 1847 2851 VBlcker
1876 2822 1990 2850 zum

230 2857 619 2913 Selbstmord‚
647 2859 693 2902 in
722 2861 920 2917 Gotting.
950 2861 1098 2905 histor.
1127 2862 1334 2919 Magazin
1363 2865 1458 2908 Vol.
1487 2867 1546 2908 II.
1574 2881 1616 2923 p.
1648 2866 1745 2912 104.

346 2929 411 2987 [k]
452 2931 570 2973 Alii
614 2932 889 2977 Thracum
933 2938 1159 2992 putant·
1195 2937 1404 2980 animos
1451 2939 1746 2982 redituros
1786 2963 1842 2970 —
1881 2939 1989 2981 alii

231 2989 429 3043 emori,
462 2989 563 3031 sed
591 2990 644 3033 id
674 2992 872 3035 melius
901 3007 1024 3036 esse
1054 3008 1208 3049 quam
1236 2996 1458 3048 vivere3
1488 2997 1686 3054 itaque
1715 2997 1989 3054 lugentur

231 3047 572 3103 puerperia,
603 3050 807 3108 funera
836 3056 1042 3095 contra
1070 3053 1221 3095 festa
1250 3061 1390 3097 sunt.

349 3116 412 3174 [1]
456 3119 765 3164 Zimmermann
808 3124 1119 3167 Taschenbuch
1160 3125 1200 3166 d.
1243 3124 1424 3179 Reisen‚
1484 3126 1582 3169 anni
1637 3127 1761 3171 1802.
1802 3141 1844 3183 p.
1888 3125 1985 3167 206.

233 3176 416 3230 „Isert
444 3177 724 3234 bemerkt,
756 3182 884 3225 dass
914 3184 1004 3226 die
1032 3183 1222 3238 Neger
1250 3185 1343 3226 nie
1372 3184 1462 3227 bei
1491 3185 1592 3227 den
1620 3185 1985 3236 Hochzeiten,

234 3234 411 3287 „wohl
440 3236 578 3279 aber
607 3240 700 3281 bei
729 3239 829 3283 den
857 3241 1295 3298 Begriibnissen
1326 3257 1390 3284 zu
1420 3257 1586 3285 essen
1613 3244 1808 3299 geben.
1865 3244 2000 3285 Wii-¹

234 3306 364 3345 „ren
402 3292 490 3337 die
530 3295 1043 3343 Feierlichkeiten
1081 3300 1177 3342 der
1215 3300 1442 3345 Freude
1480 3301 1643 3344 nicht
1679 3301 1987 3356 vorherge-

234 3364 584 3409 „gegangen‚
627 3370 683 3396 so
727 3357 901 3401 sollte
943 3360 1199 3402 manvfast
1228 3359 1500 3415 glauben,
1541 3359 1626 3402 sie
1655 3359 1863 3415 hegten
1893 3359 1984 3401 die
