2150 3814
797 200 1248 297 oapnch.
1786 243 1915 305 979

130 382 341 452 λαιούς
362 374 637 465 ’μάντεις
674 361 1102 468 ἐξηγουμένων
1154 379 1358 452 schol.
1412 380 1549 442 Pac.
1612 376 1793 445 1029.
1851 398 1913 447 et

128 481 450 542 Hierocles
485 478 861 567 χρησμῳδός
901 478 1052 541 ibid.
1097 478 1280 542 1044.
1335 481 1482 555 τοὺς
1536 508 1909 570 προγεγενη-

126 584 354 664 μένους
387 583 709 667 χρησμοὺς
751 580 1169 668 ἐξηγούμενος·
1218 582 1290 643 cf.
1326 582 1560 644 Herod.
1597 584 1728 644 VH.
1771 586 1910 646 142.

128 684 190 744 οἱ
219 681 641 770 χρησμολόγοι
680 682 878 766 ταύτῃ
930 683 1013 747 τοὶ
1069 686 1212 746 ἔπεα
1270 681 1580 767 (Pythiae)
1635 685 1912 770 ἐλάμβα-

125 803 242 844 νον
309 791 420 842 etc.
507 787 568 847 οἱ
631 784 776 855 τοὺς
823 785 1147 870 χρησμοὺς
1208 784 1605 871 ἐξηγούμενοι
1663 787 1912 847 Zachar.

125 879 326 942 Schol.
372 882 465 943 de
491 883 706 945 Mund.
752 885 916 966 Opis.
960 906 1022 967 p.
1061 886 1204 946 268.
1248 887 1318 946 B.
1363 887 1433 945 T.
1477 886 1585 947 XI.
1631 886 1788 947 Gall.
1814 891 1909 967 [³].

125 979 253 1041 Sed
293 982 615 1045 Pisistrato
660 1004 736 1045 ex
764 974 1007 1045 Eretria
1047 985 1331 1044 redeunti
1355 984 1757 1065 Amphilytus
1803 987 1912 1046 ob-

122 1083 294 1143 viam
335 1086 591 1146 veniens
635 1084 954 1161 ἐνθεάζων
989 1092 1117 1166 χρᾷ
1159 1083 1434 1145 Herodo.
1462 1086 1508 1145 I.
1546 1087 1647 1145 62.
1692 1096 1763 1145 ut
1796 1106 1908 1165 pa-

122 1190 254 1240 teat
293 1183 464 1244 illam
499 1186 890 1265 antiquorum
926 1193 1147 1246 vatum
1174 1186 1431 1265 stirpem
1459 1185 1739 1246 nondum
1769 1205 1911 1267 exo7

120 1281 363 1342 levisse.
451 1281 615 1356 Quin
670 1285 922 1345 Periclis
943 1294 1180 1362 -aetate
1237 1286 1469 1365 reperti
1541 1294 1685 1346 sunt
1751 1288 1912 1348 inter

120 1380 400 1460 publicos
445 1403 735 1462 augureS‚
791 1387 898 1466 qui
940 1405 1147 1445 rerum
1193 1384 1546 1447 divinarum
1589 1388 1910 1447 scientiam

119 1481 470 1544 affectantes
515 1505 555 1545 a
595 1487 1012 1564 sagacioribus
1057 1485 1483 1546 deriderentur
1524 1497 1595 1547 ut
1636 1488 1910 1548 fanatici.

120 1579 406 1662 Lampon
448 1585 556 1644 ille
598 1587 1089 1661 famosissimus,
1146 1586 1348 1667 θύτης
1406 1587 1512 1650 καὶ
1556 1586 1911 1671 χρησμολό-

117 1706 227 1765 γος-
269 1684 377 1746 καὶ
415 1684 638 1767 μάντις
683 1687 884 1748 Schol.
926 1687 1090 1748 Avv.
1136 1686 1278 1747 521.
1322 1706 1448 1746 non
1493 1689 1645 1746 citra
1689 1690 1910 1747 sancti-

119 1784 268 1842 tatis
307 1785 760 1846 affectationem
795 1787 1253 1864 Rhadamanthi
1280 1788 1446 1871 ὅρκῳ
1470 1805 1619 1849 usus
1649 1786 1725 1868 [¹¹]
1778 1788 1910 1867 ple-

119 1881 275 1960 bejis
319 1887 807 1947 aeruscatoribus
853 1889 1242 1968 componitur
1281 1906 1319 1947 a
1349 1885 1601 1947 Cratino
1643 1907 1741 1968 ap.
1781 1887 1911 1946 He-

119 1985 427 2060 sychium:
465 1987 964 2075 ’Ἀγερσικύβηλιν
985 1991 1053 2068 [⁰]
1099 1994 1407 2073 Κρατῖνος
1452 1993 1519 2052 ἐν
1562 1990 1909 2070 Δραπέταις

119 2086 218 2147 ἐπὶ
259 2095 374 2150 τοῦ
416 2088 807 2171 Λάμπωνος·
850 2090 966 2154 τὸν
1011 2090 1206 2154 αὐτὸν
1251 2087 1531 2176 ἅγύρτην
1573 2089 1679 2151 καὶ
1719 2093 1909 2172 κυβε-

122 2184 338 2266 λίστην
391 2190 590 2264 εἶπεν,
649 2191 837 2254 οἱονεὶ
890 2188 1101 2270 θύτην
1156 2190 1262 2252 καὶ
1315 2188 1577 2272 μάντιν·
1643 2187 1909 2272 κύβηλιν

118 2285 244 2372 γὰρ
306 2289 514 2374 ἔλεγον
565 2290 681 2355 τὸν
736 2292 1022 2355 πέλεκυν·
1092 2291 1250 2354 ὅθεν
1305 2290 1412 2353 καὶ
1453 2287 1783 2359 Λύσιππος
1839 2294 1908 2354 ἐν

243 2472 311 2529 [a]
355 2472 499 2528 Hujus
528 2475 637 2517 artis
667 2486 723 2518 an
751 2476 988 2533 praecepta
1015 2473 1179 2518 tradita
1207 2474 1316 2528 sint,
1347 2475 1527 2531 ignoro3
1567 2473 1669 2517 illae
1697 2473 1806 2531 περὶ
1833 2475 1910 2528 τῆς

121 2533 340 2588 μαντικῆς
366 2534 512 2586 βίβλοι
541 2533 836 2577 Polemaeneti
861 2533 977 2577 vatis
1017 2532 1152 2576 Isocr.
1185 2533 1340 2589 Aegin.
1381 2534 1441 2576 ΙΙ.
1472 2528 1573 2576 674.
1617 2533 1671 2575 de
1714 2533 1908 2588 auguriis

119 2595 165 2633 et
193 2590 438 2647 aruspicina
466 2591 603 2635 fuisse
630 2593 845 2637 videntur.
905 2593 1116 2647 Γοητικαὶ
1155 2595 1233 2636 καὶ
1272 2593 1488 2652 μαντικαὶ
1529 2593 1677 2647 βίβλοι
1718 2592 1906 2647 Gregor.

119 2648 233 2692 NaZ.
274 2650 353 2693 Or.
396 2650 452 2694 V.
497 2651 593 2694 176.
636 2651 691 2695 D.
763 2652 900 2697 Εἰσὶν
936 2651 1169 2711 ἔγγραφοί
1205 2666 1322 2701 τινες
1369 2655 1523 2707 τέχναι
1564 2649 1909 2710 ὀνειροκριτικαὶ

122 2704 267 2768 ὥςπερ
298 2701 414 2764 ἦσαν
471 2712 549 2753 καὶ
578 2712 854 2755 οῗωνιστικαὶ
883 2712 961 2754 καὶ
988 2714 1175 2755 θυτικαί
1213 2710 1418 2753 Eustath.
1449 2708 1502 2753 11.
1534 2724 1576 2765 p.
1606 2706 1677 2751 48.
1717 2709 1788 2751 cui
1829 2723 1907 2763 ge-

119 2767 215 2810 neri
244 2768 548 2812 adscribuntur
577 2771 626 2813 αἱ
653 2773 745 2813 τῶν
782 2774 1036 2829 περιέργων
1078 2772 1224 2825 βίβλοι
1265 2770 1322 2811 ab
1362 2768 1565 2825 Ephesiis
1607 2772 1906 2809 concrematae

122 2825 220 2870 Act.
250 2827 362 2884 App.
393 2827 513 2871 XIX.
545 2829 613 2872 19.
666 2829 755 2872 Sed
782 2829 828 2872 in
858 2829 1035 2872 Lucian.
1067 2829 1219 2886 Epigr.
1250 2827 1410 2870 XLIV.
1440 2825 1539 2868 326.
1584 2825 1640 2867 Τ.
1680 2825 1738 2867 ΙΙ.
1780 2821 1904 2884 μάν-

122 2899 203 2986 τις1
214 2889 308 2935 τοῖς
334 2888 475 2945 ἱεροῖς
502 2885 668 2933 ἐνιδών
695 2902 784 2932 non
810 2889 947 2932 libros
974 2888 1178 2946 inspexit,
1208 2891 1258 2930 ut
1286 2885 1514 2929 Jacobsius
1545 2887 1705 2937 censet,
1736 2898 1778 2941 p.
1804 2880 1904 2926 470.

124 2956 172 2985 se
230 2949 345 2990 exta.
841 2954 843 2960 '

244 3028 314 3087 [¹³]
360 3031 480 3076 Unus
509 3034 706 3089 illorum,
750 3049 858 3093 quos
885 3035 1069 3093 Eupolis
1098 3035 1143 3078 in
1171 3033 1326 3092 Baptis
1355 3030 1546 3082 induxit,
1586 3044 1668 3088 per
1703 3030 1905 3074 cramben

123 3088 245 3143 jurat
270 3090 426 3136 Athen.
452 3092 532 3136 IX.
561 3092 660 3137 370.
689 3095 743 3138 Β.
803 3094 1010 3138 Fortasse
1035 3095 1258 3151 Phrygum
1287 3104 1445 3135 morem
1475 3095 1692 3146 sequutus,
1723 3103 1830 3146 quos
1859 3089 1904 3131 in

123 3145 402 3203 jurejnrando
431 3165 646 3210 nunquam
675 3153 853 3197 deorum
881 3168 1036 3211 numen
1064 3158 1248 3197 testatos
1279 3165 1374 3194 esse
1401 3149 1641 3208 perhibent.
1684 3163 1726 3192 v.
1756 3147 1902 3192 Nicol.

128 3202 327 3252 Damaso.
372 3209 550 3268 Fragm.
595 3227 640 3271 p.
684 3209 782 3256 148.
822 3217 912 3259 not.
954 3228 996 3271 p.
1035 3212 1136 3256 229.
1185 3217 1231 3255 et
1270 3210 1394 3253 Stob.
1439 3209 1576 3254 Serm.
1618 3206 1761 3252 XLII.
1801 3206 1902 3250 292.

129 3263 290 3336 §⁰1⁶9ss
327 3281 363 3310 ⁸·
394 3267 651 3328 Λαχᾶνοις·
702 3270 877 3329 πολλὴν
918 3272 1131 3333 εὖορκίαν
1170 3264 1535 3326 ἐπιδεικνύμενοι
1574 3264 1690 3326 πρὸς
1724 3261 1901 3324 λάχανα

130 3337 394 3380 ομνυουσιν.

250 3412 323 3469 [⁰]
353 3411 709 3474 Ἑγερσικύβηλιν
740 3419 898 3462 Anecd.
928 3418 1066 3462 Bekk.
1097 3433 1138 3476 p.
1171 3415 1270 3461 330.
1300 3417 1486 3460 fortasse
1513 3414 1685 3457 rectius.
1731 3434 1732 3437 =

1409 3489 1488 3549 13
1533 3490 1571 3533 *
