2150 3814
786 215 1318 258 sAMo‘rflRAclA.
1779 206 1937 265 1315

165 344 414 427 σκληροὶ
444 342 986 426 ,βορέαιΕιιεῐ-ἃῐὴ.
1027 343 1109 401 ad
1132 344 1325 402 Dion.
1361 344 1504 404 863.
1551 346 1752 404 minus
1796 367 1936 426 pro-

160 446 296 522 prie
348 444 612 529 μεγάλαι
662 442 768 503 καὶ
827 443 1085 526 σκληραὶ
1140 442 1320 515 δόξαι
1384 444 1559 504 Plato
1631 444 1820 525 Soph.
1874 468 1934 527 p.

159 544 301 604 230.
349 541 414 603 C.
469 540 633 609 unde
675 540 1016 601 traducitur
1063 542 1143 602 ad
1185 543 1465 605 homines
1521 545 1816 604 molestos
1875 554 1936 604 et

155 645 574 723 importunos,
629 659 785 720 quos
831 643 1049 702 Graeci
1092 644 1425 726 φορτικούς
1468 645 1815 726 appellant,
1873 654 1935 704 et

153 742 235 821 ad
302 760 491 820 genus
551 740 805 819 jocandi
869 743 1122 802 scurrile
1198 754 1259 803 et
1324 745 1726 820 inurbanum,
1809 763 1930 825 quo

153 861 306 922 prae
349 843 564 902 ceteris
608 843 1023 905 excelluerunt
1068 843 1298 920 Satyri,
1353 842 1724 907 Cobalorum
1769 864 1932 905 com-

148 943 460 1003 militones
512 942 666 1024 πρὸς
707 949 920 1007 πᾶσαν
965 945 1178 1007 ἄνεσιν
1220 945 1326 1006 καὶ
1367 946 1628 1008 παιδιὰν
1684 949 1931 1009 εὔθετοι

146 1042 335 1102 Diod.
369 1043 415 1102 I.
464 1043 559 1103 18.
608 1041 918 1112 Fabulam
963 1041 1308 1119 Satyricam
1352 1043 1588 1115 Auctor
1631 1045 1709 1104 de
1754 1045 1931 1122 Trag.

147 1152 211 1202 et
253 1140 426 1203 Com.
471 1164 529 1223 p.
575 1127 831 1203 XXVII.
876 1141 1071 1207 duro
1130 1151 1192 1199 et
1227 1145 1534 1218 agresti
1581 1145 1725 1220 J'oco
1782 1163 1930 1202 con-

145 1243 520 1314 staredicit,
569 1243 728 1309 sicut
760 1240 1048 1316 Satyros·
1074 1241 1245 1320 ipsos
1289 1242 1568 1301 illotos
1614 1254 1676 1313 et
1718 1253 1927 1323 petu-

143 1344 398 1402 lantes
444 1341 628 1415 deoS‚
684 1342 791 1421 qui
833 1359 1046 1419 graece
1091 1343 1343 1425 σκληροὶ
1396 1343 1501 1406 καὶ
1556 1345 1762 1428 ἄγριοι
1816 1361 1926 1403 vo—

143 1446 273 1503 cari⁴
322 1452 613 1522 possunt.
672 1443 832 1500 sicut
884 1443 1011 1520 ipsi
1067 1444 1318 1524 σκληροὶ
1371 1442 1726 1529 γράφονται
1784 1443 1926 1502 Phi-

140 1545 311 1603 lostr.
346 1543 551 1605 Iconn.
593 1541 691 1600 Π.-
715 1542 818 1600 22.
915 1540 1158 1602 Nomen
1215 1544 1519 1626 σχέραῳος
1573 1542 1924 1620 Hesychius

139 1646 576 1723 interpretatur
609 1641 1041 1724 βλασφημίαν,
1079 1642 1416 1724 λοιδορίαν,
1458 1632 1924 1704 ιιιιᾱοΐοιῐειεεθ

138 1754 232 1804 est
267 1744 528 1825 Σκίραψ
567 1760 794 1800 nomen
831 1742 1155 1820 proprium
1193 1761 1230 1800 a
1255 1739 1519 1801 Cornicis
1559 1753 1923 1823 usurpatum

136 1842 366 1942 Anecd.
392 1842 584 1902 Bekk.
617 1863 689 1921 p.
714 1841 895 1900 1200.
933 1850 1114 1919 atque
1151 1839 1315 1899 haud
1346 1843 1470 1899 scio
1500 1860 1579 1900 an
1610 1849 1926 1925 σκιροπαῖ-

135 1934 278 2034 κται
301 1955 544 2022 quoque
566 1942 700 2002 sive
720 1947 1201 2039 σκληροπαῖκται
1225 1941 1366 1999 hinc
1390 1939 1770 2001 denominati
1782 1943 1925 2018 sint,

133 2032 393 2142 quorum
421 2061 580 2135 unus
614 2031 791 2100 testis
828 2051 920 2099 est
953 2040 1309 2100 Athenaeus
1341 2040 1442 2099 IV.
1475 2041 1615 2104 129
1642 2043 1722 2102 Ι).
1764 2044 1918 2123 ἡσυ-

129 2145 272 2233 χίας
315 2143 384 2206 δὲ
420 2139 753 2241 γενομένης
801 2139 1303 2223 ἐπειςβαλλουσιν
1345 2142 1496 2220 ἡμῖν
1536 2145 1594 2204 οἱ
1630 2168 1753 2206 καν
1792 2148 1921 2213 τοῖς

135 2242 409 2326 Χύτροις
450 2248 580 2311 τοῖς
621 2239 939 2321 Ἀθήνησι
983 2238 1550 2327 λειτουργήσαντες·
1620 2245 1765 2323 μεθ’
1813 2243 1921 2310 οὓς

134 2348 421 2423 εἲςῆλθον
479 2339 840 2424 Ιθνύφαλλοι
903 2366 1008 2403 και
1070 2347 1549 2423 σκληροπαῖκται
1604 2342 1711 2404 καί
1760 2367 1922 2411 τινες

134 2445 240 2506 καὶ
288 2442 778 2526 ’θαυματουργοὶ
830 2448 1149 2526 γυναῖκες,
1207 2440 1314 2499 ubi
1369 2436 1527 2500 unus
1583 2442 1714 2503 cod.
1774 2464 1920 2521 σκη-

135 2546 424 2627 ροπέκται
436 2583 457 2615 ,
528 2542 713 2600 ceteri
785 2543 1225 2622 σκληροπέκται
1253 2542 1325 2622 [g]
1391 2541 1695 2601 exhibent.
1792 2542 1919 2601 Au·-

134 2644 342 2704 dacter
411 2640 810 2702 Casaubonus
866 2648 1299 2724 ψηφοπαῖκται
1355 2644 1631 2719 corrigit,
1695 2661 1918 2729 parum

134 2755 277 2824 apte
322 2743 602 2822 Toupius
649 2749 1104 2824 σκιροπαῖκται,
1150 2744 1204 2801 si
1249 2741 1499 2820 quidem
1545 2743 1662 2800 hoc
1705 2761 1742 2801 a
1789 2742 1917 2801 Sci-

134 2845 442 2922 rophoriis
485 2843 742 2921 repetit,
797 2842 907 2901 sed
958 2863 1082 2902 non
1126 2839 1483 2901 incredibile
1537 2841 1784 2903 videtur
1841 2842 1917 2900 ab

136 2944 247 3002 illo
303 2943 650 3002 Atticorum
707 2961 1051 3020 ganeonum
1120 2942 1462 3004 diversorio
1520 2942 1914 3021 sodalitatem

241 3173 317 3229 [g]
350 3173 421 3215 Ex
442 3187 519 3217 usu
547 3176 800 3218 recentioris
831 3175 1046 3218 Graeciae
1069 3181 1117 3218 ut
1144 3176 1379 3233 Χερωνεὺς
1408 3178 1567 3232 Agath.
1601 3175 1686 3232 Ep.
1708 3175 1910 3216 XXXVI.

142 3232 373 3287 sphera,
424 3234 757 3290 pedagogus
806 3240 851 3277 et.
898 3235 984 3277 alia
1035 3250 1061 3277 a
1104 3235 1316 3277 Sahnasio
1374 3236 1555 3278 collecta
1605 3234 1659 3276 ad
1691 3234 1908 3290 Spartian.

144 3292 266 3332 Pesc.
298 3290 425 3346 Nigr.
456 3305 493 3332 c.
525 3292 592 3334 12.
632 3294 789 3349 quibus
818 3294 1081 3336 eximendum
1119 3298 1158 3335 Κ
1158 3297 1263 3351 υνέγ
1234 3309 1395 3353 γ.ειρος
1427 3296 1686 3350 Πεζαίιεροι
1715 3291 1912 3335 mendose

145 3349 351 3406 scriptum
380 3362 458 3406 pro
488 3352 728 3410 πεζέταιροι
763 3353 866 3395 mire
896 3353 1066 3410 decepit
1096 3353 1122 3394 1
1121 3352 1342 3395 ischerum
1375 3353 1427 3395 ad
1459 3353 1567 3396 Vell.
1598 3352 1655 3395 ΙΙ
1687 3351 1754 3393 89.
