2184 3840
783 218 1232 264 onrnlci.
1657 167 1659 173 Ι
1766 211 1890 271 893

125 354 429 412 humanae
489 347 852 432 prudentiae
905 347 1151 409 videtur
1204 365 1402 429 neque
1455 350 1537 409 ad
1591 353 1917 431 explican÷

126 451 268 511 dam
324 451 479 510 hanc
535 449 954 530 quaestionem
1007 451 1446 523 necessarium,
1502 452 1600 509 cui
1651 450 1895 511 abunde

125 550 502 610 satisfactum
546 551 681 623 erit,
722 550 777 609 si
820 547 1286 623 ostenderimus,
1339 548 1638 629 quidquid
1682 549 1760 609 de
1802 570 1895 610 re-

124 650 235 708 bus
304 648 529 708 abditis
598 659 706 708 aut
772 650 956 710 altius
1023 650 1362 726 conjectum
1415 660 1522 708 aut
1581 649 1898 710 obscurius

123 747 352 807 dictum
419 758 527 808 aut
596 748 856 829 denique
911 751 977 808 in
1028 750 1369 829 sapientiae
1406 751 1899 810 ostentationem

122 847 449 908 ambitiose
505 850 914 929 compositum
975 851 1087 921 sit,
1155 848 1554 926 Pythagoreis
1611 849 1678 906 in
1735 867 1901 908 com-

124 966 308 1007 mune
383 947 681 1021 adscribi,
756 966 982 1028 eosque
1046 949 1279 1026 passim
1351 965 1490 1008 clun
1556 946 1901 1028 Aegyptiis,

124 1045 448 1108 Chaldaeis
461 1091 480 1121 ‚
531 1048 729 1124 Magis
786 1046 1188 1125 omnibusque
1243 1047 1617 1104 occultarum
1671 1051 1902 1120 vartium

124 1146 573 1207 affectatoribus
631 1146 922 1225 componi
973 1154 1269 1223 tanquam
1313 1143 1531 1204 eadem
1572 1146 1902 1226 professos.

125 1246 249 1306 Sed
292 1246 370 1306 de
414 1247 709 1305 orationis
753 1263 970 1323 genere
1013 1244 1162 1304 alibi
1205 1243 1464 1319 dictum;
1508 1263 1671 1306 nunc
1699 1267 1902 1308 exem-

121 1347 225 1426 pla
266 1347 577 1426 proferam
619 1347 1060 1405 sententiarum
1101 1346 1432 1422 mysticum
1474 1345 1772 1427 quiddam
1812 1369 1906 1408 re-

124 1449 493 1507 sonantium.
537 1446 902 1506 Aristoteles
943 1448 1011 1506 in
1053 1444 1232 1505 Anal.
1276 1446 1440 1506 Post.
1484 1446 1553 1507 L.
1596 1449 1673 1507 Π.
1719 1469 1767 1508 c.
1806 1449 1903 1509 10.

128 1546 268 1606 587.
323 1554 377 1610 εἰ
398 1625 401 1629 Δ
426 1550 669 1630 βροντᾷ
713 1548 1266 1630 ἅποσβεννυμένου
1309 1555 1422 1610 τοῦ
1466 1548 1663 1630 πυρὸς
1707 1548 1905 1635 ἀνάγ-

127 1648 395 1727 κησίζειν
447 1649 554 1709 καὶ
605 1654 840 1731 ψοφεῖν
895 1648 1001 1711 καὶ
1053 1647 1192 1729 (leg.
1247 1647 1354 1708 καὶ
1409 1645 1548 1727 οὐχ)
1607 1648 1825 1731 (ἵςπεο
1847 1652 1905 1711 οἱ

133 1744 566 1831 Πυθαγόρειοί
625 1768 860 1829 φασιν,
928 1749 1177 1825 ἀπειλῆς
1243 1748 1419 1809 ἕνεκα
1484 1752 1612 1815 τοῖς
1682 1751 1750 1809 ἐν
1815 1756 1905 1830 τῷ

136 1843 437 1928 Ταρτάρῳ
461 1846 557 1927 [¹¹¹]
627 1847 802 1915 ὅπως.
862 1849 1221 1929 φοβῶνται,
1298 1863 1482 1925 quam
1537 1848 1905 1907 sententiam

126 1946 506 2026 Philoponus
562 1947 631 2006 in
686 1942 926 2006 Comm.
983 1944 1064 2005 ad
1106 1946 1164 2005 h.
1208 1945 1248 2004 l.
1291 1964 1352 2024 p.
1396 1945 1498 2004 87.
1542 1944 1909 2006 adnumerat

126 2054 256 2118 τοῖς
288 2045 755 2132 Πυθαγορείοις
796 2044 1049 2128 μύθοις,
1087 2046 1350 2106 -Buhlius
1395 2055 1602 2105 autem
1646 2056 1774 2107 tam
1818 2050 1908 2107 in-

129 2157 338 2228 eptam
401 2155 581 2226 putat
649 2155 899 2225 tamque
917 2209 931 2215 ,
964 2145 1352 2226 philosophis
1418 2144 1766 2222 indignam,
1842 2157 1909 2205 ut

131 2247 325 2309 verba
376 2247 462 2316 ὥς
514 2249 575 2308 οἱ
631 2243 1066 2330 Πυθαγόρειοι
1109 2244 1561 2304 circumscribat
1588 2289 1591 2291 >
1614 2241 1908 2325 tanquam

133 2347 488 2419 inventicia,
542 2364 667 2405 non
719 2343 1105 2417 recordatus,
1164 2346 1415 2423 opinor,
1470 2345 1700 2405 multos
1743 2346 1909 2406 haud

132 2447 256 2506 alia
306 2446 548 2505 ratione
605 2463 720 2524 pro
783 2444 1171 2525 philosophis
1231 2443 1475 2504 habitos
1533 2461 1681 2504 esse·
1725 2463 1908 2525 quam

252 2658 337 2715 [1¹¹]
381 2656 615 2714 Significat
641 2655 815 2700 Sitanes
844 2663 1118 2712 ceteramque
1146 2663 1427 2699 monstrorum
1464 2658 1727 2700 infernorum
1757 2658 1910 2700 cohor-

135 2723 219 2761 tem
230 2749 243 2770 ,
288 2717 334 2759 in
362 2716 466 2760 deos
479 2748 493 2770 ,
532 2716 576 2758 ni
606 2722 877 2768 coerceatur,
918 2715 1222 2758 rebellaturam
1237 2749 1249 2769 ,
1287 2730 1370 2756 non
1406 2716 1596 2758 homines
1609 2748 1621 2768 ,
1660 2721 1709 2758 ut
1737 2716 1909 2759 Rittero

136 2775 272 2819 visum
323 2776 368 2817 in
422 2773 780 2818 Geschichte
835 2774 930 2816 der
982 2775 1480 2831 pythagorischen
1522 2773 1910 2831 Philosophie

136 2849 179 2892 p.
207 2834 307 2876 218.
351 2834 426 2891 qui
455 2833 558 2890 quia
596 2833 704 2876 haec
744 2833 978 2876 animarum
1020 2834 1066 2875 in
1107 2834 1223 2877 Orco
1265 2833 1477 2875 habitatio
1520 2847 1613 2876 cum
1653 2838 1910 2890 metempsy—

139 2893 259 2936 chosi
299 2898 498 2935 constare
535 2898 745 2948 nequeat,
796 2892 907 2934 hanc
946 2891 1084 2948 ipsam
1126 2891 1355 2934 exotericis
1396 2891 1644 2933 adnumerat
1683 2892 1908 2947 dogmatis.
1920 2895 1922 2897 ’

140 2951 241 2994 Non
279 2950 469 2995 diffiteor
507 2950 614 2995 mihi
648 2957 700 2999 et
735 2950 816 2993 hoc
857 2956 903 2993 et
940 2955 1108 3003 cetera,
1154 2965 1266 3006 quae
1304 2949 1351 2992 in
1400 2964 1494 2993 eam
1531 2963 1621 2992 rem
1674 2951 1804 2993 affert
1841 2951 1909 2993 vir

139 3008 426 3062 doctissimus,
466 3010 645 3080 perinde
674 3010 863 3062 incerta,
903 3013 1124 3078 totumque
1152 3009 1256 3051 illud
1297 3009 1601 3051 esotericorum
1642 3014 1687 3051 et
1724 3010 1909 3051 exoteri-

139 3081 283 3111 corum
313 3068 558 3124 dogmatum
587 3066 812 3111 discrimen
840 3068 1174 3111 commenticium
1207 3083 1234 3110 v
1237 3067 1360 3109 ideri.
1417 3067 1507 3109 Sed
1544 3072 1589 3109 et
1616 3067 1824 3110 rationem
1853 3068 1909 3110 il-

142 3127 224 3170 lam
253 3141 280 3170 a
308 3134 458 3170 metem
490 3127 664 3185 sychosi
690 3127 864 3173 ductam
905 3126 1078 3170 dubiam
1115 3126 1222 3169 facit
1261 3129 1480 3169 auctorum
1521 3125 1746 3169 dissensio.
1807 3127 1909 3169 Ser-

145 3183 237 3227 vius
280 3186 386 3227 Aen.
424 3186 509 3229 11.
548 3185 619 3229 68.
670 3176 837 3229 Plato
887 3199 915 3243 p
929 3189 1216 3242 erpetuam
1266 3182 1409 3227 dicit
1447 3185 1676 3228 animam
1720 3185 1786 3227 ad
1826 3185 1910 3227 di-

147 3256 309 3285 versa
338 3258 579 3301 corpora
608 3243 913 3287 transitum
944 3246 1139 3287 facere
1169 3243 1361 3285 statim
1392 3257 1490 3314 pro
1514 3244 1736 3286 meritis
1762 3244 1908 3301 prio-

148 3300 228 3342 ris
256 3301 423 3344 vitae.
480 3303 845 3359 Pythagoras
874 3317 1005 3345 vero
1035 3316 1138 3345 non
1166 3319 1201 3359 μ
1217 3316 1274 3345 ετ
1367 3299 1637 3360 ψύχωσιν
1666 3301 1759 3344 sed
1794 3317 1909 3345 πα-

150 3359 531 3415 λιγγενεσίαν
568 3375 691 3404 esse
731 3361 903 3411 dicit,
945 3362 1046 3403 hoc
1085 3367 1195 3412 est,
1236 3315 1426 3403 restitue
1465 3365 1595 3418 post
1623 3364 1852 3417 tempus
