2150 3814
220 187 344 246 972
751 203 986 247 Lmen
1030 203 1458 250 SECUNDUS.

219 331 438 410 quibus
482 332 734 391 mirifice
778 335 1054 410 congruit
1096 334 1278 393 Plinii
1322 336 1758 396 testimonium.
1844 338 1990 398 Vul-

194 450 370 491 „cano
414 432 508 490 illi
551 433 899 491 simillimus
946 431 1096 491 deus
1140 434 1240 493 vel
1272 434 1388 493 dea
1421 437 1755 509 Εὔνοστος,
1799 439 1991 522 ἄγαλ-

215 531 445 613 μάτιον
487 531 716 600 εὐτελὲς
759 535 826 593 ἐν
867 539 996 603 τοῖς
1029 540 1310 613 μυλῶσιν
1348 533 1612 611 Hesych.
1638 531 1714 614 [b]
1759 553 1873 594 nec
1914 534 1994 592 ob

217 631 387 691 aliud
420 650 601 711 quam
642 631 842 689 bonae
876 649 1134 691 scaevae
1169 651 1354 692 causa
1389 645 1811 714 comparatum
1837 633 1995 693 illud

218 731 385 812 quod
429 728 760 811 Καταχήνη
808 739 1065 791 vocatur
1113 730 1192 790 ab
1240 731 1553 809 Hesychio
1608 743 1672 794 et
1722 732 1996 794 locustae

216 827 417 891 simile
460 831 652 890 fuisse
698 829 922 890 dicitur
979 830 1059 890 ob
1116 833 1384 911 speciem
1426 820 1755 893 informem
1798 843 1995 919 γραῦς

216 931 462 1014 σεριῳία
508 941 569 990 et
610 932 926 1013 βασκανία
971 930 1172 991 dictae
1197 934 1288 1013 [⁰].
1347 930 1507 992 Nam
1553 934 1802 991 omnino
1846 958 2000 1014 noo-2

211 1030 527 1116 βασκάνια
582 1031 738 1090 hanc
792 1033 925 1091 vim
980 1031 1206 1092 habere
1260 1031 1618 1106 creduntur,
1673 1043 1746 1092 ut
1793 1034 1996 1113 specie

213 1150 327 1191 sua
372 1132 580 1192 oculos
624 1131 980 1193 invidorum
1040 1132 1117 1194 ab
1172 1133 1310 1192 aliis
1365 1133 1547 1193 rebus
1593 1132 1674 1193 ad
1733 1152 1800 1192 se
1856 1150 1996 1191 con-

212 1241 458 1293 vertant
500 1251 695 1311 eoque
737 1251 963 1291 noxam
1006 1235 1315 1312 perimant
1364 1235 1686 1315 ἑλκομένης
1729 1233 1836 1296 διὰ
1879 1234 1995 1312 τὴν

215 1333 483 1396 ἀτοπίαν
524 1340 634 1411 τῆς
677 1334 880 1415 ὄψεως
924 1333 1071 1402 (fiere
1113 1329 1300 1412 ἧττον
1343 1315 1672 1414 ἐπερείδειν
1708 1339 1836 1402 τοῖς
1872 1332 1995 1396 πά-

213 1453 433 1512 σχουσι
486 1432 643 1492 Plut.
703 1431 918 1511 Symp.
962 1431 1036 1492 V.
1090 1434 1150 1493 7.
1205 1432 1263 1491 4.
1348 1433 1566 1510 Itaque
1622 1434 1865 1510 pueris,
1925 1442 1996 1491 ut

213 1530 409 1592 Varro
467 1531 645 1605 dicit,
702 1532 1105 1610 turpicula
1158 1550 1279 1590 res
1312 1530 1685 1610 quaedam
1725 1532 1791 1591 in
1836 1531 1995 1591 collo

210 1631 730 1712 suspendebatur,
800 1632 1090 1704 caminis»,
1144 1642 1213 1690 ut
1272 1631 1522 1705 Pollux,
1584 1629 1801 1717 γελοῖοί
1851 1657 1994 1696 τινα

210 1732 710 1813 apponebantur,
756 1730 1133 1810 eandemque
1176 1741 1546 1811 potestatem
1589 1731 1807 1795 fascini
1850 1751 1994 1812 pro-

209 1831 481 1913 hibendi
519 1832 883 1891 animalium
945 1833 1167 1909 figuras
1221 1832 1516 1891 informes
1562 1842 1623 1892 et
1665 1834 1995 1892 monstrifi-

212 1952 344 2007 caS,
400 1933 609 2012 quales
654 1940 797 1991 sunt
847 1929 1180 2003 scarabaei,
1223 1932 1403 2008 grylli
1447 1941 1508 1990 et
1550 1933 1844 2006 locustae,
1886 1934 1994 1992 ha-

210 2033 356 2093 bere
412 2032 726 2093 creditum.
833 2029 1210 2106 Hesychius:
1279 2030 1718 2115 Κεράμβηλος,
1791 2031 1989 2112 κήπου

209 2132 679 2216 προβασκάνιον
721 2150 781 2191 v.
825 2131 1137 2189 Muncker.
1183 2139 1246 2188 et
1288 2130 1595 2208 Verheyk.
1641 2133 1722 2191 ad
1764 2133 1991 2192 Anton.

209 2234 344 2294 Lib.
390 2255 437 2293 c.
481 2231 680 2292 XXII.
725 2232 1079 2292 Mellmann.
1126 2230 1202 2289 de
1246 2231 1464 2291 Mutat.
1508 2232 1716 2291 Form.
1761 2254 1821 2314 p.
1872 2233 1994 2292 loo

211 2345 274 2393 et
329 2333 620 2392 Scholion
681 2352 917 2392 sacrum
986 2334 1051 2390 in
1119 2330 1286 2392 Nott.
1342 2332 1425 2391 ad
1490 2332 1713 2409 Phryn.
1773 2354 1834 2413 p.
1891 2333 1992 2392 86.

210 2432 571 2510 Wesseling.
637 2431 718 2491 ad
769 2431 957 2491 Diod.
1014 2430 1116 2489 IV.
1173 2430 1316 2490 453.
1393 2432 1771 2491 Schleusner.
1828 2432 1990 2494 Nov.

211 2533 390 2594 Thes.
431 2532 536 2592 IV.
578 2529 722 2592 451.
808 2532 1088 2590 Picturae
1143 2529 1469 2604 ridiculae,
1533 2532 1742 2611 quales
1785 2531 1990 2591 ferun-

211 2719 296 2807 {ign
334 2705 678 2805 procul5z61bsunt
726 2716 1011 2761 suspensa
1054 2703 1234 2745 focum
1291 2703 1566 2745 carnaria
1614 2703 1785 2758 juxta
1834 2701 1988 2757 Virgil.

215 2778 234 2808 l
269 2770 375 2807 oret.
417 2779 459 2821 p.
550 2796 562 2806 .
1903 2789 1907 2793 .

331 2835 401 2892 [b]
447 2836 583 2878 Deam
611 2837 740 2878 vocat
768 2833 969 2877 Eustath.
1002 2848 1045 2890 p.
1079 2831 1205 2875 1383.
1234 2830 1306 2876 42.
1361 2829 1589 2882 Εὔνοστος
1616 2831 1724 2882 θεὸς
1752 2833 1825 2876 ἐπι
1866 2827 1990 2881 ύλιος

212 2896 411 2939 δοκοῦσα
451 2895 629 2953 ἓφορᾷν
667 2891 716 2937 τὸ
759 2891 926 2952 μέτρον
966 2895 1056 2935 τῶν
1089 2888 1303 2948 ἀλεύρων.
1345 2898 1390 2934 et
1419 2893 1542 2935 Sext.
1583 2907 1618 2934 c.
1648 2891 1781 2946 Phys.
1835 2922 1845 2931 .
1885 2891 1986 2932 592.

212 2957 253 2997 εἰ
281 2950 533 3011 ἡ’Ἀρτεμις
560 2949 668 3001 θεός
696 2953 790 2996 ἐστι
819 2954 895 2995 καὶ
924 2948 951 3004 ἡ
976 2950 1156 2995 Ἐνοδία
1185 2966 1249 2999 τις
1279 2947 1338 2994 ἂν
1367 2955 1436 3007 εἴη
1467 2949 1574 3000 θεὸς
1611 2952 1688 2992 καὶ
1727 2947 1754 3004 ἡ
1794 2953 1988 3008 Προθυ-

211 3016 319 3067 ραία
350 3013 426 3055 καὶ
449 3007 707 3069 Ἐπιμὺλιος
736 3013 812 3054 καὶ
836 3006 1183 3064 Ἐπικλιβάνιος·
1228 3010 1296 3051 cui
1336 3009 1529 3065 proxima
1570 3013 1636 3050 est
1679 3008 1774 3050 Dea
1814 3007 1987 3049 Fornax

211 3071 509 3113 Romanorum.
557 3070 683 3111 Gorii
712 3069 894 3112 Dissert.
925 3068 978 3110 de
1007 3068 1200 3110 Eunosto
1230 3068 1274 3109 in
1303 3067 1480 3110 Memor.
1511 3066 1646 3109 Acad.
1668 3066 1860 3108 Florent.
1890 3065 1985 3107 lau-

211 3130 290 3172 dat
318 3129 614 3172 Beckmannus
645 3129 781 3171 Beitr.
811 3143 850 3170 z.
887 3127 1046 3174 Gesch.
1087 3127 1128 3168 d.
1172 3126 1340 3168 Erfind.
1383 3127 1433 3168 P.
1473 3126 1510 3168 I.
1551 3126 1591 3167 8.
1628 3125 1731 3168 mihi
1769 3125 1987 3179 ignotam3

212 3188 598 3231 Grammaticorum
627 3187 868 3230 testimonia
897 3185 1072 3242 collegit
1101 3185 1346 3228 Martorelli
1388 3185 1433 3227 in
1475 3184 1628 3226 Theca
1669 3182 1884 3225 Calamar.
1926 3182 1985 3224 T.

329 3305 398 3361 [θ]
442 3303 711 3359 Hesychius:
772 3300 961 3362 Κραυγή
989 3328 1048 3336 --
1088 3298 1291 3359 νόσημα,
1337 3298 1362 3345 ὃ
1404 3296 1704 3355 καταβλάπτει
1742 3303 1835 3348 τοῖς
1872 3314 1984 3342 παι-

214 3363 352 3412 δίοις·
398 3364 475 3410 καὶ
505 3361 592 3421 γὰρ
622 3359 649 3416 ἡ
681 3364 820 3422 κραῦξ
848 3364 1005 3422 ἐριφία
1034 3360 1160 3421 ἀκρίς
1188 3362 1309 3405 ἐστιν
1339 3358 1365 3414 ἡ
1394 3361 1614 3418 λεγομένη
1642 3359 1879 3414 βασκανία.
