<?xml version="1.0" encoding="UTF-8"?>
<!DOCTYPE html PUBLIC "-//W3C//DTD XHTML 1.0 Transitional//EN"
    "http://www.w3.org/TR/xhtml1/DTD/xhtml1-transitional.dtd">
<html xmlns="http://www.w3.org/1999/xhtml" xml:lang="en" lang="en">
 <head>
  <title>
</title>
<meta http-equiv="Content-Type" content="text/html;charset=utf-8" />
  <meta name='ocr-system' content='tesseract 3.04.00' />
  <meta name='ocr-capabilities' content='ocr_page ocr_carea ocr_par ocr_line ocrx_word'/>
</head>
<body>
  <div class='ocr_page' id='page_1' title='image "./aglaophamussived02lobeuoft_0410.png"; bbox 0 0 2150 3814; ppageno 0'>
   <div class='ocr_carea' id='block_1_1' title="bbox 212 213 1411 279">
    <p class='ocr_par' dir='ltr' id='par_1_1' title="bbox 212 213 1411 279">
     <span class='ocr_line' id='line_1_1' title="bbox 212 213 1411 279; baseline -0.009 -1"><span class='ocrx_word' id='word_1_1' title='bbox 212 213 374 279; x_wconf 84' lang='lat'>1186</span> <span class='ocrx_word' id='word_1_2' title='bbox 764 227 999 270; x_wconf 70' lang='lat' dir='ltr'>mssa</span> <span class='ocrx_word' id='word_1_3' title='bbox 1045 225 1411 269; x_wconf 80' lang='lat' dir='ltr'>TERTlus.</span> 
     </span>
    </p>
   </div>
   <div class='ocr_carea' id='block_1_2' title="bbox 207 353 1997 1329">
    <p class='ocr_par' dir='ltr' id='par_1_2' title="bbox 207 353 1997 1329">
     <span class='ocr_line' id='line_1_2' title="bbox 208 353 1980 434; baseline -0.005 -12"><span class='ocrx_word' id='word_1_4' title='bbox 208 361 398 422; x_wconf 90' lang='lat' dir='ltr'>animi</span> <span class='ocrx_word' id='word_1_5' title='bbox 455 365 627 418; x_wconf 89' lang='lat' dir='ltr'>motu</span> <span class='ocrx_word' id='word_1_6' title='bbox 672 355 993 434; x_wconf 80' lang='lat' dir='ltr'>conceptis,</span> <span class='ocrx_word' id='word_1_7' title='bbox 1079 353 1254 411; x_wconf 86' lang='lat' dir='ltr'>Patet</span> <span class='ocrx_word' id='word_1_8' title='bbox 1297 356 1461 413; x_wconf 88' lang='lat' dir='ltr'>enim</span> <span class='ocrx_word' id='word_1_9' title='bbox 1504 363 1574 412; x_wconf 93' lang='lat' dir='ltr'>ut</span> <span class='ocrx_word' id='word_1_10' title='bbox 1618 353 1900 433; x_wconf 87' lang='lat' dir='ltr'>exemplo</span> <span class='ocrx_word' id='word_1_11' title='bbox 1943 373 1980 414; x_wconf 86' lang='lat' dir='ltr'>a</span> 
     </span>
     <span class='ocr_line' id='line_1_3' title="bbox 207 444 1984 532; baseline -0.006 -11"><span class='ocrx_word' id='word_1_12' title='bbox 207 459 383 522; x_wconf 88' lang='lat' dir='ltr'>Jovis</span> <span class='ocrx_word' id='word_1_13' title='bbox 443 444 701 517; x_wconf 81' lang='lat' dir='ltr'>infantia</span> <span class='ocrx_word' id='word_1_14' title='bbox 756 463 959 512; x_wconf 91' lang='lat' dir='ltr'>sumto</span> <span class='ocrx_word' id='word_1_15' title='bbox 1004 452 1326 532; x_wconf 84' lang='lat' dir='ltr'><strong>Neptunus</strong></span> <span class='ocrx_word' id='word_1_16' title='bbox 1366 453 1570 513; x_wconf 88' lang='lat' dir='ltr'>infans</span> <span class='ocrx_word' id='word_1_17' title='bbox 1612 453 1678 511; x_wconf 91' lang='lat' dir='ltr'>in</span> <span class='ocrx_word' id='word_1_18' title='bbox 1719 451 1984 511; x_wconf 89' lang='lat' dir='ltr'>insulam</span> 
     </span>
     <span class='ocr_line' id='line_1_4' title="bbox 209 546 1986 637; baseline -0.006 -17"><span class='ocrx_word' id='word_1_19' title='bbox 209 560 602 637; x_wconf 87' lang='lat' dir='ltr'>longinquam</span> <span class='ocrx_word' id='word_1_20' title='bbox 666 550 1022 611; x_wconf 86' lang='lat' dir='ltr'>translatus</span> <span class='ocrx_word' id='word_1_21' title='bbox 1051 546 1347 630; x_wconf 84' lang='lat' dir='ltr'>curaeque</span> <span class='ocrx_word' id='word_1_22' title='bbox 1391 548 1768 632; x_wconf 68' lang='lat' dir='ltr'>Telchinum&#39;</span> <span class='ocrx_word' id='word_1_23' title='bbox 1788 550 1986 611; x_wconf 75' lang='lat' dir='ltr'>tradi·</span> 
     </span>
     <span class='ocr_line' id='line_1_5' title="bbox 211 650 1988 732; baseline -0.005 -14"><span class='ocrx_word' id='word_1_24' title='bbox 211 657 327 718; x_wconf 86' lang='lat' dir='ltr'>tus</span> <span class='ocrx_word' id='word_1_25' title='bbox 378 658 488 726; x_wconf 91' lang='lat' dir='ltr'>sit,</span> <span class='ocrx_word' id='word_1_26' title='bbox 574 651 795 732; x_wconf 89' lang='lat' dir='ltr'>quibus</span> <span class='ocrx_word' id='word_1_27' title='bbox 853 669 898 709; x_wconf 67' lang='lat' dir='ltr'>‘e</span> <span class='ocrx_word' id='word_1_28' title='bbox 951 653 1242 732; x_wconf 84' lang='lat' dir='ltr'>proximo</span> <span class='ocrx_word' id='word_1_29' title='bbox 1298 651 1511 712; x_wconf 89' lang='lat' dir='ltr'>addita</span> <span class='ocrx_word' id='word_1_30' title='bbox 1569 670 1744 712; x_wconf 88' lang='lat' dir='ltr'>soror</span> <span class='ocrx_word' id='word_1_31' title='bbox 1799 650 1988 711; x_wconf 83' lang='lat' dir='ltr'>Halia</span> 
     </span>
     <span class='ocr_line' id='line_1_6' title="bbox 210 750 1990 831; baseline -0.005 -13"><span class='ocrx_word' id='word_1_32' title='bbox 210 755 593 818; x_wconf 82' lang='lat' dir='ltr'>Leucotheae</span> <span class='ocrx_word' id='word_1_33' title='bbox 634 753 936 812; x_wconf 80' lang='lat' dir='ltr'>imitatrix</span> <span class='ocrx_word' id='word_1_34' title='bbox 954 751 1048 831; x_wconf 53' lang='grc' dir='ltr'>[δ’]</span> <span class='ocrx_word' id='word_1_35' title='bbox 1109 750 1235 810; x_wconf 92' lang='lat' dir='ltr'>Nec</span> <span class='ocrx_word' id='word_1_36' title='bbox 1278 753 1512 829; x_wconf 75' lang='lat' dir='ltr'>maJore</span> <span class='ocrx_word' id='word_1_37' title='bbox 1555 754 1785 811; x_wconf 85' lang='lat' dir='ltr'>astutia</span> <span class='ocrx_word' id='word_1_38' title='bbox 1832 767 1990 831; x_wconf 86' lang='lat' dir='ltr'>opus</span> 
     </span>
     <span class='ocr_line' id='line_1_7' title="bbox 209 849 1992 931; baseline -0.004 -14"><span class='ocrx_word' id='word_1_39' title='bbox 209 857 330 917; x_wconf 86' lang='lat' dir='ltr'>fuit</span> <span class='ocrx_word' id='word_1_40' title='bbox 373 854 452 916; x_wconf 91' lang='lat' dir='ltr'>ad</span> <span class='ocrx_word' id='word_1_41' title='bbox 498 849 1075 914; x_wconf 90' lang='lat' dir='ltr'>comminiscendam</span> <span class='ocrx_word' id='word_1_42' title='bbox 1119 850 1272 927; x_wconf 89' lang='lat' dir='ltr'>Lyci</span> <span class='ocrx_word' id='word_1_43' title='bbox 1317 849 1622 910; x_wconf 87' lang='lat' dir='ltr'>Telchinis</span> <span class='ocrx_word' id='word_1_44' title='bbox 1664 849 1992 931; x_wconf 87' lang='lat' dir='ltr'>profectio-</span> 
     </span>
     <span class='ocr_line' id='line_1_8' title="bbox 209 945 1993 1031; baseline -0.005 -15"><span class='ocrx_word' id='word_1_45' title='bbox 209 974 351 1016; x_wconf 89' lang='lat' dir='ltr'>nem</span> <span class='ocrx_word' id='word_1_46' title='bbox 400 956 483 1014; x_wconf 57' lang='lat' dir='ltr'>‘in</span> <span class='ocrx_word' id='word_1_47' title='bbox 547 953 832 1029; x_wconf 85' lang='lat' dir='ltr'>Lyciam,</span> <span class='ocrx_word' id='word_1_48' title='bbox 909 950 1017 1010; x_wconf 91' lang='lat' dir='ltr'>ubi</span> <span class='ocrx_word' id='word_1_49' title='bbox 1083 949 1404 1031; x_wconf 17' lang='lat' dir='ltr'>Apollinis.</span> <span class='ocrx_word' id='word_1_50' title='bbox 1449 950 1626 1026; x_wconf 87' lang='lat' dir='ltr'>Lycii</span> <span class='ocrx_word' id='word_1_51' title='bbox 1690 945 1993 1029; x_wconf 80' lang='lat' dir='ltr'>templum</span> 
     </span>
     <span class='ocr_line' id='line_1_9' title="bbox 213 1049 1995 1137; baseline -0.005 -21"><span class='ocrx_word' id='word_1_52' title='bbox 213 1052 399 1137; x_wconf 82' lang='lat' dir='ltr'>super</span> <span class='ocrx_word' id='word_1_53' title='bbox 440 1053 672 1113; x_wconf 86' lang='lat' dir='ltr'>Xanthi</span> <span class='ocrx_word' id='word_1_54' title='bbox 713 1053 867 1132; x_wconf 87' lang='lat' dir='ltr'>ripis</span> <span class='ocrx_word' id='word_1_55' title='bbox 913 1049 1260 1111; x_wconf 87' lang='lat' dir='ltr'>condidisse</span> <span class='ocrx_word' id='word_1_56' title='bbox 1304 1049 1556 1124; x_wconf 90' lang='lat' dir='ltr'>dicitur,</span> <span class='ocrx_word' id='word_1_57' title='bbox 1598 1050 1841 1129; x_wconf 87' lang='lat' dir='ltr'>quippe·</span> <span class='ocrx_word' id='word_1_58' title='bbox 1863 1049 1995 1126; x_wconf 73' lang='lat' dir='ltr'>Jam</span> 
     </span>
     <span class='ocr_line' id='line_1_10' title="bbox 213 1147 1997 1236; baseline -0.004 -21"><span class='ocrx_word' id='word_1_59' title='bbox 213 1156 386 1236; x_wconf 89' lang='lat' dir='ltr'>prius</span> <span class='ocrx_word' id='word_1_60' title='bbox 442 1151 702 1225; x_wconf 89' lang='lat' dir='ltr'>tradito,</span> <span class='ocrx_word' id='word_1_61' title='bbox 761 1151 1067 1210; x_wconf 87' lang='lat' dir='ltr'>Latonam</span> <span class='ocrx_word' id='word_1_62' title='bbox 1113 1169 1151 1210; x_wconf 90' lang='lat' dir='ltr'>a</span> <span class='ocrx_word' id='word_1_63' title='bbox 1193 1151 1358 1231; x_wconf 89' lang='lat' dir='ltr'>lupis</span> <span class='ocrx_word' id='word_1_64' title='bbox 1402 1150 1482 1210; x_wconf 90' lang='lat' dir='ltr'>ad</span> <span class='ocrx_word' id='word_1_65' title='bbox 1524 1147 1997 1211; x_wconf 21' lang='lat' dir='ltr'>fluvium.-Xan-</span> 
     </span>
     <span class='ocr_line' id='line_1_11' title="bbox 215 1246 1996 1329; baseline -0.004 -15"><span class='ocrx_word' id='word_1_66' title='bbox 215 1254 391 1314; x_wconf 91' lang='lat' dir='ltr'>thum</span> <span class='ocrx_word' id='word_1_67' title='bbox 437 1251 759 1311; x_wconf 89' lang='lat' dir='ltr'>deductam</span> <span class='ocrx_word' id='word_1_68' title='bbox 805 1246 1044 1329; x_wconf 86' lang='lat' dir='ltr'>esse[¹¹].</span> <span class='ocrx_word' id='word_1_69' title='bbox 1124 1248 1260 1323; x_wconf 82' lang='lat' dir='ltr'>Quo</span> <span class='ocrx_word' id='word_1_70' title='bbox 1306 1250 1633 1310; x_wconf 87' lang='lat' dir='ltr'>accedebat</span> <span class='ocrx_word' id='word_1_71' title='bbox 1675 1247 1841 1329; x_wconf 89' lang='lat' dir='ltr'>quod</span> <span class='ocrx_word' id='word_1_72' title='bbox 1866 1248 1996 1308; x_wconf 79' lang='lat' dir='ltr'>Pa-</span> 
     </span>
    </p>
   </div>
   <div class='ocr_carea' id='block_1_3' title="bbox 178 1322 2112 1429">
    <p class='ocr_par' dir='ltr' id='par_1_3' title="bbox 178 1322 2112 1429">
     <span class='ocr_line' id='line_1_12' title="bbox 178 1322 2112 1429; baseline -0.002 -18"><span class='ocrx_word' id='word_1_73' title='bbox 178 1350 181 1353; x_wconf 65' lang='grc'><strong><em>’</em></strong></span> <span class='ocrx_word' id='word_1_74' title='bbox 216 1355 426 1429; x_wconf 88' lang='lat' dir='ltr'>nyasis</span> <span class='ocrx_word' id='word_1_75' title='bbox 471 1349 756 1421; x_wconf 83' lang='lat' dir='ltr'>tradidit,</span> <span class='ocrx_word' id='word_1_76' title='bbox 798 1348 1027 1424; x_wconf 85' lang='lat' dir='ltr'>Lyciae</span> <span class='ocrx_word' id='word_1_77' title='bbox 1070 1351 1264 1427; x_wconf 84' lang='lat' dir='ltr'>gentis</span> <span class='ocrx_word' id='word_1_78' title='bbox 1308 1360 1618 1410; x_wconf 89' lang='lat' dir='ltr'>auctorem</span> <span class='ocrx_word' id='word_1_79' title='bbox 1659 1346 1998 1409; x_wconf 86' lang='lat' dir='ltr'>Tremilum</span> <span class='ocrx_word' id='word_1_80' title='bbox 2030 1371 2033 1374; x_wconf 65' lang='grc'>’</span> <span class='ocrx_word' id='word_1_81' title='bbox 2111 1322 2112 1325; x_wconf 14' lang='lat'>¹</span> 
     </span>
    </p>
   </div>
   <div class='ocr_carea' id='block_1_4' title="bbox 213 1445 2002 1828">
    <p class='ocr_par' dir='ltr' id='par_1_4' title="bbox 213 1445 2002 1828">
     <span class='ocr_line' id='line_1_13' title="bbox 217 1445 1998 1529; baseline -0.002 -19"><span class='ocrx_word' id='word_1_82' title='bbox 217 1451 415 1529; x_wconf 87' lang='lat' dir='ltr'>Ogygi</span> <span class='ocrx_word' id='word_1_83' title='bbox 458 1450 646 1509; x_wconf 89' lang='lat' dir='ltr'>filiam</span> <span class='ocrx_word' id='word_1_84' title='bbox 691 1446 1074 1506; x_wconf 88' lang='lat' dir='ltr'>Praxidicam</span> <span class='ocrx_word' id='word_1_85' title='bbox 1119 1450 1185 1506; x_wconf 89' lang='lat' dir='ltr'>in</span> <span class='ocrx_word' id='word_1_86' title='bbox 1224 1450 1617 1508; x_wconf 89' lang='lat' dir='ltr'>matrimonio</span> <span class='ocrx_word' id='word_1_87' title='bbox 1641 1445 1998 1528; x_wconf 53' lang='lat' dir='ltr'>habuisses]</span> 
     </span>
     <span class='ocr_line' id='line_1_14' title="bbox 218 1544 1999 1630; baseline -0.002 -20"><span class='ocrx_word' id='word_1_88' title='bbox 218 1549 429 1630; x_wconf 87' lang='lat' dir='ltr'>Steph.</span> <span class='ocrx_word' id='word_1_89' title='bbox 474 1567 522 1608; x_wconf 90' lang='lat' dir='ltr'>s.</span> <span class='ocrx_word' id='word_1_90' title='bbox 572 1547 853 1630; x_wconf 78' lang='grc' dir='ltr'><strong>Τρεμίλη.</strong></span> <span class='ocrx_word' id='word_1_91' title='bbox 898 1544 1036 1605; x_wconf 91' lang='lat' dir='ltr'>Una</span> <span class='ocrx_word' id='word_1_92' title='bbox 1078 1548 1240 1606; x_wconf 89' lang='lat' dir='ltr'>enim</span> <span class='ocrx_word' id='word_1_93' title='bbox 1275 1547 1732 1608; x_wconf 87' lang='lat' dir='ltr'>Praxidicarum</span> <span class='ocrx_word' id='word_1_94' title='bbox 1755 1547 1999 1607; x_wconf 86' lang='lat' dir='ltr'>Thelxi-</span> 
     </span>
     <span class='ocr_line' id='line_1_15' title="bbox 217 1645 2000 1726; baseline -0.001 -17"><span class='ocrx_word' id='word_1_95' title='bbox 217 1666 335 1709; x_wconf 91' lang='lat' dir='ltr'>nea</span> <span class='ocrx_word' id='word_1_96' title='bbox 377 1647 718 1710; x_wconf 86' lang='lat' dir='ltr'>vocabatur</span> <span class='ocrx_word' id='word_1_97' title='bbox 761 1645 932 1706; x_wconf 86' lang='lat' dir='ltr'>Suid.</span> <span class='ocrx_word' id='word_1_98' title='bbox 977 1666 1172 1726; x_wconf 87' lang='lat' dir='ltr'>neque</span> <span class='ocrx_word' id='word_1_99' title='bbox 1200 1646 1557 1706; x_wconf 88' lang='lat' dir='ltr'>incredibile</span> <span class='ocrx_word' id='word_1_100' title='bbox 1580 1647 1848 1720; x_wconf 88' lang='lat' dir='ltr'>videtur,</span> <span class='ocrx_word' id='word_1_101' title='bbox 1869 1648 2000 1707; x_wconf 77' lang='lat' dir='ltr'>&#39;hu-</span> 
     </span>
     <span class='ocr_line' id='line_1_16' title="bbox 213 1741 2002 1828; baseline -0.001 -20"><span class='ocrx_word' id='word_1_102' title='bbox 213 1748 319 1827; x_wconf 86' lang='lat' dir='ltr'>jus</span> <span class='ocrx_word' id='word_1_103' title='bbox 363 1765 607 1828; x_wconf 89' lang='lat' dir='ltr'>quoque</span> <span class='ocrx_word' id='word_1_104' title='bbox 648 1748 917 1806; x_wconf 91' lang='lat' dir='ltr'>nominis</span> <span class='ocrx_word' id='word_1_105' title='bbox 961 1741 1694 1808; x_wconf 53' lang='lat' dir='ltr'>similitudine&#39;Zenonem</span> <span class='ocrx_word' id='word_1_106' title='bbox 1741 1747 1842 1810; x_wconf 87' lang='lat' dir='ltr'>vel</span> <span class='ocrx_word' id='word_1_107' title='bbox 1871 1749 2002 1827; x_wconf 81' lang='lat' dir='ltr'>qui-</span> 
     </span>
    </p>
   </div>
   <div class='ocr_carea' id='block_1_5' title="bbox 225 1917 2003 2207">
    <p class='ocr_par' dir='ltr' id='par_1_5' title="bbox 225 1917 2003 2207">
     <span class='ocr_line' id='line_1_17' title="bbox 345 1917 2002 1976; baseline -0.001 -14"><span class='ocrx_word' id='word_1_108' title='bbox 345 1917 421 1975; x_wconf 83' lang='lat' dir='ltr'>[g]</span> <span class='ocrx_word' id='word_1_109' title='bbox 463 1919 637 1961; x_wconf 87' lang='lat' dir='ltr'>Haliam</span> <span class='ocrx_word' id='word_1_110' title='bbox 666 1918 894 1976; x_wconf 80' lang='lat' dir='ltr'>nympham</span> <span class='ocrx_word' id='word_1_111' title='bbox 922 1917 1135 1960; x_wconf 86' lang='lat' dir='ltr'>Homerus</span> <span class='ocrx_word' id='word_1_112' title='bbox 1163 1917 1277 1960; x_wconf 88' lang='lat' dir='ltr'>inter</span> <span class='ocrx_word' id='word_1_113' title='bbox 1308 1918 1519 1960; x_wconf 82' lang='lat' dir='ltr'>Nereides</span> <span class='ocrx_word' id='word_1_114' title='bbox 1548 1923 1742 1962; x_wconf 85' lang='lat' dir='ltr'>numerat</span> <span class='ocrx_word' id='word_1_115' title='bbox 1770 1922 1829 1971; x_wconf 86' lang='lat' dir='ltr'>et,</span> <span class='ocrx_word' id='word_1_116' title='bbox 1859 1917 1898 1960; x_wconf 87' lang='lat' dir='ltr'>si</span> <span class='ocrx_word' id='word_1_117' title='bbox 1925 1932 2002 1961; x_wconf 86' lang='lat' dir='ltr'>ve·-</span> 
     </span>
     <span class='ocr_line' id='line_1_18' title="bbox 225 1949 2000 2032; baseline 0 -13"><span class='ocrx_word' id='word_1_118' title='bbox 225 1989 318 2019; x_wconf 84' lang='lat' dir='ltr'>rum</span> <span class='ocrx_word' id='word_1_119' title='bbox 349 1977 458 2019; x_wconf 83' lang='lat' dir='ltr'>vidit</span> <span class='ocrx_word' id='word_1_120' title='bbox 486 1976 796 2019; x_wconf 73' lang='lat' dir='ltr'>Valckenarius</span> <span class='ocrx_word' id='word_1_121' title='bbox 826 1977 880 2019; x_wconf 88' lang='lat' dir='ltr'>ad</span> <span class='ocrx_word' id='word_1_122' title='bbox 910 1977 1102 2021; x_wconf 86' lang='lat' dir='ltr'>Ammon.</span> <span class='ocrx_word' id='word_1_123' title='bbox 1134 1990 1177 2032; x_wconf 87' lang='lat' dir='ltr'>p.</span> <span class='ocrx_word' id='word_1_124' title='bbox 1209 1975 1306 2020; x_wconf 89' lang='lat'>165.</span> <span class='ocrx_word' id='word_1_125' title='bbox 1367 1977 1584 2019; x_wconf 87' lang='lat' dir='ltr'>Hesiodus</span> <span class='ocrx_word' id='word_1_126' title='bbox 1613 1977 1757 2019; x_wconf 82' lang='lat' dir='ltr'>etiam.</span> <span class='ocrx_word' id='word_1_127' title='bbox 1817 1949 2000 2021; x_wconf 61' lang='grc' dir='ltr'><em>’Λευκο-</em></span> 
     </span>
     <span class='ocr_line' id='line_1_19' title="bbox 225 2034 2002 2107; baseline -0.002 -28"><span class='ocrx_word' id='word_1_128' title='bbox 225 2039 314 2080; x_wconf 81' lang='grc' dir='ltr'>θέα</span> <span class='ocrx_word' id='word_1_129' title='bbox 343 2049 558 2077; x_wconf 89' lang='lat' dir='ltr'>commune</span> <span class='ocrx_word' id='word_1_130' title='bbox 588 2035 762 2077; x_wconf 89' lang='lat' dir='ltr'>dearum</span> <span class='ocrx_word' id='word_1_131' title='bbox 792 2050 817 2076; x_wconf 88' lang='lat' dir='ltr'>a</span> <span class='ocrx_word' id='word_1_132' title='bbox 848 2034 1042 2077; x_wconf 82' lang='lat' dir='ltr'>natilium</span> <span class='ocrx_word' id='word_1_133' title='bbox 1071 2048 1221 2076; x_wconf 86' lang='lat' dir='ltr'>nomen</span> <span class='ocrx_word' id='word_1_134' title='bbox 1262 2037 1330 2078; x_wconf 80' lang='lat' dir='ltr'>est</span> <span class='ocrx_word' id='word_1_135' title='bbox 1367 2049 1409 2076; x_wconf 84' lang='lat' dir='ltr'>v.</span> <span class='ocrx_word' id='word_1_136' title='bbox 1449 2035 1598 2107; x_wconf 86' lang='lat' dir='ltr'>Etym.</span> <span class='ocrx_word' id='word_1_137' title='bbox 1641 2035 1704 2078; x_wconf 91' lang='grc' dir='ltr'>Μ.</span> <span class='ocrx_word' id='word_1_138' title='bbox 1741 2050 1776 2080; x_wconf 81' lang='lat' dir='ltr'>s,</span> <span class='ocrx_word' id='word_1_139' title='bbox 1808 2050 1849 2078; x_wconf 83' lang='lat' dir='ltr'>v.</span> <span class='ocrx_word' id='word_1_140' title='bbox 1887 2034 2002 2077; x_wconf 85' lang='lat' dir='ltr'>unde</span> 
     </span>
     <span class='ocr_line' id='line_1_20' title="bbox 225 2087 2003 2150; baseline 0.001 -16"><span class='ocrx_word' id='word_1_141' title='bbox 225 2087 499 2135; x_wconf 85' lang='lat' dir='ltr'>Leucotheae</span> <span class='ocrx_word' id='word_1_142' title='bbox 528 2095 625 2135; x_wconf 85' lang='lat' dir='ltr'>fons</span> <span class='ocrx_word' id='word_1_143' title='bbox 655 2092 774 2134; x_wconf 86' lang='lat' dir='ltr'>Sami</span> <span class='ocrx_word' id='word_1_144' title='bbox 802 2091 869 2134; x_wconf 90' lang='lat' dir='ltr'>P</span> <span class='ocrx_word' id='word_1_145' title='bbox 857 2106 913 2134; x_wconf 83' lang='grc' dir='ltr'><strong>ιιι.</strong></span> <span class='ocrx_word' id='word_1_146' title='bbox 943 2092 997 2134; x_wconf 89' lang='lat' dir='ltr'>V.</span> <span class='ocrx_word' id='word_1_147' title='bbox 1027 2090 1098 2134; x_wconf 82' lang='lat'>37.</span> <span class='ocrx_word' id='word_1_148' title='bbox 1141 2090 1310 2148; x_wconf 63' lang='lat' dir='ltr'>&#39;‘Ivaxaa</span> <span class='ocrx_word' id='word_1_149' title='bbox 1340 2091 1473 2150; x_wconf 80' lang='grc' dir='ltr'><em>ἑορτὴ</em></span> <span class='ocrx_word' id='word_1_150' title='bbox 1502 2097 1767 2142; x_wconf 78' lang='grc' dir='ltr'><em>Λευκοθέας</em></span> <span class='ocrx_word' id='word_1_151' title='bbox 1794 2091 1839 2135; x_wconf 89' lang='lat' dir='ltr'>in</span> <span class='ocrx_word' id='word_1_152' title='bbox 1869 2093 2003 2135; x_wconf 85' lang='lat' dir='ltr'>Creta</span> 
     </span>
     <span class='ocr_line' id='line_1_21' title="bbox 226 2150 1172 2207; baseline -0.001 -14"><span class='ocrx_word' id='word_1_153' title='bbox 226 2150 418 2207; x_wconf 84' lang='lat' dir='ltr'>Hesych.</span> <span class='ocrx_word' id='word_1_154' title='bbox 450 2151 505 2193; x_wconf 89' lang='lat' dir='ltr'>ab</span> <span class='ocrx_word' id='word_1_155' title='bbox 535 2150 696 2192; x_wconf 87' lang='lat' dir='ltr'>Inacho</span> <span class='ocrx_word' id='word_1_156' title='bbox 729 2150 994 2193; x_wconf 88' lang='lat' dir='ltr'>Oceanidum</span> <span class='ocrx_word' id='word_1_157' title='bbox 1022 2151 1172 2192; x_wconf 79' lang='lat' dir='ltr'>fratre.</span> 
     </span>
    </p>
   </div>
   <div class='ocr_carea' id='block_1_6' title="bbox 225 2228 2005 2344">
    <p class='ocr_par' dir='ltr' id='par_1_6' title="bbox 225 2228 2005 2344">
     <span class='ocr_line' id='line_1_22' title="bbox 346 2228 2003 2286; baseline 0.001 -15"><span class='ocrx_word' id='word_1_158' title='bbox 346 2228 418 2286; x_wconf 82' lang='lat' dir='ltr'>[h]</span> <span class='ocrx_word' id='word_1_159' title='bbox 463 2229 686 2272; x_wconf 85' lang='lat' dir='ltr'>Nicander</span> <span class='ocrx_word' id='word_1_160' title='bbox 725 2235 769 2271; x_wconf 89' lang='lat' dir='ltr'>et</span> <span class='ocrx_word' id='word_1_161' title='bbox 809 2229 1082 2272; x_wconf 82' lang='lat' dir='ltr'>Menecrates</span> <span class='ocrx_word' id='word_1_162' title='bbox 1113 2228 1228 2284; x_wconf 89' lang='lat' dir='ltr'>apud</span> <span class='ocrx_word' id='word_1_163' title='bbox 1258 2229 1458 2272; x_wconf 85' lang='lat' dir='ltr'>Antonin.</span> <span class='ocrx_word' id='word_1_164' title='bbox 1500 2245 1536 2271; x_wconf 90' lang='lat' dir='ltr'>c.</span> <span class='ocrx_word' id='word_1_165' title='bbox 1578 2228 1649 2272; x_wconf 84' lang='grc'>35.</span> <span class='ocrx_word' id='word_1_166' title='bbox 1691 2231 1886 2273; x_wconf 80' lang='lat' dir='ltr'>Latonae</span> <span class='ocrx_word' id='word_1_167' title='bbox 1927 2244 2003 2272; x_wconf 87' lang='lat' dir='ltr'>au-</span> 
     </span>
     <span class='ocr_line' id='line_1_23' title="bbox 225 2286 2005 2344; baseline -0.001 -12"><span class='ocrx_word' id='word_1_168' title='bbox 225 2293 312 2332; x_wconf 86' lang='lat' dir='ltr'>tem</span> <span class='ocrx_word' id='word_1_169' title='bbox 342 2300 510 2330; x_wconf 86' lang='lat' dir='ltr'>errores</span> <span class='ocrx_word' id='word_1_170' title='bbox 538 2302 622 2330; x_wconf 91' lang='lat' dir='ltr'>non</span> <span class='ocrx_word' id='word_1_171' title='bbox 650 2289 838 2331; x_wconf 89' lang='lat' dir='ltr'>Homero</span> <span class='ocrx_word' id='word_1_172' title='bbox 868 2287 1003 2330; x_wconf 91' lang='lat' dir='ltr'>solum</span> <span class='ocrx_word' id='word_1_173' title='bbox 1032 2286 1108 2330; x_wconf 89' lang='lat' dir='ltr'>sed</span> <span class='ocrx_word' id='word_1_174' title='bbox 1146 2287 1275 2331; x_wconf 86' lang='lat' dir='ltr'>etiam</span> <span class='ocrx_word' id='word_1_175' title='bbox 1315 2287 1506 2330; x_wconf 90' lang='lat' dir='ltr'>Hesiodo</span> <span class='ocrx_word' id='word_1_176' title='bbox 1547 2288 1710 2344; x_wconf 85' lang='lat' dir='ltr'>ignoti,</span> <span class='ocrx_word' id='word_1_177' title='bbox 1758 2287 1830 2344; x_wconf 85' lang='lat' dir='ltr'>qui</span> <span class='ocrx_word' id='word_1_178' title='bbox 1869 2287 2005 2332; x_wconf 88' lang='lat' dir='ltr'>Lato-</span> 
     </span>
    </p>
   </div>
   <div class='ocr_carea' id='block_1_7' title="bbox 226 2346 2005 2461">
    <p class='ocr_par' dir='ltr' id='par_1_7' title="bbox 226 2346 2005 2461">
     <span class='ocr_line' id='line_1_24' title="bbox 226 2346 2005 2447; baseline 0.001 -58"><span class='ocrx_word' id='word_1_179' title='bbox 226 2361 324 2446; x_wconf 67' lang='grc' dir='ltr'><strong>ἰιειιιι</strong></span> <span class='ocrx_word' id='word_1_180' title='bbox 353 2347 689 2447; x_wconf 51' lang='lat' dir='ltr'>antegjounonem</span> <span class='ocrx_word' id='word_1_181' title='bbox 717 2346 817 2390; x_wconf 87' lang='lat' dir='ltr'>Jovi</span> <span class='ocrx_word' id='word_1_182' title='bbox 845 2347 1042 2444; x_wconf 86' lang='lat' dir='ltr'>nupsisse</span> <span class='ocrx_word' id='word_1_183' title='bbox 1078 2347 1227 2389; x_wconf 84' lang='lat' dir='ltr'>refert.</span> <span class='ocrx_word' id='word_1_184' title='bbox 1267 2362 1308 2389; x_wconf 86' lang='lat' dir='ltr'>v.</span> <span class='ocrx_word' id='word_1_185' title='bbox 1348 2347 1563 2391; x_wconf 81' lang='lat' dir='ltr'>Matthiae</span> <span class='ocrx_word' id='word_1_186' title='bbox 1602 2346 1658 2390; x_wconf 87' lang='lat' dir='ltr'>ad</span> <span class='ocrx_word' id='word_1_187' title='bbox 1698 2347 1758 2389; x_wconf 89' lang='lat' dir='ltr'>H.</span> <span class='ocrx_word' id='word_1_188' title='bbox 1795 2347 1852 2390; x_wconf 91' lang='lat' dir='ltr'>H</span> <span class='ocrx_word' id='word_1_189' title='bbox 1895 2348 2005 2391; x_wconf 84' lang='lat' dir='ltr'>Pro</span> 
     </span>
     <span class='ocr_line' id='line_1_25' title="bbox 245 2418 415 2461; baseline 0.006 -1"><span class='ocrx_word' id='word_1_190' title='bbox 245 2419 344 2460; x_wconf 65' lang='lat' dir='ltr'><strong>egg·</strong></span> <span class='ocrx_word' id='word_1_191' title='bbox 387 2418 415 2461; x_wconf 86' lang='lat' dir='ltr'>P</span> 
     </span>
    </p>
   </div>
   <div class='ocr_carea' id='block_1_8' title="bbox 221 2441 2006 3295">
    <p class='ocr_par' dir='ltr' id='par_1_8' title="bbox 229 2441 2006 3295">
     <span class='ocr_line' id='line_1_26' title="bbox 344 2441 2006 2554; baseline 0.001 -29"><span class='ocrx_word' id='word_1_192' title='bbox 344 2480 390 2537; x_wconf 77' lang='grc' dir='ltr'>[ἰ</span> <span class='ocrx_word' id='word_1_193' title='bbox 401 2483 417 2538; x_wconf 96' lang='grc'>]</span> <span class='ocrx_word' id='word_1_194' title='bbox 459 2482 680 2525; x_wconf 84' lang='lat' dir='ltr'>Plutarch.</span> <span class='ocrx_word' id='word_1_195' title='bbox 711 2482 812 2526; x_wconf 87' lang='lat' dir='ltr'>Def.</span> <span class='ocrx_word' id='word_1_196' title='bbox 844 2441 975 2524; x_wconf 89' lang='lat' dir='ltr'>Orac.</span> <span class='ocrx_word' id='word_1_197' title='bbox 1006 2481 1126 2525; x_wconf 91' lang='lat' dir='ltr'>XXI.</span> <span class='ocrx_word' id='word_1_198' title='bbox 1155 2481 1256 2525; x_wconf 80' lang='lat'>335.</span> <span class='ocrx_word' id='word_1_199' title='bbox 1314 2480 1551 2554; x_wconf 80' lang='grc' dir='ltr'><em>Σολύμους</em></span> <span class='ocrx_word' id='word_1_200' title='bbox 1579 2479 1876 2540; x_wconf 75' lang='grc' dir='ltr'><strong>πυνθάνομαι</strong></span> <span class='ocrx_word' id='word_1_201' title='bbox 1904 2482 2006 2534; x_wconf 82' lang='grc' dir='ltr'><em>τοὺς</em></span> 
     </span>
     <span class='ocr_line' id='line_1_27' title="bbox 230 2535 2003 2613; baseline 0.001 -29"><span class='ocrx_word' id='word_1_202' title='bbox 230 2544 420 2585; x_wconf 84' lang='grc' dir='ltr'><em>Λυκίων</em></span> <span class='ocrx_word' id='word_1_203' title='bbox 447 2545 711 2613; x_wconf 79' lang='grc' dir='ltr'><em>προςοίκους</em></span> <span class='ocrx_word' id='word_1_204' title='bbox 739 2540 790 2583; x_wconf 74' lang='grc' dir='ltr'>ἐν</span> <span class='ocrx_word' id='word_1_205' title='bbox 816 2544 912 2589; x_wconf 84' lang='grc' dir='ltr'><em>τοῖς</em></span> <span class='ocrx_word' id='word_1_206' title='bbox 936 2535 1133 2597; x_wconf 81' lang='grc' dir='ltr'><strong>μάλιστα</strong></span> <span class='ocrx_word' id='word_1_207' title='bbox 1161 2543 1298 2597; x_wconf 79' lang='grc' dir='ltr'><strong>τιμᾷν</strong></span> <span class='ocrx_word' id='word_1_208' title='bbox 1334 2539 1413 2584; x_wconf 82' lang='grc' dir='ltr'>τὸν</span> <span class='ocrx_word' id='word_1_209' title='bbox 1442 2538 1645 2613; x_wconf 84' lang='grc' dir='ltr'>Κρόνον·</span> <span class='ocrx_word' id='word_1_210' title='bbox 1698 2542 1799 2585; x_wconf 79' lang='grc' dir='ltr'>ἐπεὶ</span> <span class='ocrx_word' id='word_1_211' title='bbox 1838 2540 2003 2586; x_wconf 64' lang='grc' dir='ltr'><em>δ’ἀπο-</em></span> 
     </span>
     <span class='ocr_line' id='line_1_28' title="bbox 229 2594 2005 2672; baseline 0 -30"><span class='ocrx_word' id='word_1_212' title='bbox 229 2602 404 2648; x_wconf 54' lang='lat' dir='ltr'>metrae</span> <span class='ocrx_word' id='word_1_213' title='bbox 431 2598 533 2648; x_wconf 82' lang='grc' dir='ltr'><em>τοὺς</em></span> <span class='ocrx_word' id='word_1_214' title='bbox 560 2594 779 2668; x_wconf 79' lang='grc' dir='ltr'><em>α’ρχοντας</em></span> <span class='ocrx_word' id='word_1_215' title='bbox 813 2596 1083 2655; x_wconf 79' lang='grc' dir='ltr'><em>(ἀρχηγέτας</em></span> <span class='ocrx_word' id='word_1_216' title='bbox 1121 2597 1441 2651; x_wconf 83' lang='lat' dir='ltr'>Theodoretus)</span> <span class='ocrx_word' id='word_1_217' title='bbox 1487 2598 1636 2643; x_wconf 82' lang='grc' dir='ltr'><em>αὐτῶν</em></span> <span class='ocrx_word' id='word_1_218' title='bbox 1663 2595 1887 2672; x_wconf 78' lang='grc' dir='ltr'>’Ἀρσαλον</span> <span class='ocrx_word' id='word_1_219' title='bbox 1928 2602 2005 2643; x_wconf 81' lang='grc' dir='ltr'>καὶ</span> 
     </span>
     <span class='ocr_line' id='line_1_29' title="bbox 230 2653 2006 2730; baseline 0.001 -30"><span class='ocrx_word' id='word_1_220' title='bbox 230 2658 309 2700; x_wconf 78' lang='grc' dir='ltr'>καὶ</span> <span class='ocrx_word' id='word_1_221' title='bbox 337 2653 492 2715; x_wconf 82' lang='grc' dir='ltr'><em>Δρύον</em></span> <span class='ocrx_word' id='word_1_222' title='bbox 526 2653 785 2727; x_wconf 83' lang='grc' dir='ltr'><strong>Τροσώβιον</strong></span> <span class='ocrx_word' id='word_1_223' title='bbox 801 2657 973 2727; x_wconf 74' lang='grc' dir='ltr'><em>ἔφυγε,</em></span> <span class='ocrx_word' id='word_1_224' title='bbox 1003 2655 1179 2699; x_wconf 76' lang='grc' dir='ltr'><em>ἐκεῖνον</em></span> <span class='ocrx_word' id='word_1_225' title='bbox 1199 2653 1346 2714; x_wconf 79' lang='grc' dir='ltr'>μόνον</span> <span class='ocrx_word' id='word_1_226' title='bbox 1375 2656 1669 2728; x_wconf 78' lang='grc' dir='ltr'><em>ἀμεληθῆναι,</em></span> <span class='ocrx_word' id='word_1_227' title='bbox 1693 2656 1796 2707; x_wconf 85' lang='grc' dir='ltr'><em>τοὺς</em></span> <span class='ocrx_word' id='word_1_228' title='bbox 1818 2658 1870 2703; x_wconf 78' lang='grc' dir='ltr'>δὲ</span> <span class='ocrx_word' id='word_1_229' title='bbox 1898 2661 2006 2730; x_wconf 76' lang='grc' dir='ltr'><em>περὶ</em></span> 
     </span>
     <span class='ocr_line' id='line_1_30' title="bbox 221 2710 2005 2776; baseline 0.001 -18.01"><span class='ocrx_word' id='word_1_230' title='bbox 221 2710 446 2774; x_wconf 71' lang='grc' dir='ltr'>’Ἀρσαλον</span> <span class='ocrx_word' id='word_1_231' title='bbox 471 2712 689 2773; x_wconf 79' lang='grc' dir='ltr'><em>σκληρους</em></span> <span class='ocrx_word' id='word_1_232' title='bbox 711 2712 847 2764; x_wconf 79' lang='grc' dir='ltr'><em>θεοὺς</em></span> <span class='ocrx_word' id='word_1_233' title='bbox 867 2711 1284 2773; x_wconf 75' lang='grc' dir='ltr'><em>προςαγορεύεσθαι</em></span> <span class='ocrx_word' id='word_1_234' title='bbox 1309 2717 1386 2758; x_wconf 80' lang='grc' dir='ltr'>καὶ</span> <span class='ocrx_word' id='word_1_235' title='bbox 1415 2713 1493 2765; x_wconf 76' lang='grc' dir='ltr'>τὰς</span> <span class='ocrx_word' id='word_1_236' title='bbox 1520 2714 1713 2776; x_wconf 75' lang='grc' dir='ltr'><em>κατάοας</em></span> <span class='ocrx_word' id='word_1_237' title='bbox 1739 2717 1815 2760; x_wconf 75' lang='grc' dir='ltr'>ἐπὶ</span> <span class='ocrx_word' id='word_1_238' title='bbox 1836 2715 2005 2761; x_wconf 79' lang='grc' dir='ltr'><em>τούτων</em></span> 
     </span>
     <span class='ocr_line' id='line_1_31' title="bbox 231 2756 2004 2845; baseline 0.001 -29"><span class='ocrx_word' id='word_1_239' title='bbox 231 2778 464 2818; x_wconf 78' lang='grc' dir='ltr'><strong>ποιεῖσθαι</strong></span> <span class='ocrx_word' id='word_1_240' title='bbox 494 2756 690 2831; x_wconf 75' lang='grc' dir='ltr'><strong><em>δημοσίᾳ</em></strong></span> <span class='ocrx_word' id='word_1_241' title='bbox 719 2774 796 2816; x_wconf 82' lang='grc' dir='ltr'>καὶ</span> <span class='ocrx_word' id='word_1_242' title='bbox 823 2771 919 2828; x_wconf 73' lang='grc' dir='ltr'>ἰδίᾳ</span> <span class='ocrx_word' id='word_1_243' title='bbox 946 2775 1160 2822; x_wconf 85' lang='grc' dir='ltr'>Λυκίους.</span> <span class='ocrx_word' id='word_1_244' title='bbox 1196 2773 1272 2815; x_wconf 89' lang='lat' dir='ltr'>ubi</span> <span class='ocrx_word' id='word_1_245' title='bbox 1302 2770 1479 2833; x_wconf 80' lang='grc' dir='ltr'><strong><em>Κρόνος</em></strong></span> <span class='ocrx_word' id='word_1_246' title='bbox 1508 2781 1625 2817; x_wconf 89' lang='lat' dir='ltr'>certe</span> <span class='ocrx_word' id='word_1_247' title='bbox 1634 2758 1843 2845; x_wconf 87' lang='lat' dir='ltr'>ineptum</span> <span class='ocrx_word' id='word_1_248' title='bbox 1872 2779 2004 2845; x_wconf 84' lang='lat' dir='ltr'>atque</span> 
     </span>
     <span class='ocr_line' id='line_1_32' title="bbox 235 2815 2005 2904; baseline 0.002 -29"><span class='ocrx_word' id='word_1_249' title='bbox 235 2831 351 2875; x_wconf 80' lang='lat' dir='ltr'>haud</span> <span class='ocrx_word' id='word_1_250' title='bbox 388 2831 477 2874; x_wconf 85' lang='lat' dir='ltr'>scio</span> <span class='ocrx_word' id='word_1_251' title='bbox 516 2846 596 2874; x_wconf 91' lang='lat' dir='ltr'>an</span> <span class='ocrx_word' id='word_1_252' title='bbox 611 2846 706 2874; x_wconf 88' lang='lat' dir='ltr'>cum</span> <span class='ocrx_word' id='word_1_253' title='bbox 743 2815 926 2891; x_wconf 77' lang='grc' dir='ltr'><em>Κράγος</em></span> <span class='ocrx_word' id='word_1_254' title='bbox 963 2831 1312 2875; x_wconf 84' lang='lat' dir='ltr'>commutandum.</span> <span class='ocrx_word' id='word_1_255' title='bbox 1373 2833 1640 2904; x_wconf 83' lang='lat' dir='ltr'>Stephanus.</span> <span class='ocrx_word' id='word_1_256' title='bbox 1680 2830 1863 2892; x_wconf 75' lang='grc' dir='ltr'><em>Κράγος</em></span> <span class='ocrx_word' id='word_1_257' title='bbox 1900 2828 2005 2892; x_wconf 82' lang='grc' dir='ltr'><em>όρος</em></span> 
     </span>
     <span class='ocr_line' id='line_1_33' title="bbox 235 2886 2003 2962; baseline 0.001 -29"><span class='ocrx_word' id='word_1_258' title='bbox 235 2893 412 2939; x_wconf 86' lang='grc' dir='ltr'><strong><em>Λυκίας</em></strong></span> <span class='ocrx_word' id='word_1_259' title='bbox 440 2888 530 2934; x_wconf 82' lang='grc' dir='ltr'>ἀπὸ</span> <span class='ocrx_word' id='word_1_260' title='bbox 560 2886 748 2961; x_wconf 81' lang='grc' dir='ltr'><em>Κράγου</em></span> <span class='ocrx_word' id='word_1_261' title='bbox 776 2892 856 2933; x_wconf 85' lang='grc' dir='ltr'>τοῦ</span> <span class='ocrx_word' id='word_1_262' title='bbox 891 2890 1115 2961; x_wconf 82' lang='grc' dir='ltr'><strong><em>Τρεμίλου</em></strong></span> <span class='ocrx_word' id='word_1_263' title='bbox 1145 2892 1222 2934; x_wconf 83' lang='grc' dir='ltr'>καὶ</span> <span class='ocrx_word' id='word_1_264' title='bbox 1250 2891 1525 2950; x_wconf 78' lang='grc' dir='ltr'>Πραξιδίκης</span> <span class='ocrx_word' id='word_1_265' title='bbox 1561 2887 1762 2962; x_wconf 80' lang='grc' dir='ltr'><em>νύμφης·</em></span> <span class='ocrx_word' id='word_1_266' title='bbox 1803 2891 2003 2935; x_wconf 73' lang='grc' dir='ltr'><strong><em>ἐνταῦθα</em></strong></span> 
     </span>
     <span class='ocr_line' id='line_1_34' title="bbox 237 2944 2004 3019; baseline 0.002 -28"><span class='ocrx_word' id='word_1_267' title='bbox 237 2947 278 2991; x_wconf 62' lang='lat' dir='ltr'>d*</span> <span class='ocrx_word' id='word_1_268' title='bbox 312 2944 427 2992; x_wconf 82' lang='grc' dir='ltr'><strong>εἶναι</strong></span> <span class='ocrx_word' id='word_1_269' title='bbox 456 2950 532 2991; x_wconf 83' lang='grc' dir='ltr'>καὶ</span> <span class='ocrx_word' id='word_1_270' title='bbox 562 2946 615 2990; x_wconf 78' lang='grc' dir='ltr'>τὰ</span> <span class='ocrx_word' id='word_1_271' title='bbox 646 2951 735 2991; x_wconf 82' lang='grc' dir='ltr'>τῶν</span> <span class='ocrx_word' id='word_1_272' title='bbox 765 2946 934 3008; x_wconf 82' lang='grc' dir='ltr'><em>ἀγρίων</em></span> <span class='ocrx_word' id='word_1_273' title='bbox 963 2945 1126 3017; x_wconf 69' lang='grc' dir='ltr'><strong><em>ἄντρα·</em></strong></span> <span class='ocrx_word' id='word_1_274' title='bbox 1174 2947 1598 3019; x_wconf 74' lang='grc' dir='ltr'><strong>ἆπαθανατισθῇναι</strong></span> <span class='ocrx_word' id='word_1_275' title='bbox 1626 2947 1715 3007; x_wconf 76' lang='grc' dir='ltr'>γάρ</span> <span class='ocrx_word' id='word_1_276' title='bbox 1757 2964 1873 3006; x_wconf 75' lang='grc' dir='ltr'><strong>ᾳασι</strong></span> <span class='ocrx_word' id='word_1_277' title='bbox 1901 2948 2004 2999; x_wconf 83' lang='grc' dir='ltr'><em>τοὺς</em></span> 
     </span>
     <span class='ocr_line' id='line_1_35' title="bbox 235 3002 2002 3077; baseline 0.001 -29"><span class='ocrx_word' id='word_1_278' title='bbox 235 3009 341 3064; x_wconf 80' lang='grc' dir='ltr'><em>περὶ</em></span> <span class='ocrx_word' id='word_1_279' title='bbox 378 3008 457 3050; x_wconf 84' lang='grc' dir='ltr'>τὸν</span> <span class='ocrx_word' id='word_1_280' title='bbox 493 3003 694 3064; x_wconf 77' lang='grc' dir='ltr'><strong>Κράγον.</strong></span> <span class='ocrx_word' id='word_1_281' title='bbox 753 3006 838 3049; x_wconf 87' lang='lat' dir='ltr'>Pro</span> <span class='ocrx_word' id='word_1_282' title='bbox 870 3002 1145 3077; x_wconf 83' lang='grc' dir='ltr'><strong>Τροσώβιον</strong></span> <span class='ocrx_word' id='word_1_283' title='bbox 1182 3007 1398 3050; x_wconf 86' lang='lat' dir='ltr'>Eusebius</span> <span class='ocrx_word' id='word_1_284' title='bbox 1443 3004 1648 3062; x_wconf 82' lang='grc' dir='ltr'><strong>Τόσιβιν,</strong></span> <span class='ocrx_word' id='word_1_285' title='bbox 1694 3021 1776 3063; x_wconf 92' lang='lat' dir='ltr'>quo</span> <span class='ocrx_word' id='word_1_286' title='bbox 1817 3009 2002 3050; x_wconf 86' lang='lat' dir='ltr'>fortasse</span> 
     </span>
     <span class='ocr_line' id='line_1_36' title="bbox 234 3060 1998 3135; baseline 0.001 -30"><span class='ocrx_word' id='word_1_287' title='bbox 234 3065 422 3119; x_wconf 88' lang='lat' dir='ltr'>pertinet</span> <span class='ocrx_word' id='word_1_288' title='bbox 449 3065 611 3107; x_wconf 89' lang='lat' dir='ltr'>Suidae</span> <span class='ocrx_word' id='word_1_289' title='bbox 640 3065 784 3121; x_wconf 84' lang='lat' dir='ltr'>glossa</span> <span class='ocrx_word' id='word_1_290' title='bbox 819 3060 997 3119; x_wconf 82' lang='grc' dir='ltr'><strong>Τόσιβις</strong></span> <span class='ocrx_word' id='word_1_291' title='bbox 1025 3061 1154 3117; x_wconf 76' lang='grc' dir='ltr'><em>θεός,</em></span> <span class='ocrx_word' id='word_1_292' title='bbox 1196 3066 1498 3108; x_wconf 89' lang='lat' dir='ltr'>Theodoretus</span> <span class='ocrx_word' id='word_1_293' title='bbox 1529 3066 1752 3135; x_wconf 85' lang='lat' dir='ltr'>Therapp.</span> <span class='ocrx_word' id='word_1_294' title='bbox 1783 3066 1866 3109; x_wconf 94' lang='lat' dir='ltr'>III.</span> <span class='ocrx_word' id='word_1_295' title='bbox 1897 3065 1998 3108; x_wconf 81' lang='lat'>316.</span> 
     </span>
     <span class='ocr_line' id='line_1_37' title="bbox 238 3118 2001 3184; baseline 0.001 -21"><span class='ocrx_word' id='word_1_296' title='bbox 238 3121 298 3166; x_wconf 90' lang='grc' dir='ltr'>Τ.</span> <span class='ocrx_word' id='word_1_297' title='bbox 327 3122 407 3166; x_wconf 88' lang='lat' dir='ltr'>IV.</span> <span class='ocrx_word' id='word_1_298' title='bbox 445 3118 648 3178; x_wconf 83' lang='grc' dir='ltr'><strong>Τόσαβις.</strong></span> <span class='ocrx_word' id='word_1_299' title='bbox 689 3124 813 3168; x_wconf 83' lang='lat' dir='ltr'>ambo</span> <span class='ocrx_word' id='word_1_300' title='bbox 843 3136 921 3180; x_wconf 89' lang='lat' dir='ltr'>pro</span> <span class='ocrx_word' id='word_1_301' title='bbox 949 3124 1134 3182; x_wconf 77' lang='grc' dir='ltr'><strong><em>σκληροὶ</em></strong></span> <span class='ocrx_word' id='word_1_302' title='bbox 1163 3128 1289 3179; x_wconf 74' lang='grc' dir='ltr'><em>θεοί,</em></span> <span class='ocrx_word' id='word_1_303' title='bbox 1323 3124 1414 3181; x_wconf 91' lang='lat' dir='ltr'>qui</span> <span class='ocrx_word' id='word_1_304' title='bbox 1407 3125 1550 3167; x_wconf 83' lang='lat' dir='ltr'>iidem</span> <span class='ocrx_word' id='word_1_305' title='bbox 1581 3120 1731 3184; x_wconf 70' lang='grc' dir='ltr'><strong>ἄγριοι</strong></span> <span class='ocrx_word' id='word_1_306' title='bbox 1760 3124 1865 3166; x_wconf 89' lang='lat' dir='ltr'>dicti</span> <span class='ocrx_word' id='word_1_307' title='bbox 1889 3125 2001 3179; x_wconf 88' lang='lat' dir='ltr'>juris</span> 
     </span>
     <span class='ocr_line' id='line_1_38' title="bbox 235 3180 1998 3250; baseline 0.002 -29"><span class='ocrx_word' id='word_1_308' title='bbox 235 3180 410 3235; x_wconf 83' lang='lat' dir='ltr'>jurandi</span> <span class='ocrx_word' id='word_1_309' title='bbox 438 3180 650 3233; x_wconf 84' lang='lat' dir='ltr'>vindices,</span> <span class='ocrx_word' id='word_1_310' title='bbox 694 3182 903 3237; x_wconf 83' lang='lat' dir='ltr'>praebent</span> <span class='ocrx_word' id='word_1_311' title='bbox 928 3183 1107 3250; x_wconf 79' lang='grc' dir='ltr'>σκιῤῥοί</span> <span class='ocrx_word' id='word_1_312' title='bbox 1139 3183 1286 3225; x_wconf 86' lang='lat' dir='ltr'>eadem</span> <span class='ocrx_word' id='word_1_313' title='bbox 1325 3182 1640 3238; x_wconf 80' lang='lat' dir='ltr'>significatione</span> <span class='ocrx_word' id='word_1_314' title='bbox 1678 3182 1919 3239; x_wconf 89' lang='lat' dir='ltr'>praeditum</span> <span class='ocrx_word' id='word_1_315' title='bbox 1956 3197 1998 3225; x_wconf 84' lang='lat' dir='ltr'>v.</span> 
     </span>
     <span class='ocr_line' id='line_1_39' title="bbox 239 3214 1997 3295; baseline 0.001 -15"><span class='ocrx_word' id='word_1_316' title='bbox 239 3238 420 3282; x_wconf 82' lang='lat' dir='ltr'>Salmas</span> <span class='ocrx_word' id='word_1_317' title='bbox 452 3238 508 3282; x_wconf 84' lang='lat' dir='ltr'>ad</span> <span class='ocrx_word' id='word_1_318' title='bbox 536 3214 650 3282; x_wconf 53' lang='lat' dir='ltr'>Pan:</span> <span class='ocrx_word' id='word_1_319' title='bbox 677 3254 720 3295; x_wconf 88' lang='lat' dir='ltr'>p.</span> <span class='ocrx_word' id='word_1_320' title='bbox 751 3240 850 3283; x_wconf 72' lang='lat'>297.</span> <span class='ocrx_word' id='word_1_321' title='bbox 872 3240 1043 3283; x_wconf 81' lang='lat' dir='ltr'>Reines.</span> <span class='ocrx_word' id='word_1_322' title='bbox 1073 3241 1198 3283; x_wconf 87' lang='lat' dir='ltr'>Varr.</span> <span class='ocrx_word' id='word_1_323' title='bbox 1228 3241 1349 3284; x_wconf 89' lang='lat' dir='ltr'>Lect.</span> <span class='ocrx_word' id='word_1_324' title='bbox 1379 3242 1415 3282; x_wconf 95' lang='grc' dir='ltr'>Ι.</span> <span class='ocrx_word' id='word_1_325' title='bbox 1447 3240 1488 3287; x_wconf 86' lang='grc'>5.</span> <span class='ocrx_word' id='word_1_326' title='bbox 1521 3241 1742 3285; x_wconf 84' lang='lat' dir='ltr'>Schaefer.</span> <span class='ocrx_word' id='word_1_327' title='bbox 1776 3240 1830 3283; x_wconf 86' lang='lat' dir='ltr'>ad</span> <span class='ocrx_word' id='word_1_328' title='bbox 1862 3238 1997 3294; x_wconf 74' lang='lat' dir='ltr'>Lon&#39;g.</span> 
     </span>
    </p>
   </div>
   <div class='ocr_carea' id='block_1_9' title="bbox 242 3294 1997 3413">
    <p class='ocr_par' dir='ltr' id='par_1_9' title="bbox 242 3294 1997 3413">
     <span class='ocr_line' id='line_1_40' title="bbox 242 3294 1997 3357; baseline 0.001 -19"><span class='ocrx_word' id='word_1_329' title='bbox 242 3311 286 3354; x_wconf 87' lang='lat' dir='ltr'>p.</span> <span class='ocrx_word' id='word_1_330' title='bbox 317 3294 415 3339; x_wconf 79' lang='lat'>364.</span> <span class='ocrx_word' id='word_1_331' title='bbox 474 3296 633 3353; x_wconf 88' lang='lat' dir='ltr'>Lycios</span> <span class='ocrx_word' id='word_1_332' title='bbox 662 3298 858 3354; x_wconf 84' lang='lat' dir='ltr'>Ogygios</span> <span class='ocrx_word' id='word_1_333' title='bbox 889 3303 933 3340; x_wconf 91' lang='lat' dir='ltr'>et</span> <span class='ocrx_word' id='word_1_334' title='bbox 960 3298 1182 3341; x_wconf 85' lang='lat' dir='ltr'>Boeotiam</span> <span class='ocrx_word' id='word_1_335' title='bbox 1222 3299 1438 3356; x_wconf 84' lang='lat' dir='ltr'>Ogygiam</span> <span class='ocrx_word' id='word_1_336' title='bbox 1480 3300 1534 3342; x_wconf 86' lang='lat' dir='ltr'>ab</span> <span class='ocrx_word' id='word_1_337' title='bbox 1574 3301 1731 3357; x_wconf 84' lang='lat' dir='ltr'>Ogyge</span> <span class='ocrx_word' id='word_1_338' title='bbox 1770 3299 1997 3342; x_wconf 74' lang='lat' dir='ltr'>Termerae</span> 
     </span>
     <span class='ocr_line' id='line_1_41' title="bbox 243 3354 1272 3413; baseline 0.002 -16"><span class='ocrx_word' id='word_1_339' title='bbox 243 3354 333 3398; x_wconf 85' lang='lat' dir='ltr'>filio</span> <span class='ocrx_word' id='word_1_340' title='bbox 363 3368 510 3398; x_wconf 88' lang='lat' dir='ltr'>nomen</span> <span class='ocrx_word' id='word_1_341' title='bbox 541 3356 698 3399; x_wconf 84' lang='lat' dir='ltr'>habere</span> <span class='ocrx_word' id='word_1_342' title='bbox 728 3357 862 3401; x_wconf 87' lang='lat' dir='ltr'>tradit</span> <span class='ocrx_word' id='word_1_343' title='bbox 891 3356 1133 3413; x_wconf 87' lang='lat' dir='ltr'>Stephanus</span> <span class='ocrx_word' id='word_1_344' title='bbox 1162 3373 1196 3400; x_wconf 85' lang='lat' dir='ltr'>s.</span> <span class='ocrx_word' id='word_1_345' title='bbox 1230 3372 1272 3401; x_wconf 83' lang='lat' dir='ltr'>v</span> 
     </span>
    </p>
   </div>
  </div>
 </body>
</html>
