2150 3814
797 219 1242 264 onrnicA.
1754 199 1912 262 1081

146 355 464 433 σταιτίνην
519 347 794 412 subdidit
835 345 1056 428 Porph.
1100 346 1173 405 V.
1218 347 1282 409 P.
1328 366 1388 426 p.
1433 346 1531 406 22.
1576 344 1915 424 eodemque

143 454 334 513 modo
360 450 763 535 Empedocles
807 466 941 506 sese
970 448 1264 525 religione
1298 446 1578 508 exsolvit.
1623 465 1683 508 v.
1707 446 1914 506 Sturz.

145 553 225 612 ad
267 554 446 631 Emp.
490 571 549 630 p.
598 546 694 608 15.
790 547 996 608 Minus
1038 549 1316 627 speciosa
1359 564 1540 605 causa
1586 542 1917 622 Cyziceno-

143 667 312 722 rum,
357 651 462 729 qui
506 647 827 708 obsidione
869 649 1098 728 pressi,
1155 666 1339 727 quum
1382 646 1784 725 Proserpinae
1826 645 1921 702 in-

144 756 378 808 starent
421 748 725 807 solemnia
765 766 962 827 neque
1007 749 1185 828 copia
1227 755 1387 806 esset
1410 745 1667 805 buculae
1692 745 1921 822 nigrae,

143 848 464 927 σταιτίνην
531 846 876 918 πλάσαντες
934 856 1024 930 τῷ
1082 851 1283 929 βωμῷ
1337 847 1728 928 παρέστησαν
1781 844 1923 902 Plu-

142 948 328 1030 tarch.
374 947 446 1006 V.
490 948 724 1006 Lucull.
751 968 818 1006 c.
862 947 941 1007 X.
986 947 1128 1005 289.
1176 946 1342 1024 quod
1382 944 1550 1003 idem
1593 944 1925 1022 pauperio-

141 1066 238 1106 res
294 1047 742 1127 Aegyptiorum
799 1047 1001 1104 facere
1057 1045 1247 1104 tradit
1300 1042 1658 1103 Herodotus
1701 1043 1777 1100 II.
1821 1042 1924 1100 47.

146 1147 460 1216 σταιτίνας
529 1144 873 1214 πλάσαντες
938 1140 1011 1213 ὗς
1077 1145 1183 1208 καὶ
1254 1141 1628 1222 ὀπτήσαντες
1694 1139 1926 1209 ταύτας

148 1245 401 1309 θύουσι.
461 1246 800 1305 Locrorum
854 1244 1121 1303 facetum
1165 1245 1487 1304 inventum
1531 1251 1739 1301 narrat
1780 1240 1928 1299 Plu-

140 1346 383 1404 tarchus
449 1347 514 1403 in
579 1345 760 1405 Prov.
829 1343 1003 1404 Alex.
1057 1343 1278 1404 XXIV.
1340 1342 1520 1403 1257.
1578 1345 1636 1406 οἱ
1689 1340 1930 1423 Λοκροὶ

143 1447 518 1528 ἀποροῦντες
586 1448 797 1527 βοῶν·
831 1445 986 1526 πρὸς
1039 1446 1339 1527 δημοτελῆ
1396 1442 1638 1507 θυσίαν
1697 1439 1929 1510 σικύοις

142 1545 549 1609 ὑποτίθενται
606 1543 758 1616 ξύλα
811 1545 1004 1627 μικροὶ
1064 1547 1169 1608 καὶ
1213 1543 1699 1627 σχηματίσαντες
1741 1545 1928 1632 βοῦν,

144 1643 347 1727 τούτῳ
403 1646 474 1707 τὸ
520 1649 699 1708 θεῖον
745 1642 1260 1725 ἐθεραπεύσαντο.
1346 1642 1474 1705 Nec
1519 1661 1691 1702 secus
1735 1641 1929 1712 Meli-i,

143 1763 333 1823 quum
389 1744 502 1807 bos
556 1743 810 1803 Herculi
865 1744 1224 1803 mactandus
1293 1743 1663 1819 aufugisset,
1732 1750 1931 1823 μῆλον

51 1900 54 1903 ,
147 1844 444 1926 λαβόντες
497 1844 602 1907 καὶ
656 1842 925 1913 κλάδους
978 1844 1319 1913 ὑποθέντες
1376 1846 1618 1906 ἔθυσαν
1665 1841 1837 1901 Suid.
1883 1859 1930 1899 s,

142 1943 387 2025 Μήλιος
421 1944 497 2004 cf.
532 1943 810 2003 Mueller.
850 1942 927 2002 (le
951 1943 1178 2003 'Dorib.
1215 1943 1285 2003 Τ.
1306 1943 1351 2001 I.
1387 1950 1448 2023 p.
1481 1940 1627 2002 455.
1646 1951 1774 2002 not.
1818 1940 1932 2000 Di-

142 2063 389 2105 versam
432 2045 528 2103 his
574 2062 818 2103 causam
865 2046 1166 2122 significat
1207 2043 1432 2102 Festus
1476 2063 1536 2123 p.
1582 2043 1725 2103 223.
1787 2041 1934 2101 Ma-

144 2145 320 2203 niae
387 2145 586 2204 ficta
651 2142 1027 2223 quaedam
1098 2162 1186 2202 ex
1242 2142 1507 2201 farina
1559 2143 1641 2201 in
1695 2134 1966 2201 homi?

144 2261 320 2302 num
375 2244 717 2322 figuraS‚
774 2261 960 2322 quas
1015 2243 1162 2301 alii
1217 2242 1611 2301 maniolas
1672 2242 1936 2322 appel-

144 2343 326 2402 lant.
410 2343 761 2403 Macrobius
819 2344 938 2402 hoc
993 2345 1242 2403 nomine
1297 2343 1694 2422 plagunculas
1741 2341 1934 2414 dictas

146 2461 280 2502 esse
321 2454 531 2503 narrat
575 2462 731 2523 quae
774 2442 1085 2520 abrogatis
1129 2444 1400 2503 victimis
1457 2443 1741 2502 humanis
1785 2460 1937 2521 pue-

144 2562 353 2603 rorum
411 2544 548 2604 loco
607 2563 722 2623 pro
783 2542 1021 2602 foribus
1066 2542 1446 2619 singulorum
1492 2541 1937 2623 suspenderen—

146 2653 273 2718 tur;
319 2643 839 2724 quemadmodum
881 2643 1047 2703 idem
1091 2643 1326 2721 Argeos
1374 2654 1434 2703 et
1479 2663 1684 2703 cereos
1726 2644 1938 2703 Satur-

147 2745 322 2804 nales
365 2745 718 2818 hominibus
762 2746 1025 2807 vicarios
1069 2746 1431 2804 successisse
1476 2746 1787 2804 existimat
1829 2762 1939 2805 va-

148 2863 251 2918 no,
295 2853 367 2905 ut
408 2846 563 2906 mihi
609 2845 873 2919 videtur,
917 2854 1309 2924 argument03
1365 2864 1511 2905 nam
1536 2846 1703 2904 illius
1748 2845 1939 2905 moris

148 2946 271 3004 alia
312 2945 506 3006 reddi-
533 2956 740 3028 potest
772 2948 932 3006 ratio
972 2956 1173 3028 neque
1209 2947 1474 3006 Romani
1519 2965 1789 3026 unquam
1828 2946 1939 3005 ho-

148 3046 346 3104 mines
401 3047 525 3106 nisi
577 3048 930 3128 peregrinos
988 3058 1095 3107 aut
1136 3048 1356 3107 noxios
1402 3046 1497 3106 dis
1539 3042 1754 3106 inferis
1800 3065 1940 3107 con-

154 3157 480 3206 secrarunt.
592 3144 812 3208 Cereas
881 3150 1030 3208 item
1110 3149 1430 3207 hominum
1495 3149 1791 3226 imagines
1866 3166 1941 3206 ex

153 3243 466 3307 Amasidis
509 3244 794 3308 instituto
839 3251 1205 3309 sacrificatas
1251 3266 1384 3307 esse
1426 3267 1540 3329 pro
1586 3247 1941 3308 hominibus

156 3346 311 3426 ipsis
355 3345 732 3427 Porphyrius
777 3350 981 3410 refert.
1027 3371 1086 3411 v.
1133 3347 1447 3410 Jablonsk.
1492 3349 1706 3410 Panth.
1750 3348 1938 3409 1113.
