2150 3814
228 171 352 231 926
760 185 994 230 Llnnn
1037 186 1463 231 SECUNDUS.

223 313 445 391 redigit
496 330 620 373 non
676 314 979 390 inelegans
1037 321 1278 376 carmen
1322 314 1572 375 Stobaei
1615 314 1858 392 Eclogis
1899 319 1988 375 in-

223 424 450 473 sertum
493 414 538 474 1.
582 414 639 473 6.
688 412 824 472 174.

355 552 516 606 Ἑπτὰ
550 552 890 623 πολυπλανὲες
921 552 1026 603 κατ’
1062 549 1337 618 Ὀλύμπιον
1374 553 1578 626 ἀστέρες
1614 552 1782 608 οῧδόν.

366 669 431 678 ...α
576 668 640 676 --—
786 666 852 674 -ο
994 664 1061 673 ——-
1205 667 1269 675 --n
1417 671 1476 680 --.
1623 671 1688 679 .—

370 723 436 775 Oi
472 722 531 773 δ’
573 721 717 774 αὐτοὶ
753 718 990 787 μερόπων
1026 719 1204 786 ἔλαχον
1238 721 1412 790 γένος·
1451 723 1554 776 ἔστι
1591 725 1651 776 ‹5’
1693 725 1745 776 ἓν
1781 722 1903 792 ἡμῖν

364 803 561 873 Μήνη,
599 806 755 870 Ζεὺς,
781 805 967 875 Ἄρης,
1003 806 1190 875 Παφίη
1206 845 1222 870 ,
1262 804 1493 875 Κρόνος,
1523 807 1736 873 ‘'HMog,
1769 806 1972 879 Ἑρμῆς.

365 888 525 961 δάκρυ
573 890 666 957 μέν
713 892 817 943 ἐστι
855 887 1057 961 Κρόνος
1077 894 1141 956 [³]
1159 931 1175 955 ,
1232 891 1363 953 Ζεὺς
1399 891 1454 943 δ’
1494 885 1559 943 αὖ
1594 892 1814 960 γένεσις,
1851 893 1999 963 λόγος

398 1042 401 1044 μ
1222 971 1438 1046 (Ερμῆς)

362 1060 537 1128 θυμὸς
557 1060 739 1131 Ἄρης,
780 1058 941 1130 Μήνη
980 1059 1037 1112 δ’
1078 1059 1166 1131 ἄρ’
1206 1059 1390 1126 ὕπνος,
1427 1061 1687 1131 Κυθέρεια
1724 1060 1778 1114 δ’
1820 1059 1997 1132 ὄρεξις,

322 1218 326 1222 .
360 1146 562 1208 Ἠέλιος
597 1147 652 1198 δὲ
687 1146 842 1215 γέλως
878 1168 922 1199 κ.
962 1167 1004 1200 τ.
1042 1150 1085 1198 λ,

229 1296 378 1358 quos
440 1296 653 1338 versus
717 1277 1057 1337 Heerenius
1101 1276 1357 1354 ambigit
1398 1285 1601 1336 utrum
1649 1276 1878 1357 Orphei
1923 1297 2001 1336 an

224 1377 535 1436 Hermetis
593 1396 724 1435 esse
783 1377 969 1450 dicat3
1026 1387 1167 1435 sunt
1222 1395 1370 1437 vero
1429 1375 1695 1436 Theonis
1738 1377 2003 1438 Alexan-

227 1475 390 1534 drini
448 1477 563 1556 Ep.
606 1478 681 1535 II.
739 1475 942 1536 Anall.
989 1476 1057 1534 Τ.
1101 1477 1207 1538 ΙΙΙ.
1252 1477 1310 1535 4.
1355 1495 1548 1555 neque
1593 1477 1784 1536 altum
1831 1476 2004 1556 quid-

229 1575 371 1634 dam
428 1577 676 1656 sapiunt
730 1574 838 1634 sed
898 1577 962 1634 in
1009 1575 1210 1635 obviis
1256 1584 1316 1633 et
1358 1576 1710 1659 vulgaribus
1753 1595 2003 1645 versan-

225 1687 325 1734 tur
393 1675 923 1748 similitudinibus,
995 1676 1204 1754 quales
1273 1684 1334 1732 et
1388 1674 1649 1735 Hermes
1715 1686 2004 1756 sequutus

228 1784 322 1834 est
367 1774 536 1834 Stob.
579 1775 625 1832 I.
673 1775 770 1833 52.
815 1775 956 1833 946.
1014 1794 1201 1853 quum
1246 1774 1393 1833 deos
1438 1775 1714 1861 planetas
1757 1776 2005 1835 induce-

225 1885 320 1934 ret
363 1893 618 1932 munera
661 1894 771 1933 sua
816 1875 1174 1934 mortalibus
1219 1875 1679 1954 promittentes,
1742 1885 1802 1933 et
1845 1876 2005 1952 Phy-
2094 1924 2095 1927 ,

228 1975 338 2031 sici
391 1973 512 2047 illi,
590 1976 724 2053 qui,
784 1986 853 2033 ut
908 1976 1159 2034 Servius
1215 1976 1303 2032 ait
1357 1973 1433 2032 ad
1489 1974 1642 2034 Aen.
1698 1975 1804 2033 III.
1860 1975 2004 2034 607.

228 2073 388 2131 Eccl.
456 2072 558 2131 VI.
618 2074 671 2132 3
743 2075 1012 2151 singulas
1070 2085 1278 2154 partes
1337 2076 1611 2153 corporis
1654 2075 2004 2133 nominibus

230 2183 609 2232 consecratas
655 2191 786 2232 esse
831 2173 1145 2244 dixerunt,
1191 2186 1401 2231 aurem
1445 2172 1799 2251 Memoriae,
1844 2174 2006 2232 fron-

228 2283 351 2331 tem
412 2273 641 2346 Genio,
697 2260 917 2350 genua'
947 2273 1438 2346 Misericordiae,
1502 2271 1723 2349 digitos
1781 2273 2006 2332 Miner-

227 2391 378 2446 vae3
435 2371 600 2451 quod
656 2373 866 2451 paullo
925 2374 1100 2432 aliter
1155 2373 1365 2431 definit
1407 2372 1764 2449 Fulgentius
1807 2374 1912 2432 111.
1958 2393 2004 2431 c.

223 2471 288 2530 27.
332 2456 704 2550 putarunt
747 2474 1028 2550 pagani
1073 2471 1424 2548 singulas
1469 2480 1735 2549 partes
1773 2474 1850 2531 in
1884 2472 2006 2530 ho-

138 2567 141 2569 ’
231 2572 440 2630 mine
496 2570 678 2630 deos
737 2571 1091 2648 singulos
1149 2570 1541 2644 obtinere,
1595 2581 1680 2630 ut
1733 2569 2003 2631 Jovem

232 2681 495 2750 caput,
552 2671 987 2732 Minervam
1046 2671 1346 2743 oculos,
1404 2669 1783 2729 Junonem
1840 2669 2005 2728 bra-

233 2771 436 2845 chia,
497 2772 834 2830 cinctum
889 2770 1240 2843 Martem,
1298 2790 1522 2830 renes
1568 2781 1639 2829 et
1682 2770 2006 2846 inguina

233 2870 633 2944 Venerem,
677 2870 913 2951 pedes
956 2870 1451 2944 Mercurium,
1494 2872 1694 2930 sicut
1737 2869 2004 2928 Demo-

234 2972 477 3030 critus
530 2973 606 3030 in
648 2971 1387 3048 Physiologumenis
1430 2970 1792 3050 scripsit3
1846 2987 2004 3048 quae

352 3151 424 3207 [a]
470 3151 675 3195 Fortasse
717 3154 820 3210 quia
857 3153 895 3196 is
935 3154 1151 3196 deorum
1191 3151 1622 3204 moestissimus,
1669 3154 1720 3193 ut
1759 3147 2004 3193 Martianus

235 3208 343 3265 Cap.
373 3210 409 3251 I.
439 3225 481 3267 p.
511 3212 552 3254 2.
583 3212 777 3269 idemque
807 3212 1122 3269 pluviarum
1154 3211 1286 3253 deus
1317 3212 1440 3252 Serv.
1472 3211 1632 3265 Georg.
1663 3209 1701 3258 L
1730 3206 1830 3253 586.
1873 3208 2002 3260 Quod

233 3267 506 3323 Pythagoras
544 3284 661 3312 mare
702 3271 879 3314 Saturni
917 3270 1114 3313 lacrimas
1161 3270 1334 3311 vocavit
1374 3269 1516 3311 nescio
1561 3281 1614 3310 an
1659 3266 1808 3311 eodem
1847 3266 2001 3310 referri

233 3326 379 3382 possit.
