2150 3814
212 183 340 245 944
743 194 972 239 LIBER
1017 193 1444 238 SECUNDUS.

210 353 403 411 ματος
460 323 688 403 ἀκήκοα
743 328 1037 405 ἐμμελοῦς
1096 323 1434 405 ἁρμονίας,
1493 326 1595 403 qui
1651 324 1819 383 locus
1861 324 1984 384 for-

211 440 374 488 tasse
430 432 668 485 sumtus
726 431 818 480 est
876 443 910 480 e
965 422 1346 499 Pythagorae
1403 423 1558 482 libro
1619 420 1983 505 Κατάβασις

208 536 293 599 εἰς
350 526 507 608 ᾅδου
549 522 875 598 inscripto,
929 523 996 595 in
1052 539 1171 600 quo
1228 521 1334 579 ille
1386 525 1701 582 nunciavit
1743 541 1809 581 se
1852 521 1986 581 Ho-

208 629 362 687 meri
428 620 807 697 Hesiodique
877 621 1112 679 animas
1182 621 1246 679 in
1303 620 1461 682 Orco
1518 623 1751 684 vidisse
1806 622 1988 698 Diog.

207 727 275 785 L.
321 725 479 782 VIII.
525 715 746 798 2l.[‘¹].
834 718 932 778 De
990 720 1126 795 lyra
1181 729 1384 780 autem
1443 724 1547 800 qui
1606 721 1990 781 tradiderunt

204 824 416 904 paullo
475 828 616 889 ante
675 818 898 889 relata,
953 819 1018 876 in
1075 818 1283 878 oculos
1341 821 1541 892 venit,
1586 821 1988 901 unumquem-

204 943 320 1004 que
364 939 577 980 eorum
621 919 759 999 pari
801 917 1084 977 libertate
1127 919 1372 978 finxisse
1416 938 1571 998 quae
1614 920 1857 996 libitum
1895 937 1988 978 es-

205 1034 327 1096 set,
383 1021 612 1080 nullius
668 1018 846 1078 facile
891 1020 1194 1078 sententia
1238 1038 1374 1077 cum
1418 1020 1612 1078 altero
1659 1038 1988 1097 congruen-

205 1135 296 1196 te,
351 1131 422 1181 ut
474 1122 607 1180 fieri
664 1119 821 1178 solet
875 1120 940 1177 in
995 1119 1176 1178 rebus
1223 1121 1681 1179 commenticiis.
1767 1120 1989 1178 Erato-

204 1224 406 1283 stheni
451 1219 680 1281 Catast.
726 1239 772 1277 c.
817 1217 1042 1277 XXIV.
1062 1219 1133 1298 [θ]
1183 1228 1244 1278 et
1287 1218 1516 1279 Ovidio
1544 1220 1712 1278 Fast.
1737 1218 1810 1277 V.
1848 1218 1986 1277 108.

202 1323 451 1402 placuit,
494 1320 866 1379 Mercurium
910 1327 1145 1397 septem
1188 1317 1524 1378 intendisse
1566 1318 1718 1378 fides
1762 1319 1826 1377 in
1877 1318 1988 1376 ho-

202 1441 415 1480 norem
460 1418 773 1490 Pliadum,
817 1415 1132 1496 Orpheum
1179 1436 1328 1476 vero
1375 1437 1479 1477 eas
1515 1419 1833 1478 Musarum
1880 1436 1989 1477 nu-

200 1539 373 1581 mero
435 1519 839 1598 adaequasse;
891 1515 1077 1594 idque
1122 1519 1424 1576 consentit
1470 1517 1669 1577 Schol.
1712 1516 1883 1577 Arat.
1927 1535 1989 1576 v.

201 1621 344 1681 269.
388 1618 705 1679 Diodorus
761 1624 974 1676 contra
1028 1616 1073 1674 I.
1126 1615 1220 1675 16.
1280 1634 1406 1674 non
1459 1604 1704 1693 ignarus
1748 1625 1992 1679 veteres

202 1740 429 1782 annum
508 1722 574 1778 in
651 1720 771 1776 tria
847 1726 1129 1794 tempora
1207 1713 1603 1775 distributum
1685 1714 1990 1789 habuisse,

200 1821 570 1881 Mercurium
592 1818 967 1897 Aegyptium
1013 1816 1100 1873 ait
1142 1815 1341 1891 lyram
1388 1816 1583 1874 tribus
1626 1817 1990 1886 instruxisse

202 1921 476 1993 chordis,
521 1928 818 1997 acutoque
862 1933 1014 1975 sono
1060 1924 1391 1988 aestatem,
1438 1914 1642 1974 medio
1686 1934 1816 1989 ver,
1851 1916 1990 1997 'hie-

201 2041 367 2082 mem
425 2021 599 2098 gravi
653 2019 1022 2094 assignasse,
1088 2034 1435 2095 quanquam
1501 2014 1851 2096 AegyptuS,
1918 2026 1988 2075 ut

201 2122 378 2180 Philo
425 2122 513 2179 ait
558 2118 635 2177 de
680 2115 803 2175 Vit.
847 2116 1004 2175 Mos.
1048 2114 1116 2174 L.
1159 2116 1206 2178 Ι.
1253 2115 1395 2175 619.
1441 2115 1512 2173 Ε.
1556 2123 1686 2179 τῶν
1729 2115 1988 2196 ἐτησίων

321 2289 391 2348 [d]
435 2291 608 2333 Librum
638 2288 751 2330 hunc
781 2287 836 2329 ab
878 2286 1141 2341 Hieronymo
1182 2283 1351 2327 Rhodio
1391 2284 1627 2340 subjectum
1668 2298 1763 2326 esse
1803 2297 1985 2327 consen-

200 2352 313 2393 tiunt
344 2349 600 2391 Meinersius
630 2347 742 2388 Hist.
775 2345 968 2387 Doctrin.
1014 2345 1070 2386 Τ.
1114 2344 1150 2385 Ι.
1194 2342 1293 2385 295.
1334 2349 1378 2385 et
1418 2344 1578 2386 Luzac.
1619 2343 1761 2386 Lectt.
1802 2345 1894 2386 Att.
1938 2357 1980 2399 p.

199 2409 298 2452 221.
350 2407 573 2462 Ejusmodi
612 2411 754 2447 autem
804 2409 998 2445 veterum
1050 2403 1287 2458 sapientum
1338 2402 1556 2444 itinera
1598 2402 1897 2444 ecstatica
1939 2408 1985 2443 et

200 2468 388 2510 visiones
417 2465 524 2520 fingi
553 2463 748 2505 solebant
775 2462 933 2516 partim
964 2461 1018 2502 ad
1056 2460 1249 2502 fraudem
1286 2460 1574 2514 imperitorum
1611 2460 1769 2516 partim
1808 2460 1863 2502 ad
1905 2459 1983 2501 otii

166 2578 169 2581 Ι
203 2525 564 2575 oblectationem,
605 2521 723 2564 velut
753 2519 856 2561 Eris
886 2518 1099 2569 Armenii,
1140 2518 1420 2570 Hermotimi,
1468 2518 1768 2575 Empedoclis,
1813 2518 1866 2560 de
1896 2532 1980 2573 quo

200 2586 324 2627 Serv.
369 2583 423 2625 ad
456 2583 619 2635 Georg.
657 2579 694 2621 Ι.
737 2576 808 2620 34.
869 2578 1049 2619 Varro
1092 2575 1175 2617 ait
1217 2590 1272 2616 se
1315 2575 1538 2630 legisse
1585 2575 1911 2632 Empedocli
1956 2592 1982 2617 a.

201 2642 439 2698 quadam
477 2641 533 2683 vi
573 2638 766 2680 divina
797 2635 1085 2678 mortalem
1127 2633 1458 2691 adspectum
1501 2635 1793 2677 detersum
1830 2649 1982 2678 eum-

200 2716 307 2758 que
355 2701 514 2743 inter
567 2702 767 2739 cetera
828 2702 949 2737 tres
1002 2698 1203 2749 portas
1252 2691 1502 2744 vidisse,
1555 2700 1782 2749 tresque
1833 2696 1979 2745 vias,

199 2773 354 2802 unam
385 2758 449 2801 ad
481 2757 702 2811 signum
733 2753 1081 2809 scorpionis,
1129 2764 1239 2806 qua
1278 2750 1559 2793 Hercules
1591 2753 1655 2794 ad
1696 2753 1831 2794 deos
1861 2754 1980 2794 isse

201 2820 500 2861 diceretur
543 2819 625 2857 etc.
684 2812 800 2854 ldem
829 2812 1015 2853 fortasse
1045 2823 1122 2866 pro
1160 2809 1370 2851 Clearcho
1413 2813 1582 2866 qu‘oque
1624 2811 1710 2852 dici
1753 2810 1857 2852 licet
1894 2810 1980 2851 Pe-

199 2876 453 2934 ripatetico,
498 2888 576 2925 ea,
617 2885 728 2928 quae
756 2871 801 2912 in
829 2869 941 2912 libro
972 2870 1077 2926 περὶ
1107 2866 1253 2911 ὕπνου
1292 2867 1346 2909 de
1388 2868 1635 2910 Aristotelis
1675 2882 1769 2910 cum
1809 2867 1977 2910 Judaco

201 2934 384 2991 quodam
423 2931 778 2975 sermocinatione
816 2929 953 2984 deque
992 2927 1117 2982 hujus
1146 2926 1288 2982 gentis
1319 2926 1486 2982 origine
1524 2932 1569 2968 et
1596 2925 1761 2982 magnis
1800 2927 1846 2968 in
1879 2927 1977 2983 phi-

201 2993 397 3049 losophia
426 2990 689 3048 profectibus
719 2987 939 3044 scripserit
966 2985 1140 3042 Joseph.
1171 2985 1251 3041 Ap.
1283 2985 1318 3028 I.
1351 2985 1421 3026 22.
1446 2982 1547 3027 454.
1577 2984 1697 3027 Jons.
1729 2984 1782 3026 de
1812 2985 1974 3041 Script.

199 3051 311 3093 Phil.
348 3065 390 3107 p.
424 3047 519 3091 113.
551 3062 635 3090 non
664 3045 895 3089 mentiendi
935 3058 1066 3086 causa
1108 3043 1184 3084 sed
1225 3042 1448 3100 epimythii
1490 3042 1585 3085 loco
1624 3057 1850 3094 narrasse3
1888 3057 1973 3098 quo

200 3115 337 3151 sumto
368 3107 608 3150 occurritur
636 3105 857 3148 Meinersii
889 3103 1143 3159 suspicioni,
1180 3102 1254 3157 qui
1295 3101 1447 3143 librum
1476 3101 1592 3143 illum
1625 3116 1650 3144 a
1679 3101 1845 3144 Judaeo
1877 3115 1976 3157 sup-

198 3168 381 3224 positum
410 3171 535 3222 putat
565 3165 621 3206 T.
651 3166 685 3206 1.
717 3180 760 3221 p.
779 3161 878 3206 213.

319 3225 378 3280 [0]
427 3225 493 3265 De
522 3223 706 3265 siderum
736 3221 932 3265 cursibus
959 3217 1129 3261 musicis
1158 3217 1269 3259 idem
1300 3216 1503 3259 disseruit
1530 3217 1574 3258 in
1604 3216 1834 3270 Hermete,
1866 3218 1974 3260 mul-

199 3284 317 3339 tique
350 3289 574 3338 praeterea
604 3281 702 3333 alii,
745 3295 852 3336 quos
883 3277 1071 3321 nominat
1107 3275 1295 3318 Achilles
1333 3276 1451 3331 Isag.
1496 3290 1537 3331 p.
1572 3274 1670 3317 136.
1731 3276 1890 3320 Aratus
1928 3275 1971 3318 in

202 3342 400 3393 Canone,
442 3339 725 3396 Thrasyllus»,
754 3336 984 3396 Hypsicles
1014 3341 1058 3378 et
1087 3335 1296 3378 Adrastus
1325 3333 1683 3392 Aphrodisiensis.
