2150 3814
182 204 308 267 966
622 266 625 273 Α
711 215 948 259 LIBER
993 210 1423 260 SECUNDUS.

180 349 344 413 verit
388 365 512 407 non
556 340 884 424 διαθήκας.
975 342 1184 402 Satius
1230 353 1363 403 erat
1407 342 1637 418 dicere,
1690 343 1808 403 hoc
1859 362 1967 404 no-

180 450 347 511 mine
417 446 671 506 omnino
739 460 864 501 non
934 441 1182 501 oracula
1251 441 1531 503 denotari
1601 441 1711 504 sed
1772 454 1969 523 pacta.

179 547 402 609 Utrum
446 563 597 606 vero
640 542 784 602 illae
828 541 1131 621 διαθῆκαι
1187 539 1263 600 ab
1319 542 1643 624 Areopago
1703 540 1970 602 custodi-

182 659 302 721 tae,
345 655 414 704 ut
446 642 705 705 Coraius
743 642 1108 720 suspicatur,
1155 640 1381 722 Oedipi
1417 643 1647 703 fuerint
1681 642 1975 704 mandata

182 747 434 816 ultima,
491 761 570 801 an
629 742 916 813 Orestae,
978 759 1056 799 an
1113 740 1336 802 Thesei
1394 751 1832 803 testamentum
1895 762 1974 803 an

182 846 636 907 monimentum
732 838 1051 919 quusdam
1130 842 1287 901 alius
1363 843 1600 921 antiqui
1686 843 1975 916 foederiS‚

182 947 339 1006 scire
383 942 640 1003 deorum
689 951 813 1017 est3
874 941 1119 1001 Pauwii
1165 943 1608 1019 conjecturam,
1664 943 1761 1002 his
1806 942 1977 1004 libris

186 1044 424 1107 Cereris
469 1042 757 1121 legiferae
799 1042 955 1101 ritus
1000 1044 1376 1123 perscriptos
1419 1042 1643 1116 fuisse,
1699 1043 1842 1120 jure
1883 1063 1979 1102 re-

183 1145 478 1227 probavit
530 1141 919 1203 Wellauerus
981 1140 1057 1200 de
1114 1142 1486 1223 Thesmoph.
1541 1162 1602 1222 p.
1661 1143 1760 1203 33.
1863 1143 1981 1203 Illa

184 1255 393 1307 autem
450 1243 699 1303 oracula
756 1260 795 1300 a
855 1239 1122 1303 Comicis
1184 1242 1389 1301 derisa
1454 1245 1668 1322 quanti
1726 1243 1982 1303 fecerint

183 1346 592 1407 Athenienses
640 1352 901 1421 apparet
944 1362 978 1400 e
1024 1342 1348 1402 Demosth.
1379 1343 1546 1403 Fals.
1575 1343 1718 1420 Leg.
1745 1362 1806 1422 p.
1835 1342 1982 1402 436.

186 1446 445 1524 aliisque
515 1445 835 1503 oratorum
895 1441 1064 1502 locis.
1179 1443 1478 1502 Libanius
1533 1443 1601 1502 in
1656 1441 1983 1502 Demosth.

186 1545 257 1605 T.
299 1545 402 1605 IV.
446 1564 507 1625 p.
553 1539 697 1603 250.
741 1559 831 1622 sq.
892 1541 1167 1623 μάλιστα
1223 1543 1533 1613 Φίλιππος
1589 1543 1827 1607 δέδωκε
1869 1542 1984 1614 τὰς

183 1653 317 1710 τῶν
358 1649 550 1708 ’θεῶν
609 1641 765 1726 ὑπὲρ
825 1649 934 1722 τῆς
988 1641 1222 1714 πόλεως
1276 1643 1573 1726 μαντείας
1630 1680 1717 1689 -
1775 1639 1987 1707 ἀκούει

185 1745 308 1833 γὰρ
366 1752 499 1808 τῶν
547 1750 856 1826 χρησμῶν
912 1745 1111 1809 ἀσκὸν
1166 1743 1559 1826 ἀβάπτιστον
1585 1741 1661 1826 [³⁸]
1703 1741 1983 1834 ,καλούν-

184 1868 317 1910 των
358 1844 475 1924 τὴν
517 1843 700 1908 πόλιν
743 1863 820 1903 ex
868 1843 1116 1902 oraculo
1164 1842 1441 1922 Sibyllae
1493 1845 1704 1915 Ἀσκὸς
1757 1844 1988 1928 βαπτί-

191 1946 296 2027 ζῃ,
355 1944 545 2008 δῦναι
588 1943 663 2006 δέ
699 1969 796 2007 τοι
841 1944 916 2006 οὗ
959 1945 1143 2026 θέμις
1186 1945 1317 2007 ἐστί
1358 1945 1662 2004 Plutarch.
1692 1943 1766 2003 V.
1806 1945 1986 2007 Thea.

189 2066 235 2105 c.
280 2044 509 2104 XXIV.
554 2043 723 2123 quod
766 2043 1028 2121 Pythiae
1066 2044 1284 2104 tribuit
1321 2046 1656 2105 Pausanias
1686 2045 1734 2104 I.
1779 2046 1880 2106 20.
1927 2056 1990 2106 et

189 2144 515 2207 cavillatur
555 2142 1005 2224 Aristophanes
1048 2143 1202 2224 qu.
1247 2145 1392 2205 962.
1442 2146 1553 2208 ἐὰν
1584 2143 1788 2227 τούτῳ
1827 2151 1988 2228 πιθῇ

187 2245 426 2330 μολγὸν
470 2244 766 2329 γενέσθαι
815 2244 915 2307 δεῖ
957 2265 1040 2306 σε.
1104 2245 1274 2322 cujus
1324 2245 1446 2303 loci
1489 2247 1857 2305 sententiam
1910 2246 1991 2307 ab

190 2343 630 2424 interpretibus
670 2363 892 2423 parum
935 2355 1291 2424 perceptam
1335 2344 1602 2426 explicat
1653 2345 1874 2406 Pollux
1909 2345 1988 2408 X.

195 2444 336 2503 187.
363 2444 592 2528 μολγὸς
619 2444 650 2505 ὃ
683 2442 889 2525 [idaeos
921 2441 1110 2513 ἀσκός
1138 2481 1223 2489 -
1246 2445 1352 2506 καὶ
1371 2443 1816 2528 Ἀριστοφάνης
1832 2471 1991 2530 χρη-

194 2541 357 2625 σμόν
399 2567 543 2606 τινα
585 2542 787 2618 παίζει
830 2541 947 2622 Μή
986 2569 1096 2625 μοι
1131 2544 1502 2624 Ἀθηναίους
1547 2550 1724 2620 αἴνει,
1768 2548 1992 2635 μολγοὶ

191 2643 315 2729 γὰρ
345 2644 610 2726 ἔσονται.
636 2661 758 2722 quo
795 2650 1058 2722 utroque
1099 2643 1384 2704 illuditur
1428 2646 1744 2705 oraculum
1781 2648 1992 2719 Ἄσκός

190 2742 481 2825 βαπτίζῃ.
570 2741 847 2803 Alteram
904 2753 1134 2804 sortem
1192 2743 1674 2807 Atheniens-ibus
1725 2745 1988 2807 editam:

314 2955 395 3010 [†]
453 2953 628 3006 Φελλὸς
664 2953 936 3012 ἀβάπτιστος
987 2958 1118 3001 multo
1164 2959 1387 3003 decentius
1429 2958 1644 3002 Pindarus
1693 2959 1746 3003 P.
1781 2958 1840 3003 11.
1887 2958 1989 3009 148.

197 3011 396 3068 Sibyllae
426 3010 595 3070 ἀσκόν,
637 3029 722 3071 quo
764 3017 997 3060 notabilius
1037 3022 1152 3059 esset
1191 3018 1369 3071 vitium,
1410 3018 1723 3075 Aristophanes
1759 3019 1806 3062 in
1848 3019 1990 3062 sordi-

197 3069 296 3113 dum
326 3072 608 3126 vocabulum,
649 3071 825 3133 μολγός
851 3076 1154 3129 commutavit,
1197 3078 1311 3133 quod
1341 3077 1379 3119 si
1409 3091 1436 3119 a
1463 3077 1677 3135 μέλγειν,
1708 3080 1757 3120 ut
1783 3077 1988 3120 Reimaro

197 3129 372 3172 videtur
403 3130 458 3172 ad
487 3130 615 3174 Dion.
659 3132 782 3176 cass.
814 3133 932 3178 LXI.
974 3134 1074 3179 107.
1118 3150 1160 3192 p.
1201 3134 1303 3179 995.
1341 3135 1554 3178 deflexum
1593 3142 1686 3188 est,
1729 3148 1815 3178 non
1851 3137 1989 3179 ubera

196 3187 273 3229 sed
305 3188 466 3231 corium
498 3190 590 3233 sive
620 3196 807 3235 scortum
836 3193 1079 3249 significat,
1119 3194 1166 3237 id
1196 3198 1263 3237 est
1292 3195 1546 3252 decerptum
1584 3192 1786 3250 quiddam
1826 3199 1872 3238 et
1913 3195 1989 3237 de·-

196 3250 412 3299 tractum‚
448 3250 499 3289 ut
528 3246 698 3299 σπάτος
728 3265 755 3294 a
783 3249 944 3309 σπάω,
976 3253 1144 3297 σκῦλον
1175 3268 1201 3295 a
1231 3251 1406 3298 σκύλλω
1436 3258 1481 3296 et
1508 3252 1697 3296 indidem
1726 3253 1986 3309 spolium.

199 3302 714 3407 {bdg{{3{ffi.ss⁰dyeloe'
757 3324 782 3352 e
795 3311 931 3354 xuvi
944 3322 1020 3355 ae.
1102 3308 1294 3370 Μολγός
1332 3309 1514 3369 (bulga)
1554 3316 1622 3355 est
1659 3311 1835 3358 latinum
1877 3313 1986 3364 lura,
