2150 3814
801 205 1252 252 onpnch.
1775 198 1934 260 1071

160 359 281 421 quo
338 343 498 401 inter
549 335 952 420 spectandum
999 336 1238 414 jejunia
1292 336 1618 416 placarent.
1704 338 1941 401 Romae

160 444 433 522 primum
477 459 532 500 a.
578 437 817 499 u..·692.
859 436 1213 497 institutum
1257 446 1350 496 est
1390 447 1461 498 ut
1501 437 1769 518 populus
1813 459 1938 500 me-

159 540 318 600 ridie
371 540 452 600 ad
493 537 822 620 prandium
868 536 1311 610 dimitteretur,
1367 557 1553 619 quum
1609 549 1793 599 antea
1848 549 1939 611 to·-

161 651 292 700 tum
343 638 507 698 diem
561 633 915 711 durassent,
972 647 1033 697 et
1087 647 1308 717 postea
1363 658 1630 720 quoque,
1687 642 1794 720 qui
1848 641 1939 699 lo-

158 757 296 797 cum
351 737 611 817 perdere
669 740 938 812 nollent,
998 738 1333 798 afferebant
1385 757 1594 800 secum
1649 748 1940 801 stoma-

154 838 292 897 cho
336 838 711 899 fulturam
753 841 1016 900 ruenti
1058 858 1119 900 v.
1153 840 1378 918 Interp.
1424 839 1505 899 ad
1549 840 1719 900 Suet.
1751 838 1940 919 Calig.

153 937 314 998 XVI.
403 936 695 1000 Ceterum
738 940 1036 1017 Hesychii
1077 940 1310 1016 glossa,
1371 958 1528 1017 quae
1570 950 1704 1000 tota
1745 951 1940 1001 trans-

153 1038 282 1098 lata
326 1049 420 1099 est
470 1042 537 1101 in
582 1040 784 1100 Schol.
848 1038 931 1098 ad
973 1038 1155 1116 Diog.
1200 1038 1360 1117 Epp.
1404 1038 1450 1096 I.
1504 1041 1572 1097 in
1625 1040 1823 1100 Notio.
1878 1050 1940 1100 et

153 1139 324 1198 Extr.
369 1138 446 1199 de
488 1139 791 1198 Manuscr.
837 1137 929 1198 Τ.ἾιῚ
951 1137 1029 1197 X.
1074 1156 1136 1216 p.
1181 1137 1324 1197 226.
1379 1139 1755 1218 nuptialium
1807 1140 1941 1220 pla-

152 1248 467 1298 centarum
509 1257 623 1298 nos
677 1237 1005 1310 admonet,
1060 1255 1320 1316 quarum
1375 1239 1657 1316 generale
1712 1258 1941 1301 nomen

153 1349 248 1397 est
302 1346 574 1408 πλακοῦς
626 1335 955 1424 γαμήλιος,
1017 1337 1050 1399 ὅ
1107 1343 1193 1407 εἰς
1244 1339 1392 1408 τοὺς
1446 1337 1691 1424 γάμους
1743 1349 1939 1411 πλασ-

152 1436 668 1519 ‹nmmos-Auem.
703 1438 896 1498 Bekk.
926 1436 1070 1498 229.
1115 1436 1471 1500 Athenaeus
1496 1439 1658 1503 XIV.
1685 1439 1829 1501 645.
1857 1442 1937 1501 D.

150 1537 368 1620 κρήιον
402 1547 674 1608 πλακοῦς
717 1540 905 1619 ἄρτος
932 1536 1005 1616 [t]
1053 1538 1129 1599 ὃν
1163 1540 1421 1624 Ἀργεῖοι
1450 1542 1621 1622 παρὰ
1649 1550 1757 1621 τῆς
1783 1540 1938 1624 νίμ-

153 1663 274 1719 φης
309 1639 464 1720 πρὸς
503 1641 611 1704 τὸν
645 1639 926 1721 νυμφίον
961 1638 1242 1720 φέρουσι,
1283 1639 1447 1718 quod
1484 1658 1622 1700 cum
1657 1640 1938 1719 pluribus
1995 1712 2004 1722 .

150 1740 290 1798 aliis
314 1741 526 1798 attulit
546 1738 904 1800 Welckerus
928 1740 996 1796 in
1021 1737 1270 1796 Nachtr.
1303 1757 1414 1798 zur
1440 1739 1666 1817 Trilog.
1698 1759 1762 1818 p.
1788 1741 1935 1800 309.

149 1839 529 1915 Hesychius:
572 1838 936 1912 Λεκανίὸες,
979 1841 1046 1901 ἓν
1074 1839 1171 1908 αἷς
1201 1842 1528 1922 ἔνθρυπτα
1557 1843 1781 1923 ἔφερον
1808 1846 1960 1926 τοῖς,

72 1996 75 2000 ,
148 1938 604 2024 νεογάμοις-ἐτ
647 1940 986 2018 copiosius:
1059 1940 1358 2011 Λεκανίς·
1404 1945 1472 2005 ἐν
1514 1946 1644 2010 τοῖς
1687 1931 1953 2004 ἐπαυλίέ

150 2066 240 2110 οις
283 2042 344 2102 οἱ
382 2041 635 2122 πατέρες
677 2047 814 2110 ταῖς
856 2038 1137 2123 νύμφαις
1180 2042 1357 2122 δῶρα
1404 2044 1674 2123 ἔπεμπον
1719 2045 1788 2104 ἐν
1818 2041 1938 2123 μὲν

148 2148 284 2211 ταῖς
319 2140 550 2203 -κοιτίσι
585 2139 839 2222 χρυσία,
884 2144 952 2202 ἐν
988 2140 1061 2202 δὲ
1093 2147 1230 2210 ταῖς
1274 2142 1546 2204 λεκανίσι
1581 2143 1935 2225 παρθενικά

147 2241 439 2325 παίγνια,
496 2258 655 2319 quae
698 2248 843 2299 sunt
892 2240 1153 2299 fortasse
1209 2240 1393 2299 ludo
1450 2253 1632 2322 apta
1687 2244 1935 2320 virgi-

147 2359 294 2400 neo
338 2349 600 2399 scruta
655 2359 755 2419 ap.
813 2339 1025 2399 Sidon.
1084 2340 1294 2421 Apoll.
1349 2342 1466 2421 Ep.
1512 2342 1642 2401 vll.
1689 2344 1747 2402 2.
1807 2342 1935 2402 He-

146 2441 429 2519 sychius:
523 2439 822 2523 Οἰκούρια
864 2440 942 2503 τὰ
987 2442 1108 2503 ὑπὸ
1153 2451 1285 2505 τῶν
1327 2444 1613 2525 μητέρων
1669 2449 1934 2529 προςφε-

149 2540 382 2624 ρόμενα
420 2547 576 2611 τοῖς
634 2540 904 2611 παιδίοις
948 2540 1240 2628 παίγνια.
1342 2542 1667 2604 Praeterea
1728 2547 1934 2606 sole-

146 2642 334 2701 bant
416 2660 551 2719 per
621 2643 941 2723 nuptias
1027 2641 1292 2702 dulcia
1373 2644 1932 2708 recedentibus

146 2760 469 2821 erogare
511 2761 650 2822 pro
687 2742 1134 2824 apoferetis
1172 2741 1371 2803 Schol.
1402 2742 1622 2805 Juven.
1655 2745 1758 2806 IV.
1786 2748 1958 2831 203„

323 2840 616 2928 Θιαγόνες
686 2846 864 2926 ἄρτοι
925 2847 984 2907 οἱ
1047 2844 1503 2926 παρατίθενται
1570 2852 1699 2917 τοῖς
1755 2853 1930 2920 θεοῖς

147 2942 412 3019 Hesych.
468 2942 690 3005 Athen.
734 2944 838 3004 III.
889 2943 1026 3004 114.
1070 2944 1137 3004 B.
1230 2943 1473 3005 Nomen
1527 2945 1697 3006 idem
1755 2948 1932 3011 vide-

147 3054 247 3104 tur
306 3042 543 3129 σιαγιόν
596 3046 637 3104 i.
696 3065 750 3125 q.
806 3042 1044 3128 βάρηξ,
1112 3064 1220 3105 seu
1275 3044 1506 3129 βήρηξ,
1577 3047 1743 3128 quod
1797 3051 1937 3131 ginf,

265 3242 340 3299 [t]
386 3243 594 3288 Similiter
620 3243 886 3301 Hesychius=
928 3242 1126 3290 Πόπανα
1156 3240 1433 3289 πλακούντια
1462 3243 1552 3292 ἀπὸ
1583 3243 1736 3307 ἄρτου.
1769 3248 1925 3292 Athen.

150 3300 268 3344 XIV.
297 3300 396 3349 646.
426 3303 478 3345 C.
519 3298 653 3361 ἄρτος
680 3300 1042 3359 πλακουντώδης.
1085 3319 1222 3361 neque
1252 3317 1419 3361 semper
1457 3312 1658 3351 servatur
1697 3307 1924 3351 discrimen

149 3375 175 3402 a
205 3360 509 3403 Grammaticis
536 3360 743 3406 traditum
773 3358 912 3422 ι’ίριον
941 3367 1138 3407 πέττειν.
1185 3364 1340 3420 μᾶζαν
1369 3359 1563 3421 μάττειν.
