2150 3814
254 229 419 291 1146
820 242 1057 289 mauu
1100 243 1470 290 'ruamus

245 377 558 450 Gnosium,
603 375 1002 455 Cyrbantem,
1046 393 1158 433 nec
1200 375 1466 456 amplius
1499 366 1866 436 nominatim
1901 394 2025 436 me-

242 482 457 552 minit,
502 477 612 538 sed
657 474 1082 554 Corybantum
1127 477 1400 556 saepius3
1444 476 1512 535 L.
1556 473 1841 535 XXVIII.
1884 476 2026 536 276.

242 586 525 643 Δικταῖοι
590 575 1023 660 Κορύβαντες,
1097 575 1202 654 qui
1257 574 1443 636 Indos
1503 575 1810 636 trucidant
1864 585 2031 639 Kov—

244 689 380 762 ρῆτι
448 675 683 759 σιδήρῳ
738 675 965 736 XXIX.
1022 673 1166 736 215.
1223 675 1366 735 222.
1433 677 1757 737 Melisseus
1812 675 2032 736 eodem

241 781 377 839 loco
434 776 722 838 XXVIII.
767 777 911 837 309.
957 776 1099 835 311.
1189 771 1378 835 Cures
1423 786 1484 835 et
1528 774 1805 854 Corybas
1850 795 2032 839 voca-

242 890 357 938 tur.
454 877 778 950 Asterion,
847 878 946 936 cui
1002 877 1258 957 Europa
1313 878 1556 956 nupsit,
1619 879 1779 948 ἄναξ
1831 886 2034 958 Κορυ-

240 979 541 1062 βαντίὸος
595 980 744 1058 ὕλης
801 987 1058 1038 vocatur
1099 978 1175 1036 H.
1219 974 1364 1036 695.
1419 975 1874 1054 Eurymedonti
1919 974 2035 1035 Ca-

244 1080 380 1139 biro
436 1080 652 1140 tribuit
707 1077 1156 1162 Κορυβαντίὸα
1214 1075 1436 1159 φωνήν
1479 1075 1684 1136 ΧΧΧ.
1730 1074 1830 1136 57.
1885 1074 2035 1136 Uni-

238 1199 455 1242 versos
521 1199 644 1239 uno
718 1180 958 1241 ambitu
1014 1178 1440 1256 complectitur
1497 1177 1752 1238 Servius
1813 1177 2032 1254 Georg.

239 1281 342 1340 IV.
393 1279 531 1339 153.
598 1279 870 1341 Jovem
928 1277 1383 1351 CuretibuS,
1441 1275 2035 1354 Corybantibus

242 1388 318 1438 et
386 1380 648 1439 Idaeis
702 1379 1074 1455 Dactylis
1131 1376 1353 1436 dedit
1409 1376 2033 1436 custodiendum.

242 1476 497 1539 Curetes
537 1489 600 1539 et
622 1479 924 1555 Dactylos
950 1475 1417 1558 comprehendit
1444 1476 1823 1556 Stephanus:
1869 1485 2036 1539 Κυλ-

241 1578 453 1661 λήτιον
496 1583 642 1665 ὄρος
685 1577 944 1663 Κρήτης
990 1583 1342 1647 Σκυλλαῖος
1384 1577 1507 1662 γὰρ
1555 1577 1586 1639 ὅ
1635 1576 1793 1646 Ζεὺς
1838 1577 2034 1639 αὐτοῦ

237 1692 525 1766 τιμᾶται·
595 1684 755 1745 ἔνθα
812 1679 1010 1764 φασὶν
1086 1681 1452 1742 ἀποθέσθαι
1508 1678 1656 1748 τοὺς
1709 1684 2035 1759 Κουρῆτας

240 1783 395 1865 μετὰ
462 1791 593 1846 τῶν
653 1788 1078 1862 Σπαρτιατῶν
1141 1781 1255 1844 τὸν
1313 1779 1471 1852 Δία,
1529 1778 1638 1838 ubi
1694 1777 2035 1838 Salmasius

238 1901 356 1963 pro
402 1891 829 1965 Σπαρτιατῶν
873 1891 980 1941 aut
1023 1879 1462 1962 Κορυβάντων
1504 1877 1895 1938 scribendum
1920 1897 2036 1959 pu-

239 1993 332 2043 tat
386 1993 493 2043 aut
546 1989 998 2064 Βακτριανῶν,
1058 1998 1316 2059 quarum
1377 1979 1877 2040 emendationum
1923 1997 2035 2058 po-
2121 2018 2124 2027 .

238 2084 460 2144 sterior
502 2084 722 2142 nititur
768 2081 1090 2142 Strabonis
1135 2081 1344 2142 verbis
1388 2101 1449 2160 p.
1495 2081 1638 2139 202.
1693 2083 1752 2142 οἱ
1795 2079 1864 2141 δ’
1910 2079 2031 2141 ὑπὸ

246 2182 533 2247 Τιτάνων
594 2184 729 2265 Ῥέᾳ
799 2185 1075 2263 δοθῆναι
1131 2179 1482 2264 προπόλους
1539 2179 1835 2248 ἐνόπλους
1890 2179 2037 2249 τοὺς

238 2282 655 2368 ,Κορύβαντας
712 2289 778 2347 ἐκ
833 2292 942 2364 τῆς
995 2289 1397 2366 Βακτριανῆς
1453 2279 2036 2366 ἄφιγμὲνουςχεθίί

238 2404 396 2465 opus
439 2394 677 2469 neutra.
723 2385 974 2444 Etenim
1018 2384 1186 2443 fama
1230 2392 1323 2441 est
1368 2380 1624 2442 Curetes
1666 2382 1770 2442 vel
1803 2381 2037 2457 Dacty-

234 2486 333 2545 los
391 2505 425 2544 e
481 2503 700 2567 sparso
755 2485 859 2544 vel
911 2485 1112 2542 imbre
1169 2484 1268 2543 vel
1325 2484 1588 2562 pulvere
1642 2493 1824 2540 natos
1881 2498 2034 2553 esse,

237 2604 497 2666 quorum
541 2583 699 2644 illud
743 2584 1042 2662 significat
1088 2582 1352 2643 Ovidius
1397 2581 1544 2641 Met.
1588 2581 1692 2640 IV.
1722 2582 1881 2666 4282.

382 2729 454 2779 Te
492 2745 680 2793 quoque
717 2744 847 2775 nunc
883 2728 1092 2788 adamas,
1132 2729 1371 2791 quondam
1406 2724 1638 2774 fidissime
1675 2741 1840 2788 parvo,
1919 2736 1922 2744 ’

381 2813 558 2875 Celmi‚
596 2814 706 2862 Jovi
740 2816 973 2881 largoque
1012 2823 1144 2862 satos
1184 2812 1383 2861 Curetas
1423 2812 1481 2859 ab
1518 2812 1672 2861 imbri.

236 2964 354 3024 hoc
399 2963 559 3024 clare
604 2965 1016 3045 pronunciant
1059 2962 1480 3035 Grammatici,
1523 2978 1677 3040 quos
1720 2959 1884 3020 infra
1925 2980 2034 3042 ap·-

238 3063 519 3144 pellabo‚
575 3065 986 3144 Dactylorum
1038 3082 1266 3124 nomen
1311 3082 1349 3122 a
1389 3079 1606 3142 sparso
1652 3080 1764 3139 per
1809 3061 2034 3140 digitos

238 3162 501 3243 pulvere
546 3164 710 3225 unde
755 3167 1120 3239 extitissent,
1160 3172 1528 3246 repetentes.
1615 3161 1780 3221 Hinc
1823 3161 2034 3242 Sparti

240 3262 527 3323 dicuntur
570 3267 705 3328 sive
750 3267 1120 3349 Spartiatae,
1163 3267 1321 3325 sicut
1364 3265 1702 3340 terrigenae
1738 3261 2033 3322 Thebani.

243 3363 574 3443 Gregorius
630 3365 784 3428 Naz.
842 3368 958 3447 Ep.
1017 3363 1356 3427 CXXXIX.
1415 3360 1558 3422 865.
1617 3363 1765 3432 τοὺς
1807 3371 2029 3444 Σπαρ-
