2150 3814
212 228 376 291 1022
728 240 965 286 tumn
1007 240 1432 287 sncuNoth.

203 369 445 432 Deinde
498 378 733 430 constat
786 386 996 429 omnes
1049 369 1178 428 fere
1230 368 1409 429 urbes
1464 369 1802 430 maritimas
1844 389 1955 430 eo-

200 473 426 553 piaque
500 470 945 546 negotiatorum
1029 476 1091 526 et
1171 479 1619 530 commeatuum
1694 467 1972 537 celebrem

202 589 341 631 suas
411 567 694 627 habuisse
759 565 1068 646 Seplasias
1140 575 1203 624 et
1268 568 1536 630 Albanas
1605 567 1966 630 diversoriis

200 670 378 728 laetis
423 668 709 745 omnique
750 665 1028 725 luxuriae
1064 665 1436 745 supellectile
1469 671 1811 741 instructas,
1852 684 1964 727 no—

203 766 472 828 minibus
510 764 958 825 delicatissimis
983 764 1390 847 Εὐδαιμόνων
1433 767 1657 850 λαύρα,
1694 766 1965 849 Σαμίων

205 869 398 945 ἄνθη,
436 864 800 947 Ἀμαλθείας
840 866 1039 947 κέρας,
1073 866 1313 936 Γλυκὺς
1356 867 1568 953 ἀγκών
1588 863 1679 945 [2³]
1725 866 1968 945 aliaque

200 963 586 1049 τρυφητήρια
635 960 728 1044 [²4]
799 982 914 1045 par
982 982 1205 1024 nomen
1279 974 1388 1025 aut
1453 985 1668 1047 parem
1733 966 1968 1024 famam

202 1065 460 1145 adepta,
516 1064 593 1123 de
645 1063 865 1143 quibus
921 1064 1117 1123 multa
1167 1075 1374 1125 narrat
1428 1065 1786 1126 Athenaeus
1827 1063 1968 1124 XII.

201 1165 345 1225 416.
389 1184 475 1244 sq.
516 1164 621 1226 vel
661 1165 885 1222 nostris
928 1164 1300 1240 ganeonibus
1346 1163 1734 1224 admiranda.
1786 1162 1971 1237 Quod

202 1267 258 1324 si
300 1265 376 1324 ab
419 1264 514 1322 his
556 1263 833 1322 luxuriae
877 1261 1150 1336 officinis,
1195 1266 1249 1324 si
1291 1283 1330 1324 a
1362 1265 1648 1345 Daphne,
1688 1263 1798 1323 illo
1842 1282 1972 1322 me-

202 1366 493 1423 retricum
537 1371 599 1420 et
640 1359 1035 1421 cinaedorum
1079 1363 1318 1422 stabulo
1349 1361 1472 1446 [2⁵]‚
1526 1366 1582 1423 si
1624 1381 1663 1423 a
1694 1362 1861 1440 Bajis
1906 1371 1970 1420 et

205 1461 459 1542 Canopo
524 1459 997 1520 similitudinem
1060 1462 1386 1521 transferre
1450 1464 1592 1521 licet
1660 1461 1742 1520 ad
1799 1461 1972 1520 illam

204 1571 543 1623 scortorum
587 1569 650 1619 et
683 1562 1201 1622 naviculariorum
1237 1561 1585 1633 colluviem,
1628 1559 1777 1641 quid
1801 1558 1974 1620 aliud

204 1662 383 1722 nobis
438 1670 712 1721 occurret
766 1679 949 1739 quam
1016 1670 1236 1720 actae
1306 1669 1369 1719 et
1429 1660 1752 1721 balneae
1815 1661 1973 1720 lae-

205 1764 488 1834 tiores,
589 1760 995 1819 hortulani
1094 1762 1639 1839 maritimique
1723 1777 1974 1829 seces-

208 1880 336 1921 sus
378 1858 468 1941 [ἳῦ]
531 1868 592 1918 et
644 1861 710 1918 in
766 1859 862 1918 his
917 1861 1235 1934 convivia,
1290 1861 1748 1934 comisationes,
1806 1877 1976 1936 sym·-

205 1961 501 2042 phoniae,
580 1958 934 2037 thalamegi,
1016 1968 1260 2020 natatus
1339 1960 1556 2020 lascivi
1608 1957 1725 2040 [2⁷]
1811 1968 1976 2019 tota·—

212 2145 282 2199 18.
313 2158 356 2201 p.
385 2141 484 2185 320.
536 2141 726 2186 ⁴Verbum
754 2141 955 2197 gallicum
991 2141 1254 2198 ripailler
1291 2141 1438 2184 faire
1472 2140 1709 2198 ripaille
1746 2139 1777 2182 i.
1805 2154 1845 2183 e.
1883 2140 1976 2184 hel-

210 2203 345 2254 luari,
384 2200 610 2256 Menagius
639 2198 825 2241 Diction.
862 2214 904 2256 p.
936 2197 1034 2240 626.
1074 2198 1386 2256 interpretatur
1422 2201 1568 2242 facere
1606 2197 1776 2256 ripalia.
1833 2197 1978 2254 Atque

211 2260 354 2304 nescio
385 2273 440 2302 an
468 2265 612 2301 vestes
642 2257 854 2301 delicatae
884 2258 933 2300 αἱ
961 2255 1235 2316 καλούμεναι
1264 2258 1444 2302 ἀκταῖαι
1482 2258 1636 2300 Athen.
1662 2256 1763 2299 XII.
1791 2255 1890 2300 525.
1918 2256 1976 2299 D.

213 2319 370 2362 similes
401 2319 583 2360 fortasse
613 2316 908 2372 Synthesibus,
943 2315 1128 2359 indidem
1161 2331 1312 2360 nomen
1350 2316 1595 2373 acceperint
1633 2316 1688 2358 ab
1728 2315 1861 2368 actis,
1899 2314 1978 2358 nbi

215 2392 295 2436 par
325 2376 527 2419 Thermis
556 2375 712 2417 nostris
741 2374 923 2417 luxuria.
1409 2399 1411 2402 -
1730 2380 1734 2384 “

332 2434 423 2490 [2³]
456 2434 522 2475 De
544 2434 632 2483 ,hoc
653 2447 763 2489 quae
793 2434 991 2475 dicuntur
1020 2431 1325 2488 quodammodo
1355 2432 1564 2474 illustrari
1591 2435 1767 2489 possunt
1795 2445 1819 2473 e
1843 2431 1975 2474 Paus.

213 2494 268 2536 V.
289 2492 330 2535 3.
359 2489 684 2549 ὑπερησθέντες
713 2489 963 2548 ἀμφότεροι
991 2492 1043 2549 τῇ
1071 2492 1192 2547 μίξει
1221 2492 1297 2533 καὶ
1326 2492 1374 2532 αἱ
1401 2494 1612 2548 γυναῖκες
1639 2491 1714 2533 καὶ
1744 2491 1788 2533 οἱ
1816 2484 1978 2546 ἄνδρες

215 2553 330 2596 ἔνθα
360 2553 650 2608 συνεγένοντο
680 2546 729 2591 τὸ
757 2552 934 2606 χωρίον
959 2545 1091 2591 Bocchi
1128 2545 1410 2607 ὀνομάζουσι.
1471 2547 1617 2590 Schol.
1655 2547 1767 2591 Plat.
1804 2561 1848 2605 p.
1876 2547 1976 2592 381.

214 2609 354 2653 Bekk.
385 2608 511 2661 aliam
539 2608 746 2651 rationem
776 2607 918 2649 affert.

333 2667 426 2783 [ἐξ
465 2664 943 2781 ἓὶΐεοὲῗωᾴᾱὲνὲἇὲ·
974 2661 1146 2764 {1³38ss
1184 2660 1517 2782 ’Ξερῗπῗέἒέἑξ
1539 2665 1630 2765 323²
1641 2659 1976 2781 :3353555‘22

219 2790 303 2829 cat.
332 2783 451 2828 Idem
488 2785 534 2827 in
570 2781 728 2826 Homil.
767 2781 932 2825 XVIII.
974 2778 1070 2823 187.
1107 2780 1162 2826 D.
1203 2781 1257 2823 de
1298 2782 1675 2824 Antiochensibus=
1722 2781 1884 2824 πολλοὶ
1921 2781 1976 2839 τῇ

213 2848 293 2889 τοῦ
349 2839 565 2887 λούεσθαι
601 2843 824 2899 ἐπιθυμίᾳ
872 2840 948 2884 ἐπὶ
998 2836 1078 2881 τὸν
1125 2837 1334 2898 ποταμὸν
1375 2843 1580 2900 τρέχουσι
1621 2842 1762 2898 μυρία
1808 2853 1974 2896 κωμῳ-

219 2904 399 2951 δοῦντες
426 2901 541 2956 ἐκεῖ,
580 2898 937 2957 ἀσελγαίνοντες,
971 2892 1257 2956 χορεύοντες,
1284 2895 1515 2955 .γύναικας
1547 2893 1836 2956 ἐπαγόμενοι.
1901 2896 1975 2938 Si-

216 2961 335 3005 milia
355 2961 409 3002 de
431 2959 683 3002 solemnibus
709 2955 1036 3014 Daphnensibus
1054 2954 1259 2998 Libanius
1280 2956 1401 3000 Decl.
1423 2957 1477 2999 T.
1505 2957 1564 2998 11.
1581 2954 1680 2999 385.
1709 2969 1773 3011 sq.
1802 2969 1846 3011 p.
1872 2951 1972 2996 455.

218 3026 263 3062 et
290 3017 390 3062 556.
431 3018 483 3061 In
513 3017 596 3059 alio
627 3016 783 3072 Syriae
811 3015 982 3073 oppido,
1010 3013 1212 3070 Aphacis‚
1242 3015 1449 3073 γυννίὸες
1477 3010 1636 3073 ἄνδρες
1662 3015 1823 3070 θηλείᾳ
1852 3008 1971 3068 νόσῳ

218 3075 299 3132 τὴν
326 3074 438 3120 θεὸν
467 3076 664 3119 ἱλεοῦντο
694 3074 856 3118 Euseb.
887 3074 939 3117 V.
971 3071 1118 3115 Const.
1147 3073 1227 3115 III.
1257 3073 1327 3117 45.
1360 3072 1458 3115 611.
1515 3071 1731 3121 Κίναιδος
1768 3073 1859 3114 τῶν
1892 3069 1974 3124 τὴν

219 3134 332 3179 θεὸν
358 3132 439 3189 τὴν
467 3137 640 3192 Συρίαν
667 3135 730 3183 εἰς
757 3131 835 3182 τὰς
863 3129 925 3176 κώ
965 3147 1016 3179 ας
1051 3133 1128 3174 καὶ
1163 3129 1264 3182 τοὺς
1303 3129 1470 3191 ἀγροὺς
1507 3127 1846 3192 περιφερόντων
1883 3128 1975 3171 Lu-

224 3195 335 3240 cinn.
365 3193 485 3237 Asin.
521 3195 561 3245 §-
592 3190 661 3235 35.
701 3206 744 3248 p.
776 3188 873 3234 173.
954 3223 967 3237 .
998 3189 1075 3231 VI.

337 3251 428 3308 [2⁶]
491 3249 750 3294 Tertulliani
785 3250 921 3294 verba
957 3251 1055 3292 sunt
1103 3246 1158 3291 de
1184 3247 1352 3292 Poenit.
1401 3262 1438 3290 c.
1481 3246 1560 3291 XI.
1611 3261 1654 3304 p.
1693 3245 1763 3290 62.
1801 3245 1859 3288 Τ.
1895 3244 1975 3290 IV.

222 3310 429 3424 semlffiv]
474 3367 712 3424 Symmach.
742 3366 864 3411 VIII.
902 3365 988 3423 Ep.
1030 3362 1101 3409 23.
1140 3363 1194 3408 de
1222 3363 1431 3416 Lucrino,
1471 3361 1593 3419 Bajis
1630 3366 1676 3410 et
1715 3360 1973 3421 Campaniae
