2150 3814
783 230 1272 276 Δοιιιτιιιοιι.
1747 216 1905 280 1051

125 367 300 428 modi
338 364 707 428 studiorumi
723 362 1054 422 materiam
1098 361 1411 441 anquirat,
1468 357 1624 441 quae
1667 369 1731 421 et
1771 381 1911 423 ver-

125 468 345 529 borum
388 465 713 548 pigmentis
744 462 1021 523 colorari
1073 468 1137 520 et
1179 457 1618 523 sententiarum
1662 462 1911 522 lumini-

125 569 242 629 bus
271 565 849 644 illustratrix-possit,
893 561 1230 642 eademque
1272 571 1407 622 tum
1450 563 1691 642 poetice
1733 558 1913 622 lasci-

123 667 336 730 viendi
375 676 512 725 tum
555 663 900 724 sublimiter
936 661 1418 744 philosophandi
1452 664 1699 743 copiam
1736 681 1914 742 prae-

124 768 302 827 beat(
365 765 561 837 Haec⁴
593 764 749 824 mihi
801 764 1117 846 reputanti
1175 772 1238 822 et
1291 762 1370 822 de
1423 763 1679 825 levitate
1732 781 1915 843 quae-

121 867 462 941 stiunculae
504 865 674 926 haud
715 865 1109 925 mediocriter
1145 863 1410 923 sollicito
1446 862 1769 924 commode
1809 863 1915 923 ob-

121 967 318 1026 latum
347 977 469 1027 'est
506 967 776 1046 Goropii
817 964 1043 1026 Becani
1099 963 1510 1035 celeberrimi,
1571 963 1776 1043 quoad
1819 966 1916 1025 vi-

120 1071 329 1141 veret,
390 1066 796 1146 mythosophi
864 1062 1208 1124 anecdoton
1276 1082 1311 1120 e
1378 1061 1588 1122 codice
1649 1064 1916 1141 Traghe-

121 1170 330 1228 mensi.
350 1169 430 1248 [²]
522 1166 957 1245 transcriptum
1046 1163 1164 1222 hoc
1251 1161 1434 1221 titulo
1523 1163 1914 1241 insignitum:

122 1266 903 1345 Theium—*atoscopinn
956 1262 1485 1342 symbolicum
1539 1265 1709 1326 sive
1765 1260 1917 1341 ΜΥ-

122 1365 540 1446 t2holo÷giae2
577 1404 580 1405 ν
615 1366 1088 1426 omnifariae
1155 1363 1597 1424 elucidatio
1670 1365 1919 1426 veris-

122 1468 344 1541 sima,
402 1469 727 1528 aussctore
783 1467 1136 1546 Goropio
1194 1465 1531 1538 Becano,
1594 1463 1918 1526 Archia-

122 1577 278 1627 tro.-
332 1565 597 1629 Codicis
638 1569 800 1648 'pars
855 1566 1129 1626 maxima
1185 1565 1420 1624 amissa
1476 1574 1600 1639 est,
1657 1564 1770 1625 sed
1824 1584 1918 1624 re-

123 1677 248 1727 stat
321 1668 645 1733 exordium
712 1669 810 1728 his
879 1665 1090 1728 verbis
1157 1665 1505 1725 inductum:
1596 1664 1639 1725 S
1658 1685 1919 1745 emper

125 1786 265 1846 ego
309 1768 634 1828 auditor
677 1765 1028 1828 tantum?
1115 1773 1179 1823 et
1232 1765 1612 1843 Prologus
1669 1766 1920 1844 galea-

125 1878 248 1927 tus
288 1867 675 1930 adversus
718 1865 1722 1950 Mythologosmodernoffi
1778 1884 1919 1926 cum

122 1968 437 2028 nonnullis
502 1970 783 2049 priorum
840 1967 1113 2048 capitum
1168 1968 1507 2048 particulis.
1609 1967 1919 2048 Principio

123 2068 400 2130 Becanus
481 2068 607 2130 duo
691 2088 828 2130 esse
901 2068 1050 2128 dicit
1116 2068 1541 2147 Mythologiae
1611 2069 1921 2148 explican-

124 2167 244 2228 dae
287 2188 548 2248 genera,
632 2188 825 2229 unum
881 2169 1121 2229 literale
1176 2170 1311 2231 sive
1369 2169 1921 2247 grammatico-hi-

126 2272 450 2343 storicum,
517 2270 782 2329 alterum
855 2270 1208 2350 spirituale3
1267 2271 1441 2350 prius
1498 2289 1537 2330 a
1590 2269 1921 2350 philologis

126 2371 408 2444 tractari,
464 2370 532 2428 in
574 2388 729 2449 quos
797 2370 904 2429 ille
972 2371 1170 2429 multa
1241 2371 1684 2430 contumeliose
1754 2369 1922 2443 dicit,

124 2470 494 2547 Micrologos
550 2487 779 2531 vocans
835 2480 898 2529 et
949 2470 1424 2545 Rationalistas‚
1495 2473 1601 2551 qui
1659 2472 1924 2550 antiqui-

125 2571 271 2630 tatis
341 2572 755 2649 cognitionem
824 2590 859 2628 e
928 2572 1176 2651 scriptis
1243 2573 1639 2651 antiquorum
1708 2580 1923 2652 peten-

127 2669 276 2731 dam
345 2690 479 2732 esse
547 2669 952 2745 contendant,
1033 2690 1235 2752 neque
1293 2674 1642 2732 intuitionis
1704 2673 1922 2744 imme-

127 2771 334 2832 diatae
399 2774 671 2853 pretium
742 2768 1092 2851 agnoscant.
1184 2771 1467 2832 Alterum
1524 2790 1674 2835 vero
1732 2772 1923 2832 subli-

129 2873 288 2931 mius
354 2891 545 2951 genus
618 2883 899 2934 constare
954 2872 1226 2954 quodam
1286 2874 1707 2933 enthusiasmo
1771 2892 1920 2954 poe-

129 2959 252 3028 tico
335 2973 527 3032 animi
608 2991 797 3053 supra
864 2972 1056 3033 libros
1128 2982 1190 3032 et
1256 2973 1466 3032 literas
1537 2972 1683 3033 elati
1749 2971 1920 3031 ideo-

132 3086 249 3149 que
317 3082 480 3133 recte
548 3072 702 3148 dici,
770 3074 1234 3153 mythologum,
1313 3082 1383 3132 ut
1441 3082 1727 3154 poetam,
1794 3091 1922 3133 non

252 3213 323 3271 [²]
370 3215 466 3260 Jam
496 3217 653 3262 dudum
684 3218 792 3261 haec
821 3218 1013 3276 amplissi
976 3233 1084 3262 suna
1114 3217 1233 3260 urbis
1264 3224 1438 3260 noestra
1467 3218 1733 3275 bibliotheca
1758 3218 1897 3261 exteri

136 3270 322 3316 innotuit
365 3288 444 3330 per
492 3276 626 3320 Andr.
679 3277 899 3321 Dunkeri:
970 3276 1217 3333 Virgilii
1253 3276 1572 3377 „Georgica
1627 3279 1764 3322 duce
1776 3233 1920 3376 ntis}

135 3344 229 3386 qui
214 3329 339 3372 isbu
369 3333 545 3378 adhuc
574 3336 863 3388 laborant,
898 3337 948 3379 lo
994 3352 1040 3379 is
1071 3351 1239 3379 exmo
1333 3336 1447 3380 chii
1434 3336 1888 3394 ιΤῑαςῐιθιιιειιεί

137 3403 237 3431 cex
247 3389 449 3446 mplari
491 3405 547 3434 re
558 3393 786 3438 sittuta.
847 3396 1029 3439 Heide
1041 3396 1133 3439 lbe
1146 3350 1365 3450 rg1nSOG.
