2150 3814
248 203 415 266 1228
808 217 1045 262 tumn
1098 216 1462 262 TERTIUS.

243 333 329 409 cis
372 346 678 427 gressibus
722 345 869 405 illuc
911 343 1156 406 escendi
1183 349 1430 426 poterit,
1474 345 1638 406 unde
1662 357 2021 427 prospectus

242 459 336 509 est
394 447 474 507 ad
518 446 802 505 ultimam
847 447 1229 525 antiquitatis
1276 463 1466 506 oram.
1553 447 1802 507 Etenim
1844 445 2026 507 Anna

240 549 414 609 Alex.
458 546 526 604 L.
570 544 647 605 X.
671 544 834 606 284.
879 546 959 604 D.
1023 545 1181 604 hanc
1226 541 1534 608 Cabiriam
1578 548 1889 607 Venerem
1924 547 2023 626 ip-

241 667 372 709 sam
417 644 710 705 Astarten
751 645 1063 725 perhibet:
1109 647 1168 708 οἱ
1214 648 1580 729 Σαρακηνοὶ
1618 649 1732 728 τὴν
1769 645 2026 729 Ἀστάρ-

238 773 354 828 την
408 747 514 810 καὶ
570 746 686 827 τὴν
733 744 1061 827 Ἆσταρώθ
1112 754 1526 829 προςκυνοῦσι
1569 749 1674 832 καὶ
1713 748 1830 828 τὴν
1865 771 2025 830 χρυ-

240 856 358 927 σῆν
423 848 565 929 παρ’
638 847 869 916 αὐτοῖς1
897 843 1125 928 χόβαρῖ
1193 850 1392 926 neque
1449 846 1573 905 alia
1626 865 1761 906 esse
1817 855 2027 927 potest

237 949 348 1008 illa
391 944 632 1027 Σελήνη
675 946 1012 1029 Καβειρία,
1059 964 1243 1025 quam
1287 946 1352 1005 P.
1395 946 1708 1024 LigoriuS‚
1765 946 2027 1005 certissi-

238 1066 377 1109 mus
434 1048 639 1120 testiS,
699 1065 976 1124 gemmae
1029 1047 1389 1127 inscriptam
1435 1045 1615 1107 vidit.
1700 1045 1875 1107 Haec
1916 1046 2028 1123 igi-

239 1158 339 1208 tur
395 1157 490 1207 est
533 1146 1003 1206 Samothracum
1061 1146 1180 1206 dea
1219 1166 1472 1224 magna,
1528 1147 1640 1207 illa
1680 1146 2029 1226 luciparens

239 1258 302 1308 et
356 1249 749 1328 omniparens
803 1237 1014 1325 regina
1071 1246 1254 1320 coeli,
1312 1250 1411 1307 cui
1464 1249 1867 1328 primigeniae
1917 1265 2030 1306 na-

238 1349 438 1406 tiones
508 1345 587 1404 ab
656 1353 797 1404 ortu
864 1344 944 1404 ad
1017 1365 1298 1406 occasum
1355 1348 1800 1427 supplicavere.
1903 1346 2029 1407 Sed

240 1447 409 1506 ocius
453 1446 808 1504 vorsoriam
855 1447 1206 1524 capiamus,
1248 1464 1327 1504 ne
1371 1445 1774 1507 divinationis
1820 1457 2027 1506 aestus

239 1545 321 1606 ad
365 1564 503 1605 eam
545 1563 661 1605 nos
706 1543 973 1607 devehat
1017 1564 1222 1618 oram,
1266 1564 1484 1626 quam
1529 1547 1828 1606 somnia
1871 1547 2028 1616 vul-

238 1665 326 1724 go
378 1664 582 1707 vana
636 1655 906 1705 tenere
959 1646 1242 1705 serunt.
1343 1646 1578 1712 Rheam
1624 1644 2030 1726 Cereremque

238 1746 317 1806 de
377 1746 840 1806 Samothraciae
905 1738 1257 1827 principatu
1322 1748 1483 1806 inter
1536 1766 1603 1807 se
1660 1746 2031 1807 contendere

238 1846 724 1907 demonstratum
770 1857 891 1921 est;
938 1856 1170 1906 ceteras
1212 1846 1455 1906 fabulas
1500 1850 1738 1928 antiqui
1770 1850 2030 1928 scripto-

235 1967 354 2021 reS‚
399 1956 586 2028 prout
629 1948 765 2027 quis
807 1948 873 2005 in
915 1945 1073 2006 hanc
1116 1947 1218 2008 vel
1255 1947 1428 2006 illam
1466 1949 1739 2026 pronior,
1783 1947 2028 2009 diverse

166 2061 169 2070 '
234 2050 730 2128 interpretantur.
773 2107 778 2112 ,
827 2046 999 2104 Rhea
1055 2047 1373 2106 clientelae
1408 2049 1549 2124 jure
1592 2066 1797 2108 secum
1841 2050 2031 2108 traxit

238 2147 645 2224 Corybantes;
697 2141 913 2220 ‘Cereri
972 2145 1257 2206 Mnaseas
1302 2146 1547 2206 addidit
1587 2147 1779 2207 filiam
1825 2159 1887 2208 et
1928 2169 2029 2227 ge-

235 2267 477 2321 nerum,
521 2245 992 2324 Dionysodotus
1035 2247 1199 2306 filiae
1223 2246 1611 2307 reductorem
1635 2247 2027 2309 Mercurium.

235 2349 511 2408 Platonis
566 2348 808 2407 nullum
864 2347 1133 2429 amplius
1193 2349 1259 2406 in
1303 2348 1398 2407 his
1441 2348 1794 2426 regionibus
1837 2352 2028 2411 vesti-

236 2450 404 2526 gium
473 2456 751 2527 apparet.
864 2446 991 2506 Sed
1023 2446 1127 2536 ‘ad
1181 2447 1557 2508 Mercurium
1613 2450 1721 2508 ille
1763 2450 2026 2509 forsitan

234 2547 516 2630 pluribus
559 2546 803 2606 indiciis
848 2544 1146 2606 deductus
1185 2557 1306 2623 est;
1349 2568 1495 2608 nam
1521 2559 1584 2609 et
1607 2567 1787 2610 mons
1807 2549 2029 2610 Lemni

236 2666 468 2708 nomen
521 2647 813 2732 Ἑρμαῖον
855 2646 1121 2706 habebat
1165 2647 1367 2709 Schol.
1413 2649 1602 2731 Soph.
1647 2650 1799 2710 Phil.
1841 2650 2022 2712 1452.

238 2841 314 2882 λαι
341 2835 423 2892 τὴν
451 2834 555 2896 παρ’
590 2833 742 2883 αὐτοῖς
771 2834 1023 2892 σεβομένην
1047 2831 1344 2892 Ἀφροδίτην,
1386 2832 1443 2891 ἣν
1473 2834 1530 2892 δὴ
1562 2841 1757 2894 Χαβαρα
1799 2837 1887 2893 (sic
1925 2842 2022 2880 ato-

240 2897 341 2952 nos)
380 2898 434 2964 τῇ
463 2892 613 2938 αὐτῶν
639 2890 1026 2952 προςαγορεὺουσι
1054 2891 1251 2952 γλώσσῃ.
1310 2895 1428 2938 Urbs
1458 2895 1666 2938 Kebire
1701 2896 1746 2938 in
1773 2895 1905 2938 Delta
1935 2897 2020 2940 Ni-

238 2957 351 2999 liaco
392 2959 478 2996 s1ta
521 2952 576 2996 ob
616 2951 952 3007 magnitudinem
990 2951 1072 2993 hoc
1111 2967 1262 2995 nomen
1302 2954 1523 3011 accepisse
1564 2954 1724 2996 dicitur
1760 2970 1804 2998 v.
1846 2955 2021 3012 Savary

241 3013 435 3056 Zustand
475 3011 551 3054 des
590 3010 707 3053 alten
746 3010 833 3053 und
875 3024 1012 3052 neuen
1051 3010 1301 3067 Aegyptens
1348 3013 1404 3056 T.
1445 3013 1483 3055 Ι.
1530 3027 1573 3068 p.
1612 3012 1714 3056 227.
1781 3014 1872 3056 Sed
1911 3015 2022 3058 haec

240 3072 381 3115 omnia
411 3069 467 3114 ad
495 3069 793 3127 explicandam
824 3069 1079 3112 Cabirorum
1107 3071 1500 3114 Samothraciorum
1541 3076 1586 3113 et
1615 3065 1902 3128 Phrygioru'm
1940 3088 2020 3116 no-

239 3130 398 3172 tionem
439 3128 546 3170 nihil
585 3129 834 3181 conferunt,
885 3128 1081 3185 quoniam
1121 3143 1264 3172 omnes
1306 3130 1366 3172 dii
1408 3129 1590 3184 magni
1630 3130 1717 3173 dici
1756 3136 1935 3188 possunt
1972 3137 2018 3175 et

241 3189 365 3232 multi
392 3189 456 3230 ita
485 3186 592 3229 dicti
621 3192 741 3239 sunt,
785 3186 860 3242 qui
890 3201 984 3229 cum
1011 3187 1098 3229 illis
1126 3188 1287 3231 nullam
1317 3188 1632 3231 similitudinem
1662 3189 1848 3244 habent,
1877 3205 2018 3248 neque

242 3248 281 3290 si
309 3261 394 3290 vox
425 3245 601 3289 arabica
631 3250 708 3288 aut
738 3246 1003 3288 samscritica
1033 3245 1214 3289 Cabir
1243 3261 1439 3302 magnum
1470 3247 1612 3300 valet,
1657 3262 1712 3290 ex
1753 3249 1835 3291 hoc
1873 3250 2015 3306 sequi-

246 3312 344 3357 tur,
385 3304 559 3347 deorum
589 3303 980 3347 Samothraciorum
1010 3319 1158 3347 nomen
1187 3306 1300 3349 idem
1329 3305 1590 3360 significare3
1622 3320 1720 3349 nam
1747 3309 1793 3351 in
1823 3308 2015 3351 omnibus

242 3363 402 3420 linguis
432 3367 659 3406 versantur
686 3362 899 3407 vocabula
929 3377 1031 3406 sono
1062 3363 1299 3417 simillima,
1339 3369 1557 3421 potestate
1586 3365 1714 3422 longe
1742 3366 1926 3409 diversa.
