2184 3840
293 213 418 277 864
818 231 1052 275 LIBER
1093 231 1519 277 SECUNDUS.

291 379 536 422 versum
572 360 649 420 de
690 361 920 443 Orphei
957 361 1094 438 lyra
1125 363 1162 440 ἢ
1201 362 1305 423 καὶ
1343 358 1657 430 ἀναύδους
1694 361 1916 440 πέτρας
1951 361 2055 422 καὶ

291 458 543 544 Φόρκου
574 463 839 546 στυγνὸν
866 463 1109 524 ἔπειθεν
1137 460 1329 541 ὕδωρ,
1355 479 1475 539 quo
1501 461 1749 519 nomine
1776 458 2054 536 Stygiam

289 579 506 640 aquam
533 559 855 637 significari
884 561 1209 618 assentitur
1232 558 1555 634 Mueller03
1585 559 1768 639 idque
1795 576 2058 638 propere

288 659 662 739 approbavit
703 656 1019 716 Jacobsius
1063 658 1253 716 Lectt.
1301 657 1470 716 Stob.
1497 679 1556 738 p.
1589 659 1725 719 106.
1770 657 2057 716 Ruhnke-

286 761 424 818 nius
469 776 618 819 vero
663 755 917 838 Φόρκου
961 757 1132 836 ὕδωρ
1179 775 1345 814 mare
1387 758 1918 837 interpretabatur,
1963 757 2060 814 cui

285 857 438 916 nihil
498 853 664 914 aliud
711 864 1030 934 opponunt
1071 856 1193 914 nisi
1235 855 1518 932 languere
1561 857 1676 916 hoc
1721 857 2053 936 epitheton.

286 955 445 1016 Nam
503 953 668 1034 quod
722 953 1077 1014 Welckerus
1135 953 1309 1013 addit
1362 955 1427 1013 in
1473 954 1697 1032 Trilog.
1740 954 1956 1014 Aesch.
2000 973 2060 1034 p.

288 1055 430 1115 383.
498 1055 702 1136 ipsum
763 1053 1137 1132 adjectivum
1201 1052 1463 1139 στυγνός
1518 1055 1855 1132 significare
1909 1061 2060 1130 sty-

286 1157 529 1234 gium,
571 1153 639 1214 id
680 1173 878 1234 neque
922 1154 1203 1234 exemplo
1250 1142 1824 1213 ullo‘demonstrari
1867 1172 2062 1233 neque

287 1274 362 1314 ex
405 1273 499 1328 eo,
543 1255 708 1335 quod
753 1253 1015 1341 στυγνός
1058 1264 1120 1313 et
1164 1251 1409 1339 στύγιος
1444 1272 1793 1343 communes
1826 1252 2061 1312 radices

283 1354 538 1428 habent,
583 1356 783 1434 colligi
825 1364 1047 1436 potest,
1092 1354 1209 1412 nisi
1255 1353 1388 1433 quis
1433 1371 1506 1411 eo
1552 1352 1917 1412 descendere
1958 1371 2062 1413 ve-

282 1454 387 1528 lit,
448 1464 518 1514 ut
578 1455 866 1536 μειλίχιος
923 1465 984 1514 et
1024 1451 1348 1536 μελιτόεις,
1392 1451 1635 1536 ’ψυχρός
1678 1465 1740 1511 et
1781 1450 2061 1536 ψυχικός,

283 1554 513 1639 ἅχηρής
582 1564 644 1613 et
709 1552 1090 1635 ἅχερόντιος,
1168 1553 1446 1632 μέθυσος
1502 1562 1565 1612 et
1617 1555 2060 1633 Μεθυμναῖος,

280 1655 450 1715 idem
494 1655 830 1732 significare
874 1652 1056 1725 dicat,
1100 1652 1244 1731 quia
1287 1649 1365 1710 ab
1410 1650 1623 1711 eadem
1659 1653 1849 1730 stirpe
1884 1660 2063 1713 enata

281 1758 421 1816 sint.
508 1753 811 1833 Equidem
855 1752 1140 1829 languere
1174 1750 1539 1810 Phanoclem
1585 1750 1834 1823 malim,
1877 1757 2059 1830 quam

281 1866 352 1915 ut
395 1873 537 1914 eum
581 1853 799 1912 Phorci
842 1852 1091 1911 nomine
1145 1851 1280 1910 loca
1322 1850 1520 1909 infera
1564 1850 1887 1910 denotasse
1929 1851 2062 1910 sine

282 1956 409 2015 ullo
466 1963 713 2014 auctore
768 1961 830 2010 et
886 1950 1166 2031 exemplo
1220 1949 1483 2009 credam.
1579 1949 1896 2010 Postremo
1952 1949 2061 2009 du-

281 2054 412 2115 bito
456 2073 605 2113 num
653 2050 908 2134 Φόρκου
951 2051 1123 2133 ὕδωρ
1167 2049 1515 2128 languidius
1558 2051 1667 2139 sit,
1711 2068 1892 2130 quam
1946 2049 2060 2129 Τή-

279 2160 442 2225 &voc
499 2154 671 2235 ὕδωρ
729 2151 918 2230 Orph.
973 2149 1116 2227 Arg.
1177 2150 1356 2212 1109.
1418 2150 1712 2211 Nereos
1755 2167 2061 2228 aequor,

278 2253 527 2336 κύματα
572 2250 995 2334 Ἀαφιτρίτης,
1053 2249 1422 2329 Panopae
1477 2267 1746 2327 greges
1790 2248 2060 2330 (Terent.

276 2356 472 2414 Maur.
528 2371 588 2413 v.
634 2350 846 2430 2630.)
900 2351 1215 2431 ipsiusque
1257 2350 1538 2408 Phorci
1582 2349 1861 2430 chorus
1905 2348 2059 2413 Stat.

282 2456 436 2516 Silv.
492 2453 569 2513 II.
628 2452 686 2510 2.
751 2451 846 2509 19.
904 2449 1121 2528 quibus
1179 2449 1328 2508 locis
1385 2448 1641 2527 quilibet
1694 2449 1851 2508 alius
1906 2447 2057 2510 deus

277 2556 551 2615 marinus
620 2550 927 2610 nominari
991 2555 1251 2627 poterat.
1352 2547 1443 2608 Ac
1498 2548 1757 2608 fortasse
1809 2566 1887 2608 ne
1924 2548 2059 2609 hoc

278 2653 525 2735 quidem
560 2653 951 2730 significatur,
997 2647 1159 2727 quod
1189 2647 1550 2707 Ruhnkenio
1585 2649 1805 2728 placet,
1847 2666 2056 2707 mare

275 2759 664 2825 universum,
718 2749 829 2811 sed
873 2768 945 2808 ea
988 2767 1130 2829 pars
1175 2748 1395 2826 maris,
1438 2767 1560 2828 qua
1604 2747 2049 2829 Symplegades

278 2856 576 2926 eminent,
619 2852 826 2911 nautis
871 2849 1154 2908 omnibus
1197 2846 1645 2921 formidabileS‚
1690 2865 1873 2927 quam
1914 2866 2057 2928 par-

276 2962 403 3013 tem
459 2953 691 3011 Phorco
756 2950 861 3010 ille
917 2948 1061 3018 ἅλὸς
1115 2934 1472 3032 ἀτρυγέτοιο
1523 2947 1777 3028 με’ὃοντι
1832 2947 2054 3008 multo-

275 3071 530 3132 rumque
594 3061 1006 3111 monstrorum
1076 3048 1452 3128 progenitori
1509 3047 1684 3124 quasi
1735 3048 2051 3126 propriam

277 3153 573 3214 ditionem
629 3151 964 3230 subjectam
1026 3147 1215 3206 fuisse
1268 3166 1302 3204 e
1361 3143 1628 3221 Carystii
1670 3146 1806 3204 loco
1851 3146 2053 3224 colligi

275 3262 517 3333 potest,
588 3253 640 3310 si
698 3252 802 3309 ille
865 3245 1309 3328 Symplegades
1367 3255 1654 3324 tanquam
1715 3246 2052 3306 vastissimi

277 3353 648 3430 regni-ostia
695 3350 950 3435 Φόρκου
995 3346 1191 3416 πύλας
1233 3345 1595 3405 nominavit.
1685 3343 2045 3425 Quanquam
