2150 3814
213 153 338 222 920
741 162 976 209 mnan
1017 162 1445 208 SECUNDUS.

213 313 423 374 goram
491 295 700 373 ipsum
769 294 857 351 sic
910 301 1226 351 canentem
1284 290 1518 350 inducit
1570 289 1751 351 Nam
1809 293 1983 352 sive

216 403 333 454 est
399 392 679 453 animal
739 389 980 450 tellus
1041 401 1149 450 etc.
1219 391 1650 450 convenienter
1709 397 1986 450 veterum

213 493 610 572 physicorum
658 490 854 548 effatis
871 489 967 568 [¹¹].
1057 487 1179 547 Sed
1225 487 1639 580 desideramus
1683 489 1987 567 antiquio-

213 611 344 650 rem
399 592 578 667 hujus
636 589 971 647 sententiae
1030 597 1368 661 auctorem,
1412 581 1549 648 nonx
1578 590 1682 669 qui
1723 589 1840 647 hoc
1880 606 1991 645 no-

214 690 312 750 bis
367 690 641 759 nunciet,
704 684 886 744 deum
940 685 1158 743 mundi.
1214 689 1486 746 animum
1532 708 1663 748 esse
1705 708 1816 768 per
1861 705 1990 745 om-

215 808 355 847 nem
417 805 618 844 rerum
677 795 956 843 naturam
1010 786 1313 844 intentum
1357 797 1419 844 et
1462 786 1745 846 diffusum
1763 788 1836 866 [⁰]
1881 784 1993 845 sed

215 888 318 965 qui
373 886 491 944 hoc
544 884 793 945 divinae
849 884 1074 943 mentis
1132 883 1509 943 domicilium
1566 886 1840 965 corporis
1882 886 1993 944 hu-

215 986 382 1044 mani
464 986 655 1061 figura
732 983 1085 1065 praeditum
1170 1002 1302 1043 esse
1368 986 1693 1065 perspicue
1760 982 1994 1042 doceat.

216 1084 592 1144 Posteriores
659 1083 907 1163 quidem
976 1084 1391 1160 Pythagoreos
1479 1084 1622 1143 huic
1705 1083 1993 1145 universo

217 1203 341 1243 non
403 1185 604 1244 solum
662 1184 845 1243 deum
900 1184 1267 1262 inquilinum
1323 1182 1432 1243 sed
1487 1185 1674 1242 etiam
1709 1201 1759 1242 .s
1808 1184 1996 1242 eciem

216 1283 547 1342 humanam
592 1286 942 1356 asseruisse,
988 1281 1145 1341 adeo
1187 1282 1343 1342 nihil
1387 1203 1862 1361 ambigimusfut
1899 1282 1997 1343 vel

217 1383 556 1462 Epiphanii
610 1384 965 1442 testimonio
1021 1383 1290 1441 contenti
1346 1384 1565 1442 simus:
1622 1391 1803 1465 σῶμα
1845 1383 1998 1468 λέγει

220 1481 671 1567 (Πυθαγόρας)
717 1483 875 1545 εἶναι
917 1482 1031 1545 τὸν
1085 1482 1275 1554 θεὸν,
1330 1484 1649 1546 τουτέστιν
1703 1483 1997 1565 οὐρανὸν,

222 1581 597 1663 ὀφθαλμοὺς
653 1580 722 1643 δὲ
779 1583 975 1643 αὐτοῦ
1029 1580 1135 1641 καὶ
1189 1580 1266 1642 τὰ
1328 1583 1480 1643 ἄλλα
1536 1583 1732 1662 ὥςπερ
1785 1582 1890 1644 καὶ
1933 1583 2000 1644 ἐν

223 1680 579 1763 ἀνθρώπῳ,
633 1682 808 1759 ’ἥλιον
862 1681 967 1742 καὶ
1021 1678 1278 1759 σελήνην
1331 1682 1436 1742 καὶ
1478 1680 1554 1743 τὰ
1602 1683 1757 1743 ἄλλα
1801 1683 2000 1763 ἄστρα

220 1781 326 1841 καὶ
380 1780 458 1841 τὰ
516 1782 645 1841 κατ’
693 1781 967 1862 οὐρανὸν
1012 1787 1278 1859 στοιχεῖα
1323 1779 1462 1840 adv.
1507 1779 1694 1839 Haer.
1736 1779 1807 1843 L.
1852 1781 1897 1839 Ι.
1943 1778 2001 1840 5.

219 1899 281 1959 p.
343 1879 437 1939 14.
469 1879 586 1958 [⁰⁰].
664 1877 884 1938 Verum
942 1878 1018 1937 de
1073 1879 1493 1938 Macrocosmo
1539 1880 1859 1954 hactenus;
1903 1899 2002 1941 se-

221 1980 454 2058 quitur,
498 1988 568 2037 ut
611 1977 688 2036 de
729 1978 1132 2038 Microcosmo
1179 1978 1466 2038 dicamus,

1019 2163 1215 2245 §.a

397 2320 466 2379 Si
537 2323 672 2398 quis
739 2339 1008 2398 magno
1078 2321 1165 2379 de
1230 2322 1591 2392 flumine,
1663 2338 1846 2399 quam
1914 2318 2004 2379 de

227 2419 647 2478 fonticulis
690 2420 1010 2479 haurire
1052 2421 1246 2491 malit,
1289 2421 1622 2478 Robertum
1665 2417 2003 2478 Fluddium

227 2517 443 2591 adeat,
500 2519 604 2595 qui
660 2517 754 2576 his
817 2517 1230 2577 deliramentis
1276 2517 1400 2577 dua
1442 2517 1695 2596 grandia
1737 2509 2006 2598 comple-

145 2684 152 2690 ,
228 2619 322 2678 vit
376 2617 724 2689 volumina,
753 2659 755 2661 ·
786 2616 947 2676 unde
1001 2619 1161 2677 hunc
1203 2637 1389 2678 unum
1432 2619 1635 2677 locum
1683 2617 2008 2700 decerpere

351 2773 423 2828 [¹1]
469 2772 616 2828 Pomp.
649 2772 769 2814 Mela
798 2771 855 2814 ΙΙ.
884 2773 926 2815 2.
970 2773 1022 2814 de
1052 2773 1224 2815 marinis
1255 2774 1471 2816 aestibus:
1521 2774 1640 2817 Non
1671 2778 2002 2831 compertum

235 2830 416 2873 adhuc
451 2830 720 2872 anhelitu
761 2845 859 2872 suo
900 2830 954 2872 id
996 2832 1227 2873 mundus
1267 2833 1535 2885 efficiat,
1577 2838 2005 2889 retractamque

235 2902 349 2930 cum
393 2889 602 2944 spiritu
640 2889 840 2932 undam
881 2896 1137 2944 regerat,
1182 2891 1258 2944 si,
1294 2896 1353 2933 ut
1383 2891 1757 2933 doctioribus'
1785 2891 2002 2947 placet,

237 2959 397 2987 unum
430 2947 640 2988 animal
672 2954 772 2990 est.

352 3003 423 3059 [0]
467 3001 515 3047 Ὁ
541 3005 629 3062 μὲν
657 3004 764 3055 θεὸς
792 2999 854 3054 εἷς
880 3030 937 3037 -
967 3003 1049 3048 οὐκ
1079 3002 1202 3054 ἐκτὸς
1229 3009 1306 3055 τοῖς
1335 3002 1658 3062 διακοσμάσιος
1686 3004 1777 3048 ἀλλ’
1811 3007 1862 3051 ἐν
1890 3006 2004 3064 αὐτᾷ

236 3085 293 3092 --
322 3063 429 3109 νοῦς
458 3064 535 3104 καὶ
563 3061 766 3120 ψὺχωσις
793 3067 883 3107 τῶν
911 3061 1029 3107 ὅλων
1056 3063 1244 3119 Pythag.
1282 3079 1351 3122 ap.
1384 3063 1536 3121 Cyrill.
1570 3078 1607 3106 c.
1638 3064 1723 3106 Jul.
1753 3065 1789 3107 Ι.
1819 3080 1860 3121 p.
1891 3066 1962 3109 30.

353 3119 452 3176 [⁰⁰]
487 3120 674 3164 Varro
704 3123 845 3164 hanc
873 3126 1093 3178 partem
1123 3123 1333 3165 animae
1361 3122 1549 3166 mundi
1575 3122 1721 3165 dicit
1749 3123 1920 3176 deum,
1949 3123 2006 3166 in

238 3176 400 3219 nobis
440 3183 623 3223 autem
660 3182 880 3235 genium
919 3180 1138 3232 vocari,
1167 3205 1225 3213 —
1265 3181 1490 3238 lapides
1533 3186 1728 3223 terrae
1769 3185 1827 3223 ut
1870 3196 2005 3225 ossa

245 3235 374 3288 dei,
420 3237 593 3281 solem
636 3238 938 3294 lunamque
978 3252 1171 3282 sensus
1215 3240 1339 3295 ejus
1383 3263 1435 3274 -·-
1485 3240 1725 3282 aethera
1773 3239 2006 3285 animum

243 3294 469 3350 Augustin.
503 3294 599 3339 civ.
632 3296 773 3341 XXII.
803 3296 873 3341 23.
