2150 3814
825 234 1279 279 oRPH1CA.
1777 221 1940 284 1065

163 378 225 428 et
267 368 479 429 Lunae
522 368 754 440 afferri,
809 363 1096 444 idemque
1141 362 1406 446 ἀφεστήρ
1451 373 1514 423 et
1557 363 1774 445 σελήνη
1819 365 1944 427 dici

161 468 414 528 Photius
458 475 697 539 narrat,
758 464 983 525 Suidas
1026 470 1233 524 autem
1290 467 1454 545 βοῦν
1501 466 1780 546 πέμπτον
1837 476 1945 525 aut

159 571 325 648 βοῦν
378 569 652 649 ἕβδομον
694 568 771 644 []
842 566 957 625 hac
1010 565 1274 624 fortasse
1331 562 1706 637 differentia,
1778 563 1947 645 quod

158 666 406 726 lunulae
446 664 609 726 'illae
677 665 1161 726 semicirculatae
1231 674 1434 724 essent
1450 707 1467 737 ,
1538 664 1664 740 dux
1735 674 1948 725 autem

156 766 385 842 gregiS,
452 764 864 846 cujuscunque
908 765 1158 825 demum
1198 765 1456 842 figurae,
1502 782 1729 825 cornua
1769 783 1950 846 prae-

157 863 457 925 tenderet.
540 865 634 925 Ac
689 867 923 926 similes
978 865 1164 925 hodie
1218 866 1526 942 finguntur
1578 865 1829 927 lunulae
1884 862 1948 926 S.

158 963 414 1024 Martini
459 964 562 1025 die
614 966 775 1027 festo
834 977 896 1026 et
950 973 1250 1028 vocantur
1307 959 1982 1029 Martinshornerf

158 1074 267 1124 aut
320 1065 539 1126 Horn
554 1067 678 1126 aff
683 1085 772 1124 en
786 1109 805 1139 ,
887 1065 1106 1145 quibus
1175 1064 1430 1143 plurimi
1500 1063 1953 1148 Germanorum

156 1167 483 1243 quotannis
525 1184 593 1224 se
637 1165 914 1246 explent,
958 1163 1070 1224 sed
1113 1164 1274 1224 hunc
1315 1183 1555 1224 morem
1597 1163 1676 1224 ab
1714 1163 1949 1226 ultimis

154 1263 458 1341 Pelasgis,
527 1264 746 1324 Lunae
803 1264 1141 1325 cultoribus
1158 1307 1175 1337 ,
1244 1274 1566 1345 'acceptum
1624 1282 1758 1324 esse
1811 1283 1951 1343 per—

153 1365 339 1443 pauci
379 1364 702 1425 hominum
746 1366 979 1443 sciunt,
1038 1366 1143 1444 qui
1186 1364 1521 1443 Boettigeri
1577 1374 1952 1428 commenta-

157 1464 392 1523 tionem
435 1465 712 1543 legerunt
769 1484 828 1527 v.
889 1462 1504 1524 Curiositaeten
1550 1464 1620 1524 T.
1664 1464 1737 1522 II.
1795 1463 1860 1523 P.
1904 1464 1951 1525 Ι.

156 1582 218 1643 p.
268 1563 406 1624 166.
439 1629 449 1634 ,
490 1565 618 1626 Nec
661 1565 920 1626 dubium
963 1566 1144 1645 quin,
1188 1567 1242 1625 si
1287 1566 1424 1644 quis
1469 1565 1626 1624 bene
1671 1563 1950 1623 oculatus

159 1662 599 1724 dulciariorum
643 1668 931 1725 tabernas
986 1684 1112 1724 non
1168 1664 1528 1742 ligurriendi
1584 1664 1694 1724 sed
1750 1650 1952 1744 philo-

158 1764 466 1844 sophandi
510 1785 695 1826 causa
736 1766 1098 1846 perlustret,
1154 1764 1322 1824 haud
1378 1783 1608 1844 paucas
1654 1766 1951 1843 antiquis-

155 1866 452 1925 simarum
493 1866 861 1944 religionum
904 1865 1195 1945 reliquias
1239 1866 1604 1926 inventurus
1647 1858 1761 1939 sit3
1806 1882 1954 1924 nam

157 1984 314 2045 quae
355 1965 544 2025 hodie
586 1967 676 2026 ibi
718 1975 1034 2047 prostant,
1091 1966 1328 2046 spirae,
1388 1966 1629 2039 circuli,
1686 1965 1950 2038 rotulae,

155 2065 468 2140 laterculi,
535 2066 754 2128 eadem
790 2068 1031 2127 ¹omnia
1087 2066 1301 2126 multis
1359 2076 1502 2126 ante
1557 2085 1672 2126 nos
1731 2066 1953 2126 seculis

157 2167 224 2224 in
280 2186 398 2226 usu
454 2167 647 2227 fuisse
701 2168 994 2245 legimuS,
1051 2184 1252 2246 neque
1305 2169 1438 2226 sine
1494 2167 1727 2244 flagitio
1786 2164 1954 2229 credi

157 2274 399 2346 potest,
455 2277 699 2327 veteres
754 2267 1196 2347 placentarios,
1262 2268 1397 2328 sive
1455 2266 1784 2347 quadratas
1840 2267 1953 2324 fin-
2030 2262 2034 2266 ’

159 2375 371 2444 gerent
438 2369 574 2429 sive
645 2367 1124 2427 semicirculatas
1188 2369 1323 2428 sive
1387 2367 1760 2427 orbiculatas
1818 2368 1953 2428 sive

158 2466 589 2545 pyramidatas
634 2469 769 2529 sive
812 2469 879 2526 in
921 2466 1181 2526 modum
1232 2466 1447 2526 stellae
1504 2467 1807 2540 radiataS,
1866 2476 1954 2525 te-

158 2585 327 2625 mere
371 2567 707 2648 quidquam
752 2578 813 2627 et
855 2568 988 2628 sine
1030 2569 1271 2627 ratione
1301 2567 1536 2628 fecisse.
1591 2568 1727 2629 Imo
1761 2569 1953 2627 enim-

158 2685 309 2728 vero

678 2795 732 2834 ut
767 2789 927 2848 pueris
965 2788 1081 2835 olim
1118 2787 1235 2832 dant
1272 2789 1486 2834 crustula
1522 2786 1686 2833 blandi

374 2872 623 2932 doctores,
671 2874 909 2921 elementa
944 2874 1098 2920 velint
1128 2880 1183 2918 ut
1220 2871 1404 2919 discere
1442 2873 1610 2934 prima,

159 3000 250 3059 ita
294 3009 533 3060 veteres
578 3001 930 3061 scriblitarii
974 3010 1170 3061 totam
1216 3010 1410 3060 artem
1466 3018 1642 3059 suam
1700 3000 1818 3059 huc
1863 2999 1953 3058 di-

162 3099 470 3177 rigebant,
529 3111 596 3161 ut
653 3104 861 3162 omnia
917 3104 1175 3163 minima
1231 3120 1459 3182 pransa
1501 3119 1741 3161 sesamo
1802 3120 1952 3181 quo-

284 3268 364 3325 [11]
420 3271 569 3315 Simile
620 3275 914 3330 placentarum
967 3275 1231 3343 symplegma
1282 3271 1549 3327 siguificare
1588 3272 1761 3315 videtur
1808 3272 1953 3326 Hesy

175 3326 740 3397 61·Ᾰ“3·Χξῖρ1ς,θῦμα
787 3335 838 3378 ἐκ
884 3336 1019 3391 τριῶν
1060 3350 1136 3377 πο
1141 3329 1202 3374 τάι
1208 3347 1281 3374 ων
1324 3335 1639 3389 συγκείμενον.
1713 3331 1950 3374 Proverbio

172 3399 219 3425 ns
224 3399 270 3426 us
302 3393 367 3426 est
399 3365 603 3432 Libanius
633 3391 752 3434 Decl
797 3393 854 3438 Τ
890 3393 964 3434 IV.
1003 3392 1095 3434 160.
1141 3391 1336 3446 ἀτεχνῶς
1375 3394 1546 3434 λίθινοί
1587 3405 1701 3438 rut-’g
1742 3404 1817 3444 πε(
1816 3392 1858 3431 ἡ
1889 3382 1952 3430 ὧν
