2150 3814
231 199 393 261 1242
790 209 1023 254 mmm
1065 208 1433 256 ‘rnn'rms

224 357 396 430 patet
421 349 533 427 [¹¹],
603 353 806 404 tamen
861 342 1186 421 praecipue
1242 340 1512 401 defertur
1567 342 1685 402 diis
1752 347 1982 422 gentili-

221 449 358 520 ciis,
417 445 520 524 qui
575 442 762 502 iidem
807 451 949 500 sunt
992 438 1286 520 cujusque
1317 442 1593 503 ‘civitatis
1637 446 1986 524 antiquissi-

218 550 306 607 mi
350 555 410 603 et
451 543 881 622 potentissimi,
926 551 1106 619 atque
1149 549 1398 601 eatenus
1444 547 1814 605 conveniunt
1851 562 1988 604 cum

217 644 575 716 PenatibuS,
632 642 942 722 quomodo
998 658 1035 699 a
1088 636 1391 720 principio
1436 643 1524 702 dii
1566 645 1853 723 cujusque
1897 644 1987 703 fa-

216 746 423 806 miliae
467 743 804 814 domestici,
848 751 992 821 post
1035 750 1237 799 autem
1281 743 1467 800 totius
1511 746 1706 819 gentis
1748 762 1987 803 conser-

214 854 460 907 vatores
502 844 739 924 proprii
781 830 1085 900 nominati
1129 849 1290 913 sunt,
1332 843 1626 920 privatim
1659 844 1821 902 intra
1846 863 1986 904 con-

215 955 389 1025 septa
458 942 710 1017 domuS,
774 944 1017 1023 publice
1069 943 1135 999 in
1189 955 1355 1020 penu
1412 941 1581 1000 urbis
1634 947 1985 1003 consecrati.

213 1044 351 1105 Jam
407 1043 486 1103 de
539 1044 955 1102 Romanorum
1010 1041 1336 1100 Penatibus
1387 1052 1603 1102 notum
1646 1052 1740 1101 est
1781 1052 1988 1103 aucto-

212 1164 309 1204 res
368 1143 523 1203 adeo
564 1130 852 1214 ’variare,
906 1149 978 1200 ut
1034 1143 1229 1202 cuivis
1285 1141 1465 1200 facile
1519 1142 1831 1203 intellectu
1887 1145 1985 1216 sit,

211 1263 319 1306 eos
361 1262 492 1302 rem
538 1244 603 1300 in
645 1240 953 1322 profundo
998 1240 1341 1300 abstrusam
1387 1244 1736 1321 conjectura
1779 1255 1840 1303 et
1882 1263 1986 1303 su-

212 1341 585 1422 spicionibus
666 1359 970 1419 quaerere.
1056 1340 1389 1419 Procopius
1470 1343 1619 1404 Bell.
1690 1344 1870 1403 Goth.
1937 1346 1981 1403 I.

209 1440 311 1502 25.
367 1438 509 1501 375.
566 1439 640 1499 Α.
727 1438 950 1499 Janum
1008 1439 1073 1496 in
1117 1439 1233 1497 hoc
1275 1458 1530 1499 numero
1574 1442 1781 1500 refert·
1805 1444 1984 1504 alios-

213 1562 329 1623 que
384 1541 640 1600 deorum
694 1548 1001 1599 veterum:
1059 1538 1090 1600 ὂ
1144 1539 1336 1609 Ἰανὸς
1390 1536 1570 1611 οὗτος
1625 1550 1867 1624 πρῶτος
1906 1541 1984 1624 ἧν

208 1651 339 1708 τῶν
382 1641 659 1725 ἀρχαίων
683 1644 889 1712 θεῶν,
936 1639 1044 1708 οὓς
1086 1645 1160 1720 τῇ
1195 1640 1519 1722 Ῥωμαίων
1561 1639 1807 1726 γλώσσῃ
1852 1647 1982 1707 Πέ-

207 1767 396 1823 νητας
437 1740 714 1804 ἐκάλουν.
800 1739 927 1800 Alii
970 1738 1221 1799 Vestam
1265 1751 1504 1821 quoque
1545 1742 1982 1803 huic'n'umero

210 1843 588 1922 adscripsere
629 1839 895 1899 Macrob.
939 1839 979 1901 l.
1026 1860 1072 1898 c.
1117 1842 1286 1918 cujus
1329 1843 1395 1900 in
1424 1843 1738 1921 >penetrali
1762 1860 1981 1904 arcana

206 1943 453 2022 imperii
495 1940 808 2019 tutelaque
849 1940 1043 2017 gentis
1088 1941 1384 2000 contineri
1437 1941 1821 2018 credebatur3
1878 1949 1981 2024 qui

207 2059 601 2101 romanorum
645 2057 956 2098 sacrorum
1002 2041 1297 2116 originem
1341 2060 1378 2100 a
1421 2041 1701 2119 Troianis
1743 2054 1978 2124 repete*—

205 2142 386 2214 bant,
453 2139 808 2219 Apollinem
880 2148 942 2197 et
994 2137 1380 2218 Neptunum,
1439 2138 1664 2220 Trojae
1715 2146 1979 2204 munito-

203 2261 302 2302 res
319 2242 393 2322 [0]
440 2258 651 2300 omnes
696 2249 900 2298 autem
933 2236 1156 2300 Jovem
1186 2237 1622 2320 Capitolinum,
1664 2244 1980 2306 custodem

204 2342 374 2401 urbis
415 2341 763 2402 Minervam
807 2349 869 2399 et
910 2337 1215 2399 Junonem
1258 2343 1548 2420 reginam,
1592 2360 1744 2424 quos
1779 2344 1975 2405 Varro

206 2441 804 2520 antiquissimos
860 2438 1046 2498 deos
1100 2441 1346 2501 refert
1399 2442 1649 2503 Tertull.
1703 2444 1784 2504 ad
1836 2444 1973 2505 Nat.

204 2542 279 2601 II.
347 2540 450 2600 74.
516 2548 806 2618 tanquam
875 2538 1131 2598 Penates
1198 2541 1476 2620 publicos
1535 2554 1598 2602 et
1653 2546 1976 2607 universae

207 2641 473 2702 civitatis
516 2649 748 2699 tutores
791 2641 1068 2700 venerati
1110 2651 1252 2700 sunt
1274 2641 1409 2703 Liv.
1434 2644 1537 2703 ΙΠ.
1569 2644 1663 2703 17.
1679 2643 1772 2727 [†].
1827 2646 1972 2707 His-

323 2824 398 2880 [11]
445 2822 622 2865 Servius
651 2823 756 2865 Aen.
788 2823 862 2865 VI.
893 2822 963 2866 73.
1003 2823 1306 2882 unicuique
1345 2826 1479 2868 deus
1514 2828 1661 2884 ipse,
1701 2842 1846 2884 quem
1877 2844 1967 2873 co-

210 2883 307 2934 lit,
347 2895 570 2938 magnus
610 2888 698 2924 est
738 2883 794 2924 cf.
843 2882 1109 2924 Brouckhus.
1139 2883 1196 2925 ad
1223 2885 1383 2927 Tibull.
1413 2885 1448 2927 I.
1479 2883 1520 2928 5.
1550 2886 1622 2928 37.

324 2941 400 2997 [⁰]
449 2939 653 2996 Nigidius
682 2944 729 2983 et
754 2939 903 2983 Labeo
933 2941 1118 2984 Penates
1152 2942 1324 2985 Aeneae
1362 2943 1608 3001 Neptunum
1647 2948 1693 2987 et
1730 2945 1965 3001 Apollinem

203 2999 381 3042 tradunt
409 3000 532 3042 Serv.
562 2998 645 3041 III.
677 2998 774 3041 119.
813 2999 848 3041 Ι.
878 2998 978 3043 378.
1035 2999 1214 3056 Nigidio
1254 3008 1300 3045 et
1338 3001 1522 3045 Varroni
1559 3003 1670 3045 hanc
1709 3005 1959 3048 sententiam

203 3058 359 3100 tribuit
386 3057 635 3100 Macrobius
667 3057 751 3102 111.
781 3055 823 3099 4.

324 3114 403 3171 Η]
452 3116 574 3158 Serv.
616 3115 849 3165 Autan.
889 3111 989 3161 437.
1040 3118 1305 3160 nonnulli
1346 3119 1590 3161 Penates
1637 3133 1763 3162 esse
1806 3120 1962 3164 dixe-

206 3179 338 3216 runt
367 3198 423 3206 --
450 3174 637 3216 Jovem
673 3174 1178 3229 aeth-eravmedium,
1207 3177 1467 3220 Junonem
1496 3177 1655 3221 imum
1683 3193 1814 3222 aera
1843 3194 1960 3222 cum

203 3239 385 3287 terra,
427 3245 675 3275 summum
717 3234 975 3278 aetheris
1015 3248 1271 3278 cacumen
1299 3236 1630 3290 Minervam,
1676 3250 1810 3294 quos
1848 3237 1958 3280 De-

207 3290 408 3333 marati
448 3290 734 3334 Corinthii
773 3292 939 3336 filius
984 3293 1397 3337 samothraciis
1439 3294 1822 3350 religionibus
1865 3297 1958 3339 im-

206 3350 376 3392 butus
423 3348 520 3391 sub
560 3363 662 3391 uno
703 3356 858 3394 tecto
902 3352 1212 3408 coniunxit.
