2150 3814
233 235 425 299 1218*
781 225 1444 294 LIBER'TERTIUS.

1024 480 1076 561 ξ.
1163 481 1222 539 6.

401 651 745 733 Scriptores
802 651 1006 723 attici,
1063 652 1169 730 qui
1225 651 1383 709 circa
1438 670 1514 712 ea
1569 660 1858 733 tempora
1901 651 2019 710 cla-

228 761 512 827 ruerunt,
557 749 634 809 de
679 747 918 810 Cabiris
961 751 1152 824 nihil,
1197 749 1366 831 quod
1408 758 1786 831 magnopere.
1814 752 2020 830 juvet,

228 850 408 911 nobis
466 850 758 924 offerunt,
817 849 929 910 sed
973 850 1230 911 deorum
1277 850 1843 916 Samothraciorum
1885 871 2021 928 my-

228 953 417 1011 steria
459 949 542 1012 ad
586 949 907 1012 tutandam
953 953 1150 1012 vitam
1193 950 1581 1010 initiatorum
1606 948 2023 1011 efficacissima

230 1068 363 1110 esse
408 1052 814 1111 consentiunt.
901 1051 1348 1132 Aristophanes
1393 1050 1529 1111 Pac.
1575 1050 1719 1110 278.

432 1175 565 1229 Ἀλλ’
605 1175 726 1238 εἷτις
759 1173 904 1243 ὑμῶν
942 1177 994 1229 ἐν
1030 1173 1358 1249 Σαμοθρᾴκῃ
1394 1173 1627 1245 τυγχάνει

441 1260 789 1328 μεμυημένος,
828 1265 918 1313 νῦν
955 1262 1092 1314 ἐστιν
1128 1259 1385 1325 εὔξασθαι
1418 1257 1594 1313 καλόν.

191 1364 196 1373 ”
235 1392 394 1453 quae
452 1382 546 1432 est
603 1373 920 1451 quiritatio
977 1374 1245 1434 hominis
1300 1393 1428 1433 non
1484 1374 1872 1452 naufragium
1917 1375 2026 1435 sed

232 1479 700 1553 praepotentem
756 1471 1184 1535 adversarium
1239 1474 1714 1533 extimescentis.
1811 1475 2025 1554 anue

229 1575 296 1633 in
339 1582 658 1655 posterum
706 1572 974 1634 obtinuit
1018 1573 1167 1634 deos
1211 1574 1354 1634 illos
1397 1583 1564 1632 terra
1606 1574 1886 1653 marique
1920 1593 2027 1654 pe-

230 1673 643 1734 riclitantibus
688 1675 992 1734 auxiliari.
1037 1675 1246 1752 Etym.
1294 1673 1453 1733 Gud.
1498 1694 1560 1754 p.
1604 1673 1749 1734 282
1794 1671 2026 1753 Κάβει-

239 1798 337 1858 ροι
364 1811 450 1819 --
484 1774 777 1856 δαίμονες
823 1770 914 1840 ὧν
958 1778 1019 1838 οἱ
1058 1777 1442 1858 μεμυημένοι
1482 1773 1563 1836 τὰ
1604 1773 1917 1858 μυστήρια
1961 1778 2029 1838 ἐν

231 1881 429 1957 καιρῷ
486 1873 760 1960 ἀνάγκης
817 1874 1255 1945 εἰςακούονται.
1315 1874 1575 1934 Diodor.
1621 1873 1693 1932 V.
1739 1874 1841 1935 49.
1886 1894 2026 1952 my-

230 1975 559 2034 steriorum
617 1973 1183 2037 Samothraciorum
1230 1975 1464 2054 origine
1508 1975 1824 2055 exposita,
1886 1974 2026 2037 δια-

233 2071 568 2156 βεβόηται,
625 2076 857 2154 inquit,
910 2075 949 2154 ἡ
1007 2083 1139 2139 τῶν
1193 2079 1370 2139 θεῶν
1411 2074 1682 2158 βοήθεια
1722 2079 1853 2144 τοῖς
1898 2078 2026 2138 ἐπι-

235 2174 654 2255 καλουμένοις.
766 2174 1062 2234 Aelianus
1120 2174 1363 2253 Fragm.
1419 2193 1481 2254 p.
1532 2175 1677 2236 320.
1734 2177 1801 2238 ἐν
1862 2176 2028 2256 ἀκμῇ

233 2281 348 2335 τοῦ
409 2281 605 2336 κακοῦ
660 2272 874 2357 μνήμη
931 2301 1024 2346 τις
1079 2280 1319 2356 εἳςῆλθε
1360 2283 1493 2340 τῶν
1536 2272 2024 2358 Σαμοθρᾴκων

235 2374 342 2436 καὶ
394 2374 517 2459 γὰρ
563 2371 682 2445 οὖν
724 2377 1129 2457 τετελεσμένα)
1175 2378 1388 2448 αὐτοῖς
1430 2378 1642 2455 ἤστην.
1690 2374 2027 2454 eademque

235 2471 439 2552 ellipsi
493 2491 640 2532 usus
696 2473 1015 2536 Diodorus
1068 2477 1171 2535 IV.
1227 2477 1330 2536 43.
1433 2475 1752 2555 Orpheum
1820 2483 2028 2534 narrat

236 2571 438 2631 solum
503 2572 1000 2652 Argonautarum
1073 2577 1387 2635 initiatum
1455 2575 1844 2656 ποιήσασθαι
1896 2581 2026 2646 τοῖς

240 2670 624 2756 Σαμόθρᾳξι
693 2674 806 2745 τὰς
871 2674 1027 2760 ὑπὲρ
1079 2685 1188 2757 τῆς
1245 2677 1550 2761 σωτηρίας
1606 2674 1789 2757 εὐχάς
1844 2685 1905 2735 et
1959 2677 2026 2735 in

237 2775 595 2835 universum
636 2775 798 2846 ’τοὺς
843 2777 1329 2857 χειμαζομένους
1380 2786 1512 2842 τῶν
1566 2775 1882 2840 πλεόντων
1923 2778 2025 2839 εὓ-

231 2873 351 2952 χάς
406 2874 708 2938 τίθεσθαι
760 2883 890 2947 τοῖς
945 2877 1331 2961 Σαμοθρᾳξί
1356 2878 1446 2959 [¹].
1533 2878 1602 2937 In
1661 2874 2025 2937 Callimachi

237 2973 353 3053 Ep.
398 2973 620 3038 XXVI.
667 2976 888 3056 aliquiS
933 2987 1150 3036 votum
1196 2978 1446 3039 solvens
1486 2982 1643 3058 θῆκε
1687 2982 1860 3048 θεοῖς
1885 2987 2022 3039 Σα-

239 3076 534 3157 μοθρᾳξί.
621 3076 693 3135 In
752 3076 1006 3136 Luciani
1062 3077 1179 3158 Ep.
1235 3078 1369 3141 XV.
1426 3077 1756 3156 naufragus
1815 3097 2023 3138 comas

243 3172 488 3234 dedicat
545 3175 810 3250 Glauco,
867 3177 1097 3251 Nereo,
1150 3178 1532 3251 Melicertae‚
1588 3178 1878 3258 Neptuno
1921 3179 2027 3242 καὶ

362 3343 433 3399 [r]
487 3343 562 3386 Sic
592 3349 824 3402 oxytonds,
867 3353 914 3390 ut
939 3346 1223 3407 Ἀρίσταρχος
1257 3345 1509 3406 Σαμοθρᾴξ
1540 3349 1663 3392 Suid.
1696 3355 1778 3393 etc.
1838 3348 1924 3391 Alii
1954 3361 2021 3390 re-

245 3402 422 3447 trahunt
452 3408 685 3447 accentum.
