2184 3840
290 232 415 291 886
497 238 503 243 '
824 247 1054 290 Llssfflz
1102 246 1525 293 SECUNDUS

291 376 444 451 cisse
480 373 817 438 crederent.
879 373 1064 434 Ursas
1110 395 1213 437 cur
1258 395 1472 438 manus
1498 379 1702 439 Rheae
1734 383 2063 454 vocaverit,

290 491 477 535 nemo
517 476 783 554 explicat
826 488 1020 552 neque
1063 477 1221 535 ratio
1267 487 1458 556 patet,
1502 481 1619 539 nisi
1661 479 1818 538 forte
1862 480 2064 541 Rheae

289 576 556 634 nomine.
597 577 722 634 vim
763 573 1057 633 divinam
1090 574 1451 652 designavit,
1496 598 1650 659 quae
1692 589 1892 640 terrae
1935 599 2067 639 mo-

288 674 410 732 lem
456 676 573 734 ciet
616 684 677 732 et
710 655 990 749 'vegetat3
1045 675 1221 750 cujus
1275 684 1478 738 motus
1523 682 1694 757 origo
1738 699 1776 739 a
1799 680 2064 739 cardine

288 772 756 853 septentrionali
819 774 1233 851 proficiscitur
1308 786 1375 836 et·
1436 795 1473 836 a
1541 778 1859 839 sideribus
1912 798 2066 860 quac

288 871 592 932 mundum
662 873 817 931 circa
872 886 1061 931 axem>
1112 884 1467 935 convertere
1523 888 1584 936 et
1637 888 1920 958 tor-quere
1975 881 2068 940 vi-

287 970 536 1046 dentur,
605 972 643 1051 ἡ
711 975 934 1055 ἄρκτος
988 973 1026 1051 ἦ
1082 973 1222 1055 περὶ
1277 975 1474 1055 αὐτὴν
1531 980 1911 1060 στρεφομένη
1965 980 2069 1040 καὶ

285 1072 398 1136 τὸν
451 1070 658 1136 πάντα
711 1071 951 1154 κόσμον
982 1076 1550 1159 συμπεριφέρουσα
1599 1075 1861 1137 Hermes
1918 1077 2068 1137 Pim.

286 1169 339 1251 ξ.
386 1170 440 1234 5.
487 1172 751 1234 Flussat.
798 1172 866 1231 V.
913 1172 1055 1232 398.
1101 1172 1372 1256 Patr..[‘³].
1420 1175 1595 1235 Vires
1634 1187 1839 1236 autem
1864 1179 2071 1238 rectri-

285 1289 382 1331 ces
427 1282 488 1331 et
532 1274 951 1332 concitatrices
996 1274 1278 1334 manibus
1324 1294 1680 1355 comparare
1722 1277 1923 1336 solent
1967 1279 2072 1356 qui

285 1372 622 1448 symbolice
678 1372 1026 1452 loquuntur.
1088 1373 1382 1434 Proculus
1435 1378 1500 1434 in
1559 1377 1770 1436 Theol.
1824 1375 1925 1435 VI.
1975 1377 2070 1436 12.

287 1471 427 1531 380.
474 1473 586 1541 τὰς
630 1472 846 1541 διττὰς
892 1473 1244 1552 συστοιχίας
1281 1482 1492 1558 χεῖρας
1534 1485 1647 1540 τοῦ
1682 1477 2069 1562 δημιουργοῦ

288 1573 345 1632 οἱ
388 1569 693 1653 θεόσοφοι
728 1579 1032 1635 καλοῦσιν
1078 1573 1160 1642 ὥς
1184 1574 1562 1657 δραστηρίοις
1579 1572 1665 1656 [¹].
1712 1576 2070 1636 Plutarchus

287 1671 519 1751 Symp.-
544 1671 659 1731 lv.
738 1672 791 1730 l.
863 1671 920 1731 3.
988 1672 1101 1742 τὰς
1169 1673 1706 1758 ἀλεξιφαρμάκους
1773 1674 2072 1757 δυνάμεις

289 1775 459 1834 θεῶν
519 1776 731 1853 χεῖρας
799 1770 1124 1853 ὠνόμαζεν
1187 1773 1675 1859 Ἐρασίστρατος.
1737 1774 2073 1855 eodemque

285 1870 474 1930 modo
519 1869 900 1950 Herophilus
956 1870 1124 1952 apud
1171 1871 1479 1935 Galenum
1524 1875 1603 1934 de
1647 1872 1864 1956 Comp.
1909 1875 2072 1935 Med.

286 1991 344 2051 p.
418 1972 593 2030 Locc.
662 1970 762 2030 VI.
821 1969 963 2030 511.
1020 1971 1088 2030 B.
1148 1971 1216 2030 T.
1273 1972 1441 2033 XIII.
1503 1979 1677 2038 θεῶν
1725 1981 1938 2058 χεῖρας
1993 1977 2070 2038 τὰ

287 2071 625 2156 φάρμακα,
698 2070 862 2149 quod
932 2073 1212 2131 imitatur
1282 2073 1636 2135 Scribonius
1690 2077 1756 2136 in
1808 2058 2074 2136 [Praefat.

284 2171 355 2229 In
411 2173 507 2231 his
563 2182 770 2232 autem
826 2171 1111 2231 omnibus
1166 2172 1320 2230 nihil
1377 2183 1470 2233 est
1520 2173 1688 2254 quod
1732 2173 1952 2234 Graeci
1996 2175 2076 2235 ab

285 2269 609 2350 Aegyptiis
678 2273 887 2352 potius
953 2273 1260 2352 accepisse
1325 2292 1511 2353 quam
1567 2292 1683 2334 sua
1737 2284 1959 2354 sponte
2015 2285 2077 2335 et

285 2390 395 2448 per
438 2389 506 2430 se
529 2374 672 2452 ipsi
713 2373 1026 2434 invenisse
1044 2420 1053 2436 ,.
1068 2372 1428 2446 videantur,
1473 2375 1593 2434 nisi
1635 2373 1797 2434 forte
1838 2375 1934 2435 his
1978 2392 2076 2434 so-

289 2470 363 2528 lis
427 2473 784 2534 mortalium
853 2480 1075 2532 natura
1142 2473 1387 2545 tribuit,
1459 2482 1528 2532 ut
1593 2475 1847 2551 figurate
1903 2475 2074 2554 loqui

292 2581 558 2648 possent.
604 2570 820 2649 Neque
863 2571 1222 2631 Plutarchus
1269 2570 1347 2630 de
1388 2572 1476 2631 Is„
1511 2591 1562 2657 c.⁴
1604 2572 1865 2634 XXXII.
1911 2573 2075 2646 δόξει

292 2671 360 2733 δὲ
418 2672 522 2733 καὶ
573 2671 643 2733 τὸ
701 2672 822 2734 ὑπὸ
880 2680 1010 2736 τῶν
1056 2675 1534 2757 Πυθαγορικῶν
1577 2674 1942 2759 λεγόμενον,
1989 2675 2074 2745 ὥς

291 2772 328 2849 ἡ
369 2769 680 2834 θάλασσα
712 2770 959 2855 Κρόνου
986 2770 1288 2854 δάκρυόν
1333 2776 1521 2847 ἐστιν,
1569 2775 1957 2838 αἰνίττεσθαι
1998 2776 2070 2838 τὸ

294 2872 377 2951 μὴ
434 2872 725 2955 καθαρὸν
779 2871 936 2953 μηδὲ
981 2871 1311 2955 σύμφυλον
1356 2875 1565 2953 αὐτῆς,
1612 2875 1947 2955 quidquam
1991 2874 2072 2935 ad

415 3039 488 3096 [e]
535 3041 603 3083 cf.
644 3042 861 3084 Hermetis
906 3043 1039 3085 verba
1079 3057 1147 3098 ap.
1189 3043 1312 3085 Stob.
1356 3043 1452 3087 Ecl.
1491 3043 1528 3085 I.
1569 3044 1649 3096 22,
1693 3044 1733 3086 9.
1778 3058 1821 3100 p.
1861 3044 1962 3088 476,
2022 3044 2071 3085 In

297 3098 481 3198 ἓῑίὶὸᾶῗᾙ
511 3101 739 3143 barbarica
769 3100 906 3143 nullas
935 3115 1027 3144 esse
1058 3115 1177 3144 ursas
1208 3101 1396 3144 ostendit
1425 3101 1538 3144 Gale
1568 3103 1624 3145 ad
1653 3103 1806 3146 Jambl.
1850 3103 1984 3159 Myst.
2029 3117 2069 3159 p.

415 3211 491 3270 [f]
530 3213 578 3259 Ὁ
608 3216 880 3278 δημιουργὸς
910 3216 1056 3267 διττὰς
1085 3219 1176 3274 ἔχει
1207 3215 1445 3277 δυνάμεις,
1491 3217 1762 3263 ταυτοποιὸν
1801 3218 1877 3262 καὶ
1917 3218 2070 3276 ἑτερο-

299 3270 432 3317 ποιόν
470 3273 536 3315 Id.
577 3275 621 3315 in
660 3275 779 3318 Crat.
818 3292 857 3332 p.
899 3273 968 3320 41.
1023 3280 1132 3325 Ταῖς
1171 3276 1516 3337 δημιουργικαῖς
1555 3275 1694 3321 αὐτοῦ
1732 3273 1982 3335 δυνάμεσιν
2021 3272 2072 3325 ἃς

302 3333 537 3390 θεουργῶν
566 3332 727 3382 παῖδες
749 3340 908 3393 χεῖρας
937 3337 1152 3379 καλοῦσιν
1183 3351 1223 3393 p.
1259 3336 1354 3382 107.
1414 3337 1478 3380 Αἱ
1501 3340 1652 3396 χεῖρες
1693 3333 1896 3394 σύμβολα
1926 3330 2069 3379 δυνά-

297 3386 415 3444 μεώς
446 3393 559 3433 εἰσιν
588 3392 631 3433 in
661 3392 892 3441 Parumss.
925 3391 993 3436 64.
1025 3393 1155 3437 cous.
