2150 3814
0 237 8 285 ,Γ

0 295 8 368 22

0 369 11 811 i

765 226 1333 272 SAMOTHRACIA.
1792 211 1957 274 1125

172 374 236 423 et
277 365 540 438 rituum,
594 359 813 442 quibus
858 359 1211 417 etiamnunc
1254 355 1421 415 Galli
1465 353 1646 414 deam
1692 355 1959 436 placent,—

172 473 461 524 auctores-
479 462 643 522 ‘facit
687 479 750 520 v.
794 458 938 519 209.
956 502 958 505 -

309 593 430 640 Pars
468 594 664 655 clypeos
701 591 915 662 sudibus,
953 591 1118 654 galeas
1156 604 1268 651 pars
1305 588 1465 635 tundit
1499 571 1778 650 inanes[¹]3

467 676 560 724 lioc
597 675 796 724 Curetes
833 675 1040 735 habent,
1086 674 1179 722 hoc
1217 673 1517 738 Corybantes
1555 688 1689 736 opus.

165 790 250 848 Et
290 787 371 847 ad
425 805 562 848 eam
617 789 922 849 rationem
958 789 1092 866 jam
1135 789 1308 868 prius
1339 787 1659 846 Lucretius
1692 785 1769 844 ΙΙ.
1818 783 1957 844 160.

164 907 251 969 sq.
295 891 512 949 matris
547 888 779 949 ‘Idaeae
808 909 934 970 per
976 889 1149 949 vicos
1181 889 1626 948 circumvectae
1658 892 1963 966 pompam

166 999 228 1048 et
272 988 557 1050 ductores
599 1009 902 1072 pompae,
963 988 1210 1060 GalloS,
1265 989 1705 1066 interpretatus
1751 996 1874 1046 est:
1908 996 1913 1002 ’

305 1120 402 1168 Hic
440 1100 625 1169 armata
660 1137 830 1169 manus
872 1147 932 1155 —
975 1117 1175 1166 Curetas
1212 1118 1408 1164 nomine
1447 1116 1586 1179 Graji
1606 1163 1618 1173 f

308 1222 427 1268 quos
462 1214 730 1254 memorant
764 1204 1008 1270 Phrygios
1051 1231 1111 1239 —-
1151 1204 1281 1251 inter
1319 1218 1371 1249 se
1409 1203 1536 1249 forte
1573 1209 1769 1248 catenas

303 1292 477 1338 ludunt
510 1288 940 1354 innumeramque
978 1291 1227 1337 exsultant
1262 1289 1498 1353 sanguine
1534 1289 1653 1358 laeti
1689 1295 1738 1335 et
1822 1315 1825 1319 <

305 1375 540 1423 terrificas
578 1379 787 1440 capitum
823 1377 1096 1440 quatientes
1133 1377 1327 1423 numine
1365 1375 1537 1422 cristas

303 1461 533 1529 Dictaeos
570 1464 803 1510 referunt,
823 1461 1026 1510 Curetas
1072 1490 1129 1498 --

165 1582 226 1632 et
253 1586 489 1654 ‘postea
531 1575 837 1636 Martialis
881 1575 990 1635 IX.
1042 1575 1138 1634 16.

411 1705 608 1754 Curetes
646 1717 812 1755 texere
851 1707 1019 1755 Jovem
1057 1706 1404 1767 crepitantibus
1443 1708 1586 1754 armis
1660 1706 1665 1710 ’

501 1795 715 1840 semiviri
731 1801 974 1854 ‘poterant
1007 1792 1172 1854 qualia
1205 1791 1332 1838 ferre
1368 1793 1478 1843 viri,

162 1922 357 1984 neque
400 1904 597 1964 ullum
645 1888 975 1965 discrimen
1030 1905 1324 1984 relinquit
1381 1903 1571 1962 Silius
1615 1901 1815 1963 XVII.
1861 1904 1962 1964 20ss

372 2035 691 2104 Semivirique
729 2035 865 2105 chori
900 2037 1094 2102 gemino
1133 2037 1215 2099 qui
1250 2036 1498 2099 Dindyma
1535 2041 1702 2082 monte

371 2129 510 2167 casta
545 2112 730 2181 colunt,
755 2107 850 2186 ‘qui
883 2120 1094 2170 Dictaeo
1131 2121 1430 2169 bacchantur
1465 2123 1518 2167 in
1556 2128 1714 2180 antro,

371 2192 546 2268 quique
583 2203 729 2254 l'da‘ea
758 2186 880 2272 juga
914 2215 963 2254 et
998 2209 1134 2255 lucos
1171 2223 1350 2255 novere
1388 2208 1604 2254 silentes,

164 2314 329 2390 Quin
384 2317 668 2378 Valerius
723 2319 1038 2379 Maximus
1081 2321 1159 2380 Π.
1203 2320 1262 2382 4.
1308 2321 1515 2401 ipsam
1571 2318 1962 2378 histrioniam

160 2436 200 2476 a
256 2414 584 2478 Curetibus
637 2427 920 2499 repetere
978 2420 1195 2481 audet:
1282 2421 1393 2478 Ea
1462 2438 1585 2479 res
1654 2417 1963 2478 ludium

161 2536 250 2576 ex
328 2518 716 2599 Hetruria
805 2518 1258 2581 arcessendi
1338 2538 1653 2580 causam
1731 2539 1963 2600 prae-

160 2616 367 2694 buit,
424 2606 640 2699 cujus
686 2619 971 2682 decora
1012 2622 1456 2702 pernicitas
1502 2629 1828 2682 vetusto
1875 2639 1963 2680 ex

159 2737 372 2779 more
447 2717 813 2781 Curetum
893 2721 1490 2800 Lydorumque,
1563 2740 1601 2780 a
1670 2720 1959 2800 quibus

160 2804 527 2882 I-I'e‘trusci
602 2823 986 2901 originem
1061 2832 1511 2896 traxerunt,
1590 2822 1960 2882 novitate

164 2929 379 2997 grata
405 2922 920 2984 Romanorum
955 2925 1225 2986 oculos
1265 2923 1702 3005 permulsit.
1787 2919 1961 2995 Quae

165 3021 374 3080 omnia
412 3025 608 3102 magis
650 3033 938 3087 veterum
983 3028 1354 3108 scriptorum
1411 3026 1479 3084 in
1529 3021 1822 3083 notandis
1867 3043 1963 3082 re-

171 3134 308 3190 rum
342 3117 797 3187 discriminibus
842 3126 1296 3206 negligentiam,
1341 3144 1526 3205 quam
1549 3126 1784 3185 rituum
1820 3121 1964 3184 Cre-

286 3274 352 3334 [1]
403 3279 662 3327 Tudibus
710 3285 914 3329 Ovidium
971 3286 1196 3343 scripsisse
1235 3288 1364 3343 put03
1414 3284 1650 3327 rudibus
1697 3286 1821 3343 optat
1862 3282 1962 3325 Vis-

168 3335 282 3377 conti
313 3334 515 3382 Pioclem.
557 3343 613 3386 T.
644 3345 719 3388 lv.
754 3345 869 3389 Tav.
904 3345 983 3389 IX.
1023 3345 1091 3388 13.
1137 3346 1209 3388 ubi
1254 3343 1447 3387 Lucretii
1487 3343 1626 3388 locum
1665 3357 1816 3400 pamm
1858 3355 1961 3399 pro-s

169 3408 292 3450 spere
325 3401 499 3439 tractat.
