2150 3814
812 234 1258 281 onrnch.
1753 222 1911 285 1021

146 389 297 430 ·rum
338 366 655 430 licentiam·
686 363 852 425 male
893 362 1205 424 audivisse
1258 381 1452 444 eoque
1506 371 1744 423 motum
1787 384 1919 426 esse

157 479 405 550 poetam
440 465 527 529 ut.
549 462 938 528 *Alcibiadem
988 465 1106 523 ritu
1155 459 1541 523 Corinthiaco
1576 465 1920 543 ¹sacrifican-

159 580 283 629 tem
334 568 661 628 induceret.
757 563 1050 640 Phrygias
1088 580 1253 633 *vero
1306 562 1626 640 religiones
1682 565 1746 624 in
1806 564 1921 623 hac

159 669 308 728 urbe
351 668 615 745 viguisse
669 662 1113 724 documentum⁴
1143 661 1398 742 praebet
1430 661 1800 739 Dionysius
1822 673 1919 740 ty-

157 784 412 839 rannm,
472 767 577 845 qui
629 763 718 823 ibi
748 765 1033 844 -turpiter
1087 765 1472 823 consenuisse
1529 761 1750 822 dicitur
1801 787 1922 844 μη-

155 873 551 951 τραγυρτῶν,
599 865 707 927 καὶ
775 861 1414 945 τυμπανοφρούμενος
1488 860 1706 921 Athen.
1782 860 1920 923 XII.

158 965 302 1033 541.
347 965 420 1023 E.
461 966 594 1026 sive
636 973 707 1023 ut
747 962 1039 1022 Aelianus
1083 960 1311 1033 scribit,
1354 958 1647 1040 τύμπανα
1675 961 1921 1043 κρούων

158 1066 263 1127 καὶ
301 1060 825 1143 καταυλούμενος,
883 1078 1003 1139 quo
1031 1058 1236 1119 ·verbo
1293 1060 1359 1116 in
1415 1058 1627 1119 eadem
1681 1079 1749 1118 re
1804 1062 1924 1118 uti·
2010 1109 2022 1124 ,

157 1174 257 1223 tur
297 1163 636 1238 Dionysius
677 1159 819 1220 Hal.
844 1157 1031 1216 ·Antt.
1062 1158 1138 1216 II.
1184 1156 1278 1216 16.
1324 1155 1467 1216 275.
1502 1156 1923 1240 καταυλούμε-

157 1287 256 1326 νοι
297 1262 451 1344 πρὸς
491 1268 622 1323 τῶν
663 1258 978 1341 ἑπομένων
1018 1257 1099 1320 τὰ
1140 1264 1400 1340 μητρῷα
1441 1258 1588 1338 μέλη
1633 1258 1738 1320 καὶ
1764 1256 1923 1340 τύμ-

156 1384 323 1424 πανα
367 1357 726 1453 κρούοντες.Χ
775 1357 947 1418 Haec
990 1364 1198 1416 autem
1241 1356 1483 1437 plebeja
1524 1376 1695 1417 sacra
1737 1377 1925 1438 quum

154 1461 376 1540 ubique
418 1460 754 1538 plurimum
797 1458 1080 1516 licentiae
1121 1455 1474 1529 habuerint,
1535 1466 1666 1516 tum
1709 1459 1774 1516 in
1815 1459 1926 1517 illa

157 1560 488 1619 carisarum
517 1570 578 1619 et
606 1558 1068 1618 lenunculorum
1095 1556 1444 1635 metropoli,
1489 1552 1781 1615 Corintho
1810 1555 1924 1637 [2¹],

157 1661 289 1719 sine
354 1657 542 1718 dubio
614 1658 896 1717 maximis
976 1655 1243 1714 obnoxia
1310 1655 1482 1713 fuere
1547 1657 1923 1735 corruptelis.

158 1757 311 1832 Quis
355 1760 521 1816 enim
565 1757 860 1816 Graeciae
900 1756 1071 1813 locus
1101 1755 1507 1833 opportunior
1546 1754 1642 1813 his
1662 1755 1923 1832 flagitiis

158 1876 337 1938 quam
380 1856 526 1916 urbs
570 1854 766 1928 dive8‚
808 1854 1110 1933 frequens,
1153 1871 1469 1932 pronaque
1511 1855 1577 1911 in
1620 1853 1925 1913 luxuriem

157 1965 220 2016 et
271 1955 570 2015 illecebris
629 1955 830 2013 omnis
896 1954 1283 2013 amoenitatis
1337 1954 1680 2012 maritimae
1739 1961 1926 2013 terre-

153 2057 412 2136 strisque
454 2054 715 2115 referta‘!
802 2052 953 2127 Quis
996 2071 1205 2133 porro,
1250 2053 1303 2111 si
1336 2052 1673 2132 Baptarum
1711 2053 1923 2134 Eupo-

159 2155 460 2215 lideorum
529 2155 805 2231 origines¹
871 2150 1275 2232 anquirimUS,
1356 2151 1437 2211 ad
1511 2154 1926 2232 suspicionem

158 2254 466 2336 apertior?
550 2253 820 2312 Primum
877 2260 1094 2310 notum
1149 2261 1269 2323 est,
1325 2261 1495 2310 actae
1549 2260 1612 2309 et
1666 2271 1927 2314 amoena

156 2354 426 2415 litoralia
473 2361 727 2432 quantas
780 2351 1174 2432 praebuerint
1226 2349 1307 2409 ad
1359 2349 1809 2412 libidinandum
1864 2363 1927 2412 et

156 2451 551 2514 helluandum
596 2452 1115 2531 opportunitates3
1171 2448 1334 2509 unde
1387 2450 1616 2509 factum
1673 2462 1797 2525 est,
1857 2463 1927 2513 ut

156 2555 291 2613 loca
345 2552 773 2632 voluptuaria,
828 2551 942 2610 etsi
1010 2549 1086 2608 ab
1132 2551 1254 2609 oris
1299 2551 1626 2610 maritimis
1669 2561 1925 2627 remota,

158 2663 374 2713 actae
417 2651 759 2711 dicerentur
793 2659 854 2709 et
887 2650 1029 2709 hinc
1065 2649 1410 2711 derivatum
1438 2651 1691 2711 verbum
1736 2651 1926 2715 οἶκτοί-

160 2753 284 2829 ζειν
339 2750 416 2811 de
469 2753 546 2812 iis
590 2752 695 2833 qui
735 2751 802 2810 in
845 2748 1077 2809 deliciis
1121 2749 1516 2830 mollitiisque
1558 2742 1780 2813 vivunt
1809 2749 1922 2832 [²²]-

279 2936 369 2993 [²¹]
412 2935 602 2992 Hesych.
647 2938 715 2980 Ko
747 2930 1038 2989 ινθιάζεσθαι,
1065 2930 1419 2994 μαστροπεύειν,
1453 2931 1716 3003 ἕταιρερειν·
1754 2939 1799 2977 et
1826 2936 1924 2993 plue

165 3007 258 3049 res,
300 3007 406 3050 quos
438 2995 625 3038 nominat
660 2994 723 3037 Po
744 2994 829 3036 itus
869 2992 924 3035 ad
962 2991 1088 3035 Eust.
1129 3007 1171 3049 p.
1211 2992 1310 3034 610.
1369 2991 1492 3034 Haec
1530 2997 1638 3035 v1t1a
1678 2993 1922 3039 nominatim

165 3066 191 3095 a
219 3051 440 3110 republica
469 3052 786 3096 Corinthiorum
813 3051 1053 3095 detestatur
1081 3051 1241 3093 Paulus
1276 3050 1319 3092 in
1349 3050 1384 3092 I.
1427 3050 1483 3092 ad
1521 3050 1622 3095 Cor.
1651 3051 1738 3110 Ep.
1769 3053 1845 3097 VI.
1876 3054 1919 3100 9.

282 3139 373 3196 [²²]
416 3138 483 3183 De
510 3139 593 3182 hoc
621 3138 821 3182 dixerunt
851 3138 1128 3181 Casaubonus
1158 3138 1213 3179 ad
1243 3137 1362 3179 Suet.
1395 3137 1550 3181 Octav.
1592 3153 1630 3181 c.
1671 3137 1742 3182 72.
1783 3146 1829 3183 et
1865 3140 1921 3182 ad

168 3196 322 3240 Athen.
352 3197 452 3240 x11.
485 3212 522 3241 c.
554 3196 596 3240 5.
655 3197 886 3239 Burmann.
929 3196 983 3238 ad
1025 3197 1207 3247 Quintil.
1248 3195 1353 3237 Inst.
1395 3209 1437 3252 p.
1477 3195 1575 3239 622.
1635 3197 1817 3242 Pontan.
1859 3199 1918 3242 ad

172 3254 364 3298 macrob.
404 3255 498 3299 Sat.
548 3256 605 3299 Π.
650 3255 718 3299 12.
760 3254 862 3298 392.
905 3259 949 3296 et
988 3256 1167 3297 omnium
1209 3254 1524 3296 accuratissime
1563 3255 1679 3298 docti
1718 3257 1818 3299 Itali
1864 3257 1920 3300 ad

171 3313 380 3356 Pitture
418 3314 471 3355 di
509 3313 794 3357 Ercolano
831 3314 887 3357 T.
923 3314 973 3357 V.
1015 3328 1057 3370 p.
1089 3311 1187 3356 386.
1230 3312 1303 3367 qui
1337 3312 1411 3354 vix
1440 3312 1703 3370 spicilegium
1732 3315 1918 3372 relique-

169 3375 266 3414 runt
294 3371 484 3415 Barkero
513 3372 689 3416 eundem
717 3372 853 3417 locum
881 3371 1084 3416 tractanti
1115 3371 1156 3413 in
1186 3370 1332 3414 Diario
1370 3370 1506 3416 Olane.
1548 3373 1646 3416 anni
1689 3372 1810 3417 1818.
1857 3375 1914 3417 N.
