2150 3814
828 219 1283 264 oapnch.
1787 211 1952 275 1057

163 361 324 423 tur,
397 355 524 433 qui
593 349 1016 411 silvestres
1086 349 1479 422 homines,
1562 361 1641 410 ut
1716 365 1951 433 poeta

162 450 611 511 Venusinus
656 450 897 521 canit,
958 446 1327 510 caedibus
1388 457 1462 507 et
1515 450 1733 510 victu
1782 453 1950 512 foe-

162 549 251 610 do
299 550 722 623 deterruit,
779 548 1316 628 absque-omni
1360 547 1597 609 dubio
1663 569 1796 611 eos
1840 555 1949 613 si-

159 650 311 722 mul
373 648 669 723 docuit,
731 648 1009 730 quibus
1069 648 1302 708 rebus
1358 651 1573 710 vesci
1632 650 1951 722 liceret3

157 749 247 807 de
315 745 621 823 Cadmo
664 767 784 809 res
852 750 1301 809 certissima
1369 758 1524 823 est,
1596 769 1763 809 eum
1820 770 1943 810 co-

154 867 381 927 quum
423 849 691 909 fuisse.
778 849 1002 910 Athen.
1047 848 1209 910 XIV.
1256 849 1452 928 (638.)
1539 849 1946 934 Εὐήμερος

153 950 479 1034 ἱστορεῖ,
554 951 648 1021 ὥς
716 950 1138 1014 Σιδωνίων
1200 947 1310 1029 (Ν.
1371 948 1475 1025 Β.)
1549 949 1946 1034 λεγόντων

151 1057 419 1124 τοῦτο,
477 1052 598 1114 ὅτι
639 1049 1012 1135 μάγειρος
1058 1048 1162 1111 ὢν
1203 1055 1338 1109 τοῦ
1382 1050 1771 1130 βασιλέως
1815 1052 1944 1113 καὶ

151 1150 634 1232 παραλαβών
674 1151 812 1229 τὴν
847 1147 1264 1230 Ἁρμονίαν
1321 1148 1456 1208 καὶ
1512 1148 1759 1227 αὐτὴν
1805 1152 1944 1212 αὗ·-

151 1249 485 1330 λητρίὸα
543 1247 787 1312 οὖσαν
841 1256 976 1311 τοῦ
1043 1248 1426 1330 βασιλέως
1493 1249 1727 1334 ἔφυγε
1795 1251 1941 1332 ’σὺν

150 1348 372 1429 αὐτῇ·
434 1348 632 1408 unde
690 1348 1048 1426 intelligi
1102 1346 1357 1421 datur,
1415 1366 1545 1407 cur
1588 1347 1941 1409 Thebani

149 1446 568 1529 omnesque
644 1449 928 1508 Boeoti
993 1466 1180 1527 prae
1254 1450 1543 1508 ceteris
1621 1448 1940 1509 Graecis

146 1549 403 1625 gulosi
465 1558 537 1607 et
603 1547 1066 1608 comedones
1123 1547 1461 1621 fuerint,
1530 1549 1845 1628 quippe
1902 1568 1950 1608 a·

150 1644 439 1708 Cadmo
484 1647 905 1708 conditore
957 1665 1096 1706 suo
1157 1646 1936 1708 delicatissimorum

92 1736 647 1824 *gustulorum
734 1748 1038 1806 notitia
1120 1747 1523 1805 instructi.
1663 1745 1941 1818 Quoad

146 1847 502 1906 Danaum
587 1857 663 1906 et
730 1844 1220 1917 Dardanum,
1306 1863 1637 1924 quorum
1727 1847 1940 1907 alter

147 1946 814 2026 Thesmophoria,
899 1945 1111 2005 alter
1194 1946 1587 2021 mysteria
1666 1944 1938 2007 Samo*

143 2044 900 2120 thracia-instituit,
941 2047 1102 2124 jam
1144 2047 1369 2125 prius
1417 2045 1943 2108 observatum*

145 2156 295 2220 est,
342 2166 603 2206 eorum
648 2148 966 2206 nomina
1007 2146 1494 2205 calfactores
1532 2154 1605 2211 et
1646 2165 1939 2225 coquos

145 2245 591 2324 indigitare
654 2251 813 2282 *Η*
880 2246 1051 2324 (hic
1106 2245 1542 2304 multarum
1586 2247 1939 2325 pagina—

143 2367 312 2405 rum
355 2346 649 2405 lacuna
705 2351 863 2425 est)
920 2384 1001 2391 -—
1062 2345 1485 2425 Postquam
1546 2363 1734 2405 vero
1792 2345 1937 2403 Pem

145 2446 350 2523 lasgi
409 2448 749 2525 primum
813 2446 1176 2504 culturae
1233 2445 1557 2522 gradum
1629 2447 1935 2522 egressi

145 2554 223 2604 et
291 2546 518 2606 velut
585 2547 797 2606 lacte
867 2545 1357 2626 disciplinae
1428 2547 1716 2604 satiati
1785 2546 1935 2606 illa

120 2646 563 2709 -hortensia
622 2648 946 2707 numina
1015 2645 1402 2706 fastidire
1461 2655 1934 2723 coeperunt,

145 2765 184 2806 a
226 2746 786 2807 sacerdotibus
830 2749 994 2808 suis
1040 2746 1308 2806 edocti
1352 2755 1537 2805 sunt
1581 2743 1768 2804 deos
1810 2746 1935 2804 sui

147 2849 458 2909 similes
530 2849 795 2908 colere
873 2848 1011 2909 sub
1083 2846 1542 2908 nominibus
1612 2836 1935 2919 iisdem,

147 2947 430 3027 quibus
488 2959 720 3010 antea
763 2951 886 3010 usi
932 2958 1228 3023 essent3
1296 2945 1431 3006 sed
1475 2951 1737 3004 tamen
1783 2944 1933 3002 ori-

149 3048 403 3124 ginem
448 3050 767 3110 colendi
808 3049 897 3110 ab
943 3069 1077 3110 esu
1123 3060 1197 3108 et
1241 3056 1466 3128 potU,
1524 3054 1607 3104 ut
1663 3045 1933 3102 innui-

149 3165 348 3222 mus,
408 3149 719 3211 ductam
778 3169 950 3210 esse
1007 3151 1528 3210 sufficienter
1583 3143 1933 3225 probant

153 3245 470 3309 deorum
550 3253 940 3331 epitheta:
1033 3251 1223 3319 Ζεὺς
1289 3241 1930 3322 εἰλαπιναστής,

155 3351 799 3433 σπλαγχνοτόμος
852 3351 1111 3434 (Athen.
1156 3349 1258 3408 IV.
1310 3347 1488 3427 174.)
1532 3354 1611 3405 et
1652 3338 1934 3425 Aaqmssa

238 3449 296 3500 ΙΙ,
1515 3445 1597 3504 18
