2150 3814
818 254 1271 300 onpnch.
1640 232 1642 236 ’
1773 231 1938 305 1039

153 399 300 472 apte
342 392 780 471 interpretatur
824 382 1231 462 Symmachus
1276 383 1392 465 Ep.
1436 384 1482 442 I.
1527 383 1587 443 4.
1627 381 1942 466 ‘Campa-

154 493 280 551 nia
324 506 638 551 amoena
678 521 764 534 —-
818 482 1220 566 spiracula
1285 484 1643 562 regionis
1697 485 1940 547 illius.

163 588 488 671 Ψυχαστάς
528 589 714 666 igitur
754 584 1137 669 καπυριστάς
1180 595 1242 644 et
1283 583 1720 645 umbraticolas
1750 587 1940 646 inter-

150 675 382 771 pretor*
410 690 545 750 sive
588 686 896 768 quandam
950 686 1352 746 delicatorum
1395 687 1716 746 hominum
1761 685 1943 775 soda-

151 790 419 862 litatem,
475 788 671 868 qualis
728 787 839 847 illa
891 785 1308 847 Alexandriae
1364 786 1477 846 sub
1522 786 1781 848 Antonii
1818 798 1941 847 'au-

152 889 363 968 spiciis
419 891 706 949 instituta
759 896 854 949 est
911 889 949 968 ἡ
1003 895 1137 951 τῶν
1195 887 1632 970 ἀμιμητοβίων
1677 882 1942 959 σύνοδος

151 988 452 1049 Plutarch.
496 989 570 1048 V.
613 990 840 1052 Anton.
884 986 1106 1047 LXXI.
1156 984 1295 1046 145.
1340 986 1720 1064 Hujusmodi
1758 983 1941 1049 sodass-

152 1089 430 1148 litatibus
496 1089 888 1149 adnumerari
945 1095 1206 1165 possunt
1263 1085 1683 1159 Tetradistae‚
1743 1087 1941 1149 Icadiss

151 1200 316 1262 stae,
370 1190 770 1262 Diomenses‚
821 1187 1048 1264 aliique
1102 1186 1535 1247 Eranistarum
1590 1187 1842 1261 θίασοι,
1900 1207 1938 1247 a

154 1285 418 1348 Comicis
461 1290 694 1369 passim
742 1279 1038 1367 exagitati>
1059 1282 1173 1367 [5⁰J.
1262 1282 1266 1284 ‘

251 1761 1421 1843 EPIMETRUM
1562 1763 1833 1841 XII.

445 1935 522 1988 aa
577 1935 636 1990 1..
674 1934 752 1990 ΙΙ.
806 1933 865 1988 Ρ.
905 1933 982 1988 11.
1038 1951 1085 1989 c.
1123 1937 1172 1987 8.
1221 1940 1268 2000 ς.
1307 1937 1356 1990 3.
1406 1947 1532 1990 not.
1572 1936 1639 1991 11.

315 2117 642 2182 Menandri
682 2122 851 2195 loco,
911 2125 977 2181 in
1022 2142 1145 2202 quo
1190 2124 1450 2182 maritus
1485 2123 1717 2203 aliquis
1761 2123 1940 2190 indu-

154 2225 310 2283 citur
353 2221 710 2303 ἀχθόμενος
750 2228 888 2296 ταῖς
931 2223 1070 2303 περὶ
1111 2223 1225 2293 τὰς
1265 2222 1500 2292 θυσίας
1543 2231 1675 2287 τῶν
1716 2250 1938 2309 γυναι-

152 2331 284 2387 κῶν
363 2320 673 2391 δαπάναις
697 2321 769 2401 [²]
852 2322 1170 2382 simillima
1237 2333 1330 2382 est
1399 2323 1940 2404 'Periplectomenis

152 2425 351 2483 oratio
396 2422 475 2482 de
518 2420 794 2485 moribus
836 2422 1169 2482 mulierum
1215 2442 1313 2502 ap.
1358 2423 1549 2483 Plaut.
1594 2424 1724 2484 Mil.
1772 2425 1940 2485 Glor.

150 2523 255 2583 111.
304 2523 357 2582 1.
402 2521 502 2582 94.
549 2520 744 2599 (689.)

273 2734 364 2791 [⁵⁰]
396 2735 543 2778 Notae
571 2739 670 2778 sunt
689 2735 990 2792 Aristophanis
1021 2736 1196 2780 fabulae
1226 2739 1464 2787 Δαιταλεῖς
1492 2739 1558 2794 (v.
1590 2738 1797 2781 Suevern.
1833 2740 1940 2782 iiber

154 2794 224 2837 die
253 2793 397 2837 Wolk.
430 2809 473 2851 p.
503 2793 600 2849 26.)
641 2797 687 2836 et
720 2798 1011 2852 Ταγηνισταί.
1071 2795 1184 2838 Illud
1225 2810 1376 2838 nomen
1418 2796 1675 2839 Eustathius
1714 2801 1937 2840 θιασῶται,

155 2853 300 2895 valere
341 2852 460 2896 dicit.
529 2852 686 2895 Pollux
726 2852 805 2895 VI.
847 2854 886 2896 8.
927 2856 1176 2907 θιασῶται,
1226 2856 1562 2910 εἰλαπινασταί,
1607 2855 1841 2914 ἕρανισταί
1875 2883 1934 2890 --

157 2910 280 2960 ἰδίως
306 2908 410 2962 τοὺς
436 2913 528 2955 τῶν
551 2913 792 2955 θιασωτῶν
821 2915 971 2962 οἴκους
1001 2909 1289 2971 φωλητήρια,
1332 2914 1444 2969 quod
1487 2927 1638 2956 nomen
1669 2913 1826 2957 Suidas
1860 2930 1938 2958 ex-

157 2968 294 3069 pllicat
305 2974 471 3070 Ιοἴκους
497 2972 589 3014 τῶν
615 2966 794 3015 θιάσων
823 2973 900 3014 καὶ
929 2968 1159 3027 συνόδων,
1201 2973 1276 3028 qui
1315 2972 1443 3015 etiam
1473 2975 1698 3022 θιασῶνες
1727 2979 1937 3017 vocantur

204 3041 305 3084 esyc
336 3059 348 3069 .
1314 3064 1316 3066 ,

280 3113 354 3171 [a]
398 3115 473 3158 Sic
515 3115 760 3160 Meinekius
800 3116 990 3161 correxit
1019 3118 1076 3160 ad
1108 3117 1223 3160 Men.
1255 3132 1295 3174 p.
1329 3114 1424 3159 114.
1486 3131 1535 3160 ro
1566 3115 1777 3175 ἀπάταις,
1820 3135 1937 3174 vere,

164 3177 213 3215 ut
240 3173 406 3230 opinor,
436 3188 677 3232 quanquam
717 3175 898 3231 vulgata
937 3176 1111 3220 defendi
1150 3182 1306 3233 potest.
1364 3175 1413 3218 In
1492 3178 1605 3234 yrici
1646 3177 1741 3221 loco
1755 3210 1767 3231 ‚
1813 3193 1937 3236 quem

162 3231 305 3288 paullo
333 3237 433 3276 ante
458 3239 621 3278 tractat
648 3248 690 3292 p.
724 3233 822 3277 107.
880 3232 1086 3293 Πάφωνε
1124 3235 1278 3294 οὐρεία
1309 3236 1447 3292 χέλυς
1485 3236 1756 3280 scribendum
1792 3236 1934 3283 ἑπτά-

163 3303 310 3346 φωνε,
351 3293 582 3335 testudo
617 3306 890 3336 resonare
931 3301 1146 3352 septem
1178 3292 1398 3337 callida
1438 3295 1632 3338 nervis
1666 3296 1823 3340 Horat.
1853 3298 1936 3340 ΙΙΙ.

163 3350 232 3389 11.
284 3361 407 3404 quam
448 3349 678 3407 Euripides
715 3352 876 3396 Aloest.
924 3350 1022 3396 449.
1070 3349 1316 3397 ἑπτάτονον
1368 3350 1551 3412 οὐρείαν
1592 3355 1734 3412 χέλυν
1778 3363 1933 3407 vocat3

162 3420 295 3463 quare
325 3408 460 3451 minus
490 3408 689 3466 placebat
715 3406 960 3469 πάμφωνε.
