2150 3814
223 197 350 259 910
756 204 983 249 mann
1026 206 1451 251 SECUNDUS.

220 348 404 404 τοῦτο
447 336 641 402 κάτω·
686 343 883 401 ταῦτα
926 335 1076 418 λάβε
1118 335 1223 398 καὶ
1255 340 1536 420 εὗτυχῇς·
1585 338 1755 415 cujus
1783 356 1981 398 exem-

217 442 391 535 plum
411 439 854 518 Aegyptiacum
875 424 1259 513 Champollio
1284 436 1505 498 dicitur
1530 457 1726 518 nuper
1758 439 1825 495 in
1852 455 1983 496 mu·

220 544 348 601 mia
375 536 735 599 Sesostridis
766 534 1090 592 invenisse.
1145 534 1306 594 Illud
1333 535 1706 616 Orphaicum
1728 535 1985 618 “Οιιοού-

220 662 357 703 <nov
389 638 640 697 defluxit
674 652 747 691 ex
775 629 1221 709 Cosmogoniae
1255 634 1420 708 loco,
1459 656 1578 715 quo
1612 638 1815 695 unitas
1849 638 1983 695 uni-

219 757 433 800 versae
474 743 728 794 naturae
770 733 1008 811 primo,
1053 731 1294 805 medi0‚
1337 742 1609 793 extremo
1653 737 1984 795 constantis

217 838 586 911 declaratur,
666 830 827 890 unde
902 830 1198 909 Theologi
1266 831 1552 891 Triadem
1618 835 1985 894 homousion

217 936 511 1015 expiscati
555 942 725 1005 sunt,
768 931 1017 1009 Mystici
1061 941 1267 991 autem
1311 942 1442 991 tum
1484 932 1597 990 hac
1639 941 1770 992 tum
1814 934 1986 1009 lyrae

215 1036 514 1094 cosmicae
554 1033 819 1110 imagine
862 1041 1116 1090 naturae
1157 1032 1350 1089 totius
1393 1033 1881 1092 convenientiam
1926 1042 1988 1091 et

215 1135 636 1212 cognationem
704 1132 1027 1209 significari
1091 1139 1399 1210 putarunt.
1505 1131 1714 1211 Neque
1781 1134 1986 1212 aptius

211 1234 728 1311 Pythagoreorum
785 1240 848 1289 et
899 1231 1346 1310 Aegyptiorum
1391 1230 1691 1308 quaedam
1736 1250 1988 1312 compo-

212 1341 440 1391 nuntur
482 1333 850 1402 sententiae,
907 1329 988 1389 ad
1031 1330 1296 1409 speciem
1339 1330 1602 1403 simileS‚
1660 1330 1771 1389 sed
1814 1350 1852 1390 a
1895 1330 1987 1389 di-

211 1433 407 1493 versis
442 1431 622 1509 longe
651 1429 874 1489 ductae
900 1429 1235 1509 principiis·
1277 1427 1570 1509 Aegyptii
1598 1429 1775 1491 verbi
1803 1448 1987 1488 causa

212 1531 605 1590 chamaeleon
656 1539 912 1610 propter
964 1537 1248 1586 naturam
1304 1528 1565 1588 calidam
1618 1530 1737 1588 soli
1780 1547 1985 1589 conse-

212 1640 457 1690 crarunt
511 1630 724 1689 Galen.
780 1628 857 1688 de
898 1626 1062 1686 Med.
1109 1627 1327 1708 simpl.
1371 1627 1439 1686 L.
1481 1629 1586 1686 111.
1635 1629 1731 1688 lo.
1775 1629 1875 1687 66.
1918 1629 1985 1687 Β.

208 1729 520 1809 iidemque
561 1731 838 1802 leonem,
882 1727 1363 1789 fervidissimum
1408 1728 1670 1801 animal,
1716 1747 1987 1788 commu-

208 1831 370 1888 niter
436 1829 568 1888 Soli
622 1829 1044 1908 Vulcanoque‚
1112 1845 1388 1886 seorsum
1444 1846 1593 1888 vero
1651 1830 1987 1887 anteriores

211 1930 342 2006 eJus
396 1939 604 2010 partes
656 1929 813 2006 igni,
869 1929 1240 2007 posteriores
1298 1945 1489 2007 aquae
1531 1925 1768 1986 Aelian.
1821 1926 1985 1986 Hist.

207 2028 326 2087 An.
370 2028 506 2088 XII.
562 2029 622 2088 7.
680 2037 742 2087 et
796 2029 936 2086 huic
996 2016 1401 2100 crocodilum,
1466 2028 1818 2107 accipitrem
1859 2028 1984 2103 igni

210 2128 488 2187 dicarunt
529 2127 607 2186 X.
652 2126 752 2186 24.
805 2146 1064 2207 quorum
1119 2126 1273 2185 nihil
1317 2127 1517 2185 simile
1561 2146 1599 2185 a
1641 2126 1987 2204 Pythagora

209 2228 439 2287 dictum
482 2229 800 2306 reperitur.
885 2226 1094 2306 Neque
1137 2229 1191 2286 is
1236 2244 1504 2305 unquam
1548 2227 1750 2304 attigit
1790 2234 1984 2286 astro-

206 2329 431 2406 logicas
474 2329 776 2400 rationeS‚
842 2326 1062 2407 quihus
1125 2328 1220 2386 illi
1274 2325 1356 2385 ad
1411 2327 1621 2385 omnia
1674 2326 1772 2386 usi
1825 2334 1985 2398 sunt,

208 2435 372 2486 certa
423 2426 749 2485 herbarum
805 2445 1027 2502 genera
1085 2426 1198 2485 sub
1258 2427 1434 2484 certis
1502 2425 1746 2484 decanis
1801 2435 1985 2504 atque

205 2527 441 2603 liturgis
497 2525 915 2602 subjicientes3
973 2533 1042 2582 ut
1083 2533 1255 2604 patet
1298 2543 1373 2582 ex
1419 2525 1652 2583 Galeno
1698 2523 1776 2583 de
1818 2524 1983 2583 Med.

208 2626 422 2705 simpl.
466 2624 566 2684 VI.
615 2624 751 2683 143.
796 2640 882 2702 sq.
938 2624 1155 2681 harum
1209 2641 1510 2700 nugarum
1554 2633 1858 2683 amatores
1902 2623 1983 2683 ad

204 2725 592 2806 Pamphilum
636 2719 1038 2802 ablegantesff']
1085 2722 1464 2782 librorum
1508 2723 1572 2783 H
1587 2744 1737 2784 erm
1753 2726 1982 2784 etico-

325 2933 403 2992 [ὓ]
441 2933 490 2980 Ὁ
517 2931 764 3008 Πᾶιιφιλος
791 2934 1021 3008 ἑξέγραψε
1053 2934 1156 2991 (leg.
1187 2932 1234 2984 ἓξ
1263 2934 1462 2994 ἔγραψε)
1497 2935 1646 2989 βιβλία
1671 2934 1810 3008 (περὶ
1838 2938 1977 2989 βοτα-

209 2994 323 3049 νῶν)
365 2995 540 3049 πλῆθος
566 2990 802 3051 ὀνομάτων
829 2993 898 3051 ἐφ’
943 2989 1102 3064 ἑκάστῃ
1141 2990 1287 3052 μάτην
1327 2994 1612 3066 προςτιθεὶς
1646 2986 1728 3036 εἶθ’
1773 2993 1893 3048 ἑξῆς,
1938 2996 1983 3036 εἴ

205 3067 271 3100 τις
300 3050 448 3096 αὐτῶν
477 3053 524 3102 ἐξ
553 3034 801 3111 ἀνθρώπου
829 3039 1164 3123 μετεμορφώθη
1196 3049 1519 3122 διηγούμενος,
1566 3064 1606 3093 ει
1590 3042 1660 3093 τα
1691 3050 1871 3108 ἐπῳδὰς
1899 3053 1979 3094 καὶ

207 3109 410 3160 σπονδὰς
439 3109 494 3162 δή
523 3124 646 3159 τινας
674 3111 750 3152 καὶ
778 3107 1047 3180 θυμιάματα
1076 3114 1172 3159 ταῖς
1199 3110 1278 3153 ἐπὶ.
1305 3108 1474 3153 τούτων
1503 3108 1610 3164 (leg.
1641 3110 1719 3153 ἐπὶ
1746 3114 1843 3158 ταῖς
1869 3105 1979 3152 τού-

206 3168 320 3224 των)
351 3167 605 3227 ἀναιρέσεσι
633 3166 965 3242 προςγράφων,
1008 3168 1080 3213 ἑτέ
1055 3172 1157 3226 έρας
1188 3168 1238 3212 δὲ
1279 3171 1484 3237 γοητείας
1520 3164 1726 3217 τοιαύτας
1764 3163 1978 3236 ληρώδεις

208 3225 304 3285 ἅμα
332 3229 448 3270 τισὶν
477 3227 685 3283 ἐπῳδαῖς,
717 3224 770 3276 ἃς
799 3224 1118 3288 ἀναιρούμενοι
1148 3243 1226 3275 τας
1253 3223 1443 3280 βοτάνας
1470 3227 1742 3282 ἐπιλέγουσι.
1773 3226 1848 3270 ubi
1877 3232 1978 3282 post

206 3289 410 3344 γοητείας
440 3286 699 3342 Contingius
739 3286 793 3328 de
831 3286 1023 3329 Hermet
1065 3286 1180 3328 Med.
1212 3285 1247 3326 Ι.
1289 3299 1327 3329 c.
1359 3285 1426 3328 11.
1469 3299 1512 3341 p.
1543 3283 1640 3326 101.
1683 3283 1973 3327 accusativum

209 3346 460 3405 Αἰγυπτίας
488 3344 697 3389 excidisse
726 3348 874 3402 putat,
906 3359 1029 3402 quem
1060 3343 1260 3389 Gaudani
1291 3343 1430 3387 versio
1461 3343 1609 3399 (sive
1622 3343 1766 3396 malie,
1798 3357 1975 3387 conver-
