2150 3814
12 3564 20 3640 1———--

766 212 1263 261 'ORPHICA
1801 208 1930 278 9η

147 359 324 423 runt,
369 349 700 426 Scaliger,
703 343 1062 422 Menagius,
1106 344 1394 416 Rossius‚
1435 345 1776 421 Fabricius,
1821 362 1928 429 aut
1977 358 1989 367 ⁸

148 467 376 509 nomen
419 443 765 528 Thespidis
790 444 1090 507 excidisse
1132 452 1472 506 statuentes
1516 455 1624 505 aut
1681 472 1927 533 τραγῳ-

149 546 398 618 δοποιός
445 550 512 607 in
566 544 1000 629 παρῳδοποιός
1039 555 1381 605 mutantes.
1474 545 1577 611 De
1632 546 1927 625 Diogenis

149 648 503 707 testimonio
558 640 668 708 IX,
730 644 867 706 110.
937 643 1100 725 quod
1157 646 1254 706 vir
1311 644 1527 705 doctus
1580 646 1675 705 illi
1735 647 1926 721 addit,

153 746 366 828 Τίμων
406 743 721 829 ποιήματα
758 747 1147 832 συνέγραψε,
1205 746 1311 808 καὶ
1359 748 1483 825 ἔπη
1525 746 1631 809 καὶ
1679 771 1928 833 τραγῳ-

145 845 284 916 δίας
326 847 433 910 καὶ
476 845 784 930 σατύρους
824 847 932 909 καὶ
971 843 1266 928 δράματα
1295 846 1535 930 κωμικὰ
1567 843 1924 930 τριάκοντα,

141 947 409 1031 τραγικὰ,
472 946 542 1012 δὲ
604 945 894 1027 ἑξήκοντα
907 993 929 1019 ,
1006 944 1246 1014 σίλλους
1304 970 1370 1006 τε
1425 946 1531 1007 καὶ
1584 935 1925 1020 κιναίδους,

144 1047 261 1104 etsi
303 1047 458 1106 nihil
500 1046 798 1108 adversus
841 1064 943 1103 me
986 1044 1156 1104 valet
1167 1091 1184 1120 ‚
1244 1053 1448 1102 tamen
1500 1042 1733 1117 dicam,
1779 1045 1928 1124 quid

142 1146 297 1204 mihi
338 1145 640 1207 videatur.
726 1142 1105 1222 Tragoediae
1158 1159 1386 1201 nomen
1440 1142 1609 1221 apud
1653 1129 1927 1204 novitios

144 1245 410 1304 Graecos
466 1246 702 1325 perlate
758 1254 1003 1325 patere,
1073 1242 1172 1304 vel
1237 1263 1271 1300 e
1331 1242 1627 1302 Zonarae'*
1665 1248 1934 1325 apparet
1948 1274 1967 1296 ι’

142 1343 538 1404 adnotatione
582 1365 642 1426 p.
693 1344 874 1405 1743.
930 1342 1251 1429 τραγωδία
1295 1342 1529 1425 ποίηιια
1576 1341 1924 1426 ἔπιταφιοτῖ.

143 1445 489 1523 cujusmodi
520 1446 640 1515 fuit
662 1444 1036 1535 Theodectis
1064 1442 1380 1521 tragoedia
1416 1442 1688 1503 funebris
1724 1443 1926 1502 Mau-

142 1546 359 1605 solus
403 1526 732 1627 inscripta,
788 1544 1166 1622 Tragoediae
1209 1545 1436 1610 veteris
1494 1543 1759 1604 fortasse
1800 1562 1927 1602 non

141 1646 404 1705 similior
447 1665 631 1726 quam
671 1642 1098 1727 Lycophronis
1145 1641 1486 1703 Cassandra
1546 1654 1653 1702 aut
1697 1641 1927 1703 Calliae

142 1745 458 1824 tragoedia
513 1747 908 1823 grammatica
974 1755 1079 1803 aut
1132 1744 1470 1802 Ptolemaei
1523 1741 1927 1803 Alexandrini

143 1846 359 1928 δρᾶμα
403 1843 713 1926 ἱστορικόν
760 1843 956 1926 (Suid.
1002 1863 1048 1903 s.
1094 1843 1180 1924 v.)
1226 1851 1333 1902 aut
1377 1842 1719 1902 Ezechielis
1774 1869 1927 1926 τρα-

141 1947 368 2032 γῳδίαι
403 1943 768 2017 Ἰο-υδαϊκαί,
814 1954 921 2004 aut
962 1943 1345 2024 Apollinaris
1388 1940 1794 2001 Alexandrini
1836 1941 1928 1999 fa-

141 2045 324 2106 bulae
368 2064 575 2106 sacrae
637 2055 744 2104 aut
787 2044 1098 2105 Timothei
1143 2044 1547 2103 Grammatici
1605 2041 1928 2128 τραγῳδία

141 2147 282 2228 περὶ
354 2155 467 2210 τοῦ
538 2143 987 2230 χρυσαργύρου
1077 2147 1143 2203 111
1220 2143 1620 2203 Anastasium
1699 2143 1930 2220 scripta

144 2245 370 2328 (Suid.)
418 2264 677 2325 quorum
716 2254 1078 2325 poematum
1113 2245 1228 2303 etsi
1266 2244 1508 2302 forman
1553 2250 1615 2299 et
1659 2240 1928 2320 descrip-

142 2347 376 2405 tionem
435 2347 836 2423 ignoramus,
901 2355 1110 2404 tamen
1181 2343 1540 2423 Sophocleis
1611 2340 1929 2400 simillima

141 2446 334 2505 fuisse
392 2464 520 2505 non
578 2444 889 2507 videntur.
995 2442 1241 2503 Deinde
1309 2427 1690 2520 Nicephorus
1751 2440 1929 2517 Greg.

143 2545 307 2606 Hist.
350 2545 428 2605 X.
473 2567 522 2606 0.
565 2546 611 2605 Ι.
655 2545 797 2606 289.
840 2545 921 2604 Ι).
976 2542 1328 2622 tragoediae
1383 2559 1613 2600 nomen
1669 2539 1926 2600 ulterius

146 2645 446 2721 extendit5
490 2642 633 2709 δότε
669 2670 798 2728 μοι,
838 2646 1060 2726 inquit,
1102 2645 1216 2723 τὴν
1252 2643 1528 2725 Ὀρφέως
1571 2644 1638 2704 ἓν
1680 2662 1928 2725 τραγῳ-

144 2746 308 2817 δίαις
351 2744 627 2829 δύναμιν
667 2749 773 2810 ἵνα
816 2746 922 2808 καὶ
961 2746 1074 2815 τὰς
1118 2742 1403 2827 ἀψύχους
1447 2739 1661 2824 φύσεις
1694 2737 1926 2817 κινήσω

146 2846 300 2929 πρὸς
342 2847 552 2911 οἶκτον
600 2854 714 2910 τοῦ
770 2844 1047 2917 πάθους·
1108 2843 1270 2904 unde
1324 2861 1450 2900 non
1507 2839 1722 2899 dubito
1781 2839 1928 2918 quin

151 2945 486 3008 Simonidis
541 2958 650 3008 aut
703 2946 957 3007 Pindari
1013 2943 1373 3006 threnodiae
1414 2937 1760 3026 τραγῳδίαι
1817 2936 1929 2996 311-

153 3046 418 3126 quando
436 3049 746 3110 nominari
796 3048 1141 3128 potuerint,
1192 3043 1511 3104 Philoxeni
1563 3047 1770 3099 autem
1814 3015 1976 3097 Di-

153 3144 551 3237 thyrambos,
567 3151 634 3210 in
676 3168 797 3230 quo
844 3146 1107 3228 Cyclops
1152 3164 1290 3205 cum
1323 3143 1582 3202 Galatea
1610 3122 1928 3218 colloque-

154 3244 607 3333 1)ἓ1ῐῑ11·,δρ(ῖιμα
623 3248 933 3333 κωμικόν,
978 3257 1043 3309 et
1078 3265 1322 3307 carmen
1365 3240 1678 3324 quoddam
1721 3256 1928 3299 amoe-

155 3343 379 3407 baeum
421 3353 647 3428 tragico
690 3369 844 3411 sono
888 3348 1203 3411 conditum
1248 3347 1460 3428 δρᾶμα
1501 3336 1860 3499 ἶραγικόν
1870 3335 1927 3396 Α

233 3447 293 3500 11
1101 3474 1110 3482 -
1550 3440 1589 3500 3
