2210 3886
251 252 379 312 802
781 261 1015 306 Linea
1060 263 1485 307 SECUNDUS.

251 393 615 470 ineleganter
675 391 974 470 expressit
1016 390 1382 450 Ambrosius
1426 391 1523 450 De
1566 391 1664 450 fid.
1708 402 2020 452 resurrect.

254 492 323 553 Τ.
365 492 469 551 ΠΙ.
512 511 571 571 p.
616 490 715 551 24.
758 490 942 549 Basil.
986 490 1038 549 F
1056 491 1262 549 uisse
1304 489 1616 569 quidam
1659 490 2024 550 feruntur

253 590 558 673 populi,
603 590 730 669 qui
774 596 990 648 ortus
1034 590 1421 649 hominum
1464 590 1828 667 lugerent
1870 589 2023 649 obi-

257 697 531 768 tusque
586 685 1080 746 celebrarent
1135 723 1218 732 «--
1274 687 1424 747 Eos
1482 690 1714 763 enim,
1771 691 2026 770 quiin

254 790 393 848 hoc
462 789 679 848 vitae
748 785 994 845 salum
1049 787 1490 859 venissent,
1559 788 2026 849 moerendos

255 885 667 966 putabant,
724 903 853 944 eos
897 903 1116 959 vero,
1174 887 1302 964 qui
1347 905 1435 944 ex
1475 887 1716 947 istius
1761 886 2027 947 mundi

255 984 637 1065 procellis
694 993 769 1043 et
823 984 1206 1044 fluctibus
1265 986 1808 1059 emersissent,
1879 1002 2029 1044 non

255 1085 551 1162 injusto
633 1082 914 1161 gaudio
993 1083 1579 1164 prosequendos
1647 1085 2029 1146 arbitran-

256 1191 283 1241 t
298 1202 340 1242 u
352 1202 399 1241 r.
488 1179 705 1242 Cetera
762 1184 1110 1245 testimonia
1155 1186 1289 1263 jam
1345 1204 1382 1244 a
1425 1184 1734 1266 prioribus
1779 1183 2030 1244 collecta

255 1290 397 1342 sunt
416 1281 515 1363 [f]‚
577 1301 734 1362 quae
779 1286 985 1344 omnia
1026 1287 1090 1344 in
1134 1286 1250 1345 hoc
1293 1288 1663 1349 conveniunt
1676 1329 1694 1359 ‚
1736 1283 2029 1344 barbaro-

254 1400 392 1441 rum
446 1383 770 1442 nonnullos
826 1383 1062 1444 natales
1092 1416 1096 1421 ,
1116 1403 1366 1445 suorum
1381 1429 1399 1457 ‚
1462 1394 1533 1445 ut
1588 1386 1868 1447 Valerius
1923 1384 2031 1454 ait,

255 1480 534 1540 flebiliter
545 1525 562 1553 ‚
609 1484 924 1561 exsequias
970 1501 1116 1542 cum*
1150 1484 1460 1546 hilaritate
1504 1485 1824 1545 celebrare.
1910 1480 2032 1555 Qui

254 1597 405 1641 vero
449 1565 856 1641 demonstrari
898 1591 1102 1660 potest
1115 1625 1132 1655 ‚
1186 1583 1253 1641 id
1295 1585 1434 1643 illos
1479 1586 1697 1645 fecisse
1737 1585 1854 1646 hac
1895 1601 2032 1662 per-

254 1679 541 1740 suasione
554 1723 572 1752 ,
641 1680 805 1759 quod
862 1683 1135 1740 animum
1189 1683 1255 1740 in
1311 1701 1568 1762 corpore
1621 1694 1913 1762 tanquam
1968 1683 2034 1739 in

257 1797 493 1840 carcere
546 1780 846 1840 inclusum
900 1790 1031 1839 tum
1075 1780 1322 1840 demum
1368 1781 1450 1843 ad
1492 1782 1839 1841 libertatem
1883 1797 2033 1841 eva-

255 1876 400 1937 dere
455 1879 768 1939 crederent
783 1923 798 1950 ,
855 1898 1046 1959 quum
1101 1883 1373 1962 corporis
1429 1883 1676 1944 vincula
1727 1877 2034 1961 rupisset?

255 1976 609 2038 Herodotus
681 1979 928 2058 quidem
995 1980 1074 2040 de
1129 1981 1379 2043 Trausis
1434 1983 1587 2043 nihil
1642 1979 1812 2041 aliud
1867 1978 2034 2050 dicit,

254 2077 375 2136 nisi
429 2080 716 2139 miseram
773 2080 898 2141 illis
955 2082 1298 2144 viventium
1356 2082 1768 2142 conditionem
1813 2078 2033 2149 videri,

255 2194 450 2255 neque
505 2187 600 2236 est
653 2180 978 2259 quisquam
1021 2183 1364 2258 genitorum
1409 2183 1730 2243 hominum
1771 2181 1870 2239 cui
1910 2195 2035 2238 non

255 2274 422 2337 idem
480 2275 810 2355 aliquando
869 2277 1153 2341 videatur
1171 2282 1266 2360 [g].
1372 2281 1441 2340 Si
1496 2282 1743 2342 fortuna
1794 2277 2035 2358 paullu-

254 2374 384 2433 lum
427 2375 734 2437 reflaverit
747 2420 764 2450 ,
809 2380 863 2436 si
907 2378 1087 2438 dolor
1130 2382 1326 2439 acrior
1367 2382 1682 2441 incesserit
1695 2424 1713 2453 ‚
1768 2388 1897 2439 tum
1941 2396 2034 2435 re-

257 2483 478 2533 sonant
521 2474 789 2554 undique
832 2476 979 2535 illae
1023 2496 1236 2539 voces:

473 2584 635 2639 Οὐδὲν
672 2584 993 2656 ἀκιδνότερον
1027 2596 1147 2658 γαΐα
1183 2590 1352 2660 τρέφει
1391 2589 1686 2661 ἀνθρώποιο

263 2678 327 2727 et

473 2769 550 2823 Οὔ
582 2773 674 2837 μὲν
710 2771 804 2842 γάρ
841 2774 894 2824 τί
926 2772 1025 2824 πού
1062 2774 1197 2827 ἔστιν
1234 2773 1563 2846 ὀϊζυρώτερον
1599 2775 1724 2828 ἄλλο

469 2851 674 2908 πάντων
711 2855 844 2910 ὅσσα
879 2878 931 2910 τε
967 2865 1116 2926 γαῖαν
1151 2858 1230 2911 ἔπι
1266 2861 1416 2913 πνείει
1452 2882 1504 2914 τε
1542 2862 1625 2914 καὶ
1661 2861 1795 2932 ἕρπει
1818 2858 1880 2927 [¹¹]

371 2983 438 3051 [f]
477 2993 641 3038 Potter.
673 2998 727 3040 ad
759 2998 892 3042 Clem.
921 2998 1042 3041 Alex.
1075 3014 1115 3056 p.
1136 2999 1234 3042 517.
1266 3001 1438 3058 Menag.
1470 3001 1526 3044 ad
1555 3002 1682 3057 Diog.
1712 3001 1790 3046 IX.
1814 2999 1883 3044 73.
1915 3001 2029 3043 Toll.

257 3048 313 3091 ad
341 3049 507 3094 Auson.
539 3053 593 3097 de
622 3056 790 3112 Ambig.
821 3058 909 3100 Vit.
937 3072 979 3114 p.
1004 3056 1103 3100 528.
1134 3059 1306 3102 Jacobs.
1338 3061 1393 3102 ad
1424 3059 1599 3102 Anthol.
1622 3061 1684 3102 T.
1716 3060 1836 3102 VIII.
1867 3074 1908 3116 p.
1932 3059 2030 3102 270.

258 3107 516 3176 Tzschucke
556 3112 613 3155 ad
653 3113 812 3158 Melam
853 3115 971 3160 VIII.
1010 3117 1060 3158 P.
1100 3117 1159 3159 II.
1201 3118 1270 3160 80.
1315 3118 1460 3174 Coray
1501 3119 1556 3160 ad
1586 3118 1729 3161 Nicol.
1759 3118 1956 3161 Damaso.
1987 3131 2027 3171 p.

256 3163 325 3207 83.
356 3181 400 3208 m
429 3181 506 3225 sup
537 3168 633 3214 lem.
666 3172 750 3218 Ed.
783 3173 922 3221 Orell.
950 3174 1254 3231 Wyttenbacb.
1285 3177 1340 3218 ad
1371 3177 1594 3219 Plutarch.
1625 3191 1668 3233 p.
1698 3175 1801 3222 296.

371 3223 438 3280 [Β]
514 3243 568 3271 ον
595 3228 930 3286 τετελευτηκότα
957 3229 1172 3293 μακάριζε
1203 3238 1268 3277 est
1293 3235 1406 3276 inter
1430 3235 1625 3278 Chilonis
1651 3234 1887 3277 sententias
1908 3231 2029 3275 Stob.

255 3277 405 3382 813ῐὶΙῶ
420 3283 503 3328 ΠΙ.
506 3284 603 3386 η45.
633 3287 701 3332 35.
744 3296 786 3332 et
829 3291 958 3347 vulgo
1000 3288 1203 3352 μάκαρες
1232 3294 1586 3353 εειιμακαρῖται
1617 3297 1662 3335 et
1693 3294 1924 3351 ζαμερῖται.
1953 3303 2028 3332 vo-

255 3351 334 3382 can
436 3356 525 3384 mo.
553 3346 607 3387 ui.

370 3396 433 3457 [ἦ]
475 3400 763 3459 Hieronymus
804 3407 845 3447 in
887 3407 1087 3464 Epitaph.
1132 3409 1363 3463 Nepotiani
1407 3424 1446 3464 p.
1478 3408 1577 3453 273.
1624 3408 1683 3453 Τ.
1715 3408 1792 3450 IV.
1826 3405 1959 3450 Hesi
1973 3419 2028 3445 o—
