2150 3814
767 220 1326 264 sAMoTumcm.
1780 210 1942 269 1169

155 356 397 434 patriae
450 363 810 429 antrumque
869 349 1178 428 quoddam
1237 347 1491 407 Idaeum
1551 349 1942 412 denominas-

154 466 321 526 sent,
380 471 504 512 non
546 448 724 512 facile
768 448 1054 508 omittere
1097 454 1434 526 potuerunt
1476 446 1653 509 Jovis
1699 449 1939 528 baJulos

154 564 216 614 et
257 551 538 627 custodes
594 547 847 611 Curetes
907 548 1043 607 sive
1097 547 1414 624 DactyloS.
1511 546 1780 610 Nomina
1804 581 1807 584 ·
1832 551 1941 611 illa

151 650 478 724 Acesidas,
521 649 910 721 PaeonaeuS,
955 647 1055 707 Ias
1066 666 1137 708 us
1155 692 1173 717 ‚
1218 658 1326 707 aut
1368 647 1568 708 solide
1611 650 1752 710 ficta
1797 663 1940 712 sunt

149 761 256 812 aut
297 748 580 809 traducta
622 767 661 808 a
702 746 992 808 semideis
1037 748 1142 809 vel
1191 748 1481 808 heroibus
1536 750 1820 811 beneficis
1876 762 1938 811 et

148 849 580 923 auxiliaribus,
649 866 771 930 quo
812 850 899 907 >in
962 867 1181 926 genere
1238 847 1537 908 Hercules
1595 852 1938 933 principem

147 952 349 1010 locum
419 948 687 1009 obtinuit
743 967 1067 1008 commune
1123 966 1259 1007 cum
1329 948 1652 1009 Dioscuris
1711 969 1936 1011 nomen

140 1050 509 1122 Ἀλεξίκακος
553 1059 614 1108 et
658 1047 1078 1131 Παραστάτης
1121 1049 1408 1118 sortituS,
1469 1047 1798 1109 Thebanus
1842 1053 1935 1111 vi—

148 1150 401 1223 delicet,
461 1165 587 1206 non
644 1146 862 1206 Idaeus
917 1165 976 1205 v.
1034 1142 1100 1203 C.
1144 1144 1216 1219 V.
1273 1143 1327 1224 ξ.
1371 1146 1429 1205 9.
1514 1147 1614 1206 De
1667 1148 1935 1208 Hercule

142 1248 330 1308 Idaeo
373 1249 610 1328 primus
655 1247 1029 1305 mentionem
1073 1243 1220 1304 fecit
1265 1244 1712 1309 Onomacritus.
1778 1249 1934 1309 Pau-

143 1350 347 1408 sanias
390 1347 555 1406 enim
600 1345 757 1405 VIII.
803 1345 902 1404 31.
958 1344 1342 1425 Megalopoli
1385 1346 1638 1408 dearum
1684 1360 1932 1427 magna-

142 1466 313 1520 rum,
365 1447 483 1506 hoc
526 1455 621 1506 est
664 1443 903 1506 Cereris
949 1457 1010 1504 et
1064 1446 1499 1527 Proserpinae,
1553 1449 1767 1510 fanum
1805 1469 1931 1509 me-

142 1565 391 1609 morans
436 1557 498 1606 et
539 1547 634 1606 illi
689 1548 1040 1627 appositam
1098 1556 1368 1606 statuam
1424 1547 1707 1610 Herculis
1767 1549 1933 1610 cubi-

146 1649 331 1709 talem
351 1692 368 1721 ,
438 1647 588 1706 haec
657 1645 835 1706 addit
899 1658 1248 1706 memoratu
1310 1649 1638 1728 perdigna:
1706 1659 1932 1716 τοῦτον

143 1750 259 1814 τὸν
306 1749 616 1830 Ἡρακλῆι]
659 1747 819 1810 εἶναι
860 1753 992 1809 τῶν
1028 1746 1272 1809 Ἰδαίων
1313 1753 1717 1831 καλουμένων
1762 1759 1932 1815 Δακ-

142 1848 350 1913 τύλων
386 1843 832 1929 Ὀνομᾶκριτός
879 1866 1072 1927 φησιν
1130 1849 1198 1908 ἐν
1252 1854 1381 1917 τοῖς
1439 1852 1662 1914 ἔπεσιν.
1766 1849 1931 1910 Hinc

140 1948 458 2010 Hoeckius
531 1944 763 2024 colligit
851 1954 1120 2004 statuam
1204 1946 1386 2028 hanc·
1448 1951 1934 2010 vetustissimam

140 2049 332 2110 fuisse
376 2047 447 2107 T.
489 2046 535 2106 I.
580 2065 641 2126 p.
687 2045 831 2106 344.
936 2042 1267 2118 Quomodo
1314 2067 1464 2108 vero
1502 2050 1932 2111 Onomacritus

143 2148 222 2209 de
290 2150 463 2226 signo
531 2138 1064 2225 Megalopolitano
1127 2146 1298 2225 loqui
1356 2159 1464 2207 aut
1531 2150 1729 2209 ullum
1797 2150 1935 2210 obs-

145 2249 278 2310 curi
318 2247 601 2308 Semonis
645 2247 886 2323 signum
941 2245 1033 2302 ita
1092 2257 1370 2306 accurate
1423 2247 1768 2309 describere
1826 2267 1936 2329 po-

144 2350 292 2427 tuit,
345 2358 416 2406 ut
473 2347 874 2428 septingentis
930 2347 1108 2406 annis
1166 2358 1310 2426 post
1365 2349 1935 2427 recognosceretur?

144 2449 277 2507 lmo
325 2447 663 2506 Pausanias
706 2446 824 2505 hoc
867 2445 1042 2505 dicit:
1103 2456 1310 2507 statua
1364 2449 1474 2508 illa
1515 2458 1936 2530 repraesentat

147 2546 480 2607 Herculem
520 2546 794 2619 Idaeum,
840 2543 1078 2605 Cereris
1114 2565 1521 2621 assessorem,
1561 2551 1626 2608 in
1667 2549 1936 2609 Onoma-

147 2648 282 2707 criti
328 2647 699 2707 carminibus
743 2646 1132 2731 celebratum.
1224 2648 1519 2728 Idemque
1562 2650 1631 2709 L.
1676 2649 1784 2708 IX.
1837 2649 1931 2708 19.

146 2748 446 2828 templum
472 2744 710 2807 Cereris
733 2746 1106 2824 Mycalesiae
1141 2747 1219 2806 ab
1245 2747 1514 2807 Hercule
1543 2748 1730 2808 Idaeo
1763 2750 1935 2810 velut

149 2847 399 2908 aedituo
446 2847 722 2928 quotidie
766 2847 967 2908 claudi
1014 2858 1077 2907 et
1117 2849 1351 2907 recludi
1395 2858 1620 2908 narrat.
1694 2849 1934 2908 Postre-

154 2966 256 3007 mo
297 2946 405 3007 IX.
449 2950 550 3008 27.
595 2948 898 3029 templum
953 2948 1238 3008 Herculis
1297 2948 1705 3029 Thespiense,
1769 2951 1934 3031 quod

154 3046 389 3107 incolae
430 3050 553 3128 ipsi
594 3048 871 3109 semideo
917 3049 1210 3110 Thebano
1255 3049 1570 3114 conditum
1615 3050 1934 3131 putabant,

157 3146 349 3207 multo
409 3147 526 3207 sibi
586 3151 894 3230 antiquius
958 3161 1019 3209 et
1080 3147 1357 3228 ejusdem
1420 3150 1704 3212 Herculis
1763 3150 1933 3211 Idaei

159 3244 358 3306 videri
415 3249 532 3321 ait,
598 3250 772 3328 cujus
832 3268 1004 3310 sacra
1061 3251 1245 3308 etiam
1304 3249 1527 3326 Tyrios
1585 3261 1648 3309 et
1705 3251 1784 3310 ab
1840 3253 1934 3309 his

162 3345 535 3423 Erythraeos
581 3360 828 3430 accepta
885 3351 1122 3410 habere.
1210 3349 1334 3411 Nec
1391 3348 1610 3411 desunt
1667 3351 1772 3430 qui
1830 3367 1935 3408 no-
