2184 3840
310 248 436 309 874
839 260 1072 303 mann
1116 257 1543 302 SECUNDUS.

313 390 502 472 θήκη)
561 409 696 450 cum
755 390 958 470 σίφων
975 389 1080 467 [0],
1141 386 1359 469 σιφνός
1403 385 1626 468 (κενός)
1673 384 1915 467 aegon-‘sco
1957 388 2081 463 (us—

307 492 426 571 νῶ)
485 502 546 550 et
598 491 803 550 latinis
860 487 1176 548 vocabulis
1235 487 1432 564 sipo‚
1481 485 1940 565 simpulum,
1985 495 2081 542 co-

307 602 557 668 gnatum
615 599 946 668 aptumque
1000 595 1093 644 est
1136 583 1540 661 significandis
1584 587 1754 647 vasis
1773 613 1777 618 ·
1796 585 2085 645 convexis

311 691 730 766 concavisque.
817 685 1102 761 Hymnus
1148 686 1365 743 atticos·
1396 685 1622 744 *Pollux
1668 685 1869 743 dicere
1913 681 2081 743 vide-

310 800 586 859 tureos,
645 803 795 863 quos
841 783 1248 860 Lycomidae‚
1294 783 1861 864 Eunidae'aliique·
1887 799 2085 842 sacro-

307 890 441 947 rum
499 894 779 949 cantores
836 893 897 942 et
949 884 1306 963 paeanistae
1360 886 1435 942 in'
1469 884 1841 944 solemnibus
1884 881 2086 962 publi-

309 988 392 1046 cis
449 986 888 1064 gentiliciisque
943 982 1316 1055 recitabant,
1363 982 1596 1063 Orphei
1640 983 1908 1043 fortasse
1939 982 2086 1040 illos

307 1097 414 1146 aut
470 1086 708 1144 Musaei
762 1085 1011 1143 nomine
1063 1085 1421 1163 inscriptos,
1485 1084 1696 1164 quales
1751 1072 2087 1142 Pausanias

306 1205 346 1247 a
367 1185 741 1263 Lycomidis
769 1183 848 1244 ad
891 1203 1062 1243 sacra
1104 1186 1239 1243 cani
1281 1185 1499 1259 refert3
1543 1184 1707 1244 unde
1747 1183 1937 1241 'etiam
1962 1166 2089 1239 Hess

308 1287 553 1364 sychius
597 1284 753 1344 illud
791 1287 1082 1370 Ἑγγῆρυς
1124 1285 1162 1363 ἡ
1204 1293 1282 1370 γῆ
1327 1286 1498 1366 παρὰ
1535 1287 1875 1356 Ἀττικοῖς,
1921 1297 2084 1340 sum-

307 1389 460 1447 sisse
503 1386 702 1445 videri
747 1393 967 1465 potest.
1056 1383 1265 1463 Σιπύη
1312 1383 1559 1463 quidem
1603 1402 1830 1442 nomen
1870 1388 2087 1461 peran-

308 1490 543 1567 tiquum
601 1496 722 1559 est,
777 1484 1021 1563 quando
1062 1483 1531 1543 contubernales
1575 1501 1728 1569 quos
1772 1483 2088 1563 Epimeni-

309 1586 417 1646 des
474 1583 860 1667 ὁμοκάπους,
922 1584 1282 1643 Plutarchus
1338 1594 1543 1643 autem
1600 1583 1928 1667 ὁμοσίτους
1985 1583 2090 1645 καὶ

308 1686 699 1769 ὁμοχοίνικας
767 1685 1144 1755 nominavit,
1216 1702 1255 1741 a
1324 1680 1651 1743 Charonda
1711 1681 2088 1764 ὁμοσιπύους

307 1795 563 1847 vocatos
604 1786 884 1862 legimus,
931 1784 1065 1842 aliis
1109 1783 1369 1843 fortasse
1410 1782 1857 1864 ὁμοθυλάκουξ
1871 1782 2087 1857 dictos,

308 1884 471 1946 unde
542 1884 888 1945 derivatum
954 1883 1211 1944 verbum
1282 1884 1701 1964 ὁμοθυλακεῖν
1767 1873 2089 1945 servarunt

308 1986 725 2046 Grammatici.
816 1983 938 2042 Sed
1018 1985 1336 2063 proprium
1420 1972 1731 2063 quoddam
1784 1982 2088 2069 §gentilicii

310 2087 465 2147 sacri
508 2084 880 2146 vocabulum
925 2084 1138 2142 afferre
1160 2083 1408 2143 videtur
1436 2085 1794 2144 Eustathius
1821 2105 1880 2165 p.
1907 2075 2087 2144 1072.

311 2187 411 2246 49.
455 2184 869 2263 wastdv‘zaw}
914 2185 1058 2253 τοὺς
1101 2185 1398 2253 παλαιοὺς
1439 2185 1552 2263 τὴν
1594 2184 1868 2268 κίβωτόν
1894 2203 2087 2267 φασιν

310 2290 368 2350 οἱ
410 2284 735 2354 Λάκωνες·
780 2282 1133 2346 Βουτεοίὸαι
1175 2284 1244 2346 δὲ
1287 2283 1582 2366 λάρνακα.
1669 2292 2087 2364 Μιτυληναῖοι

307 2387 376 2449 δὲ
421 2385 745 2468 ἀντίπηγα.
818 2385 1068 2442 Interim
1115 2383 1314 2443 Schol.
1358 2383 1529 2443 Leid.
1574 2387 1663 2466 (et
1704 2384 1965 2470 Veneta)
1984 2385 2090 2463 »ad

306 2485 376 2545 11.
419 2483 584 2545 xvl.
629 2482 772 2542 221.
817 2482 978 2541 unde
1022 2482 1459 2543 Valckenarius
1505 2483 1587 2542 ad
1610 2482 1812 2550 Adon.
1858 2470 2086 2564 12:334.

306 2586 463 2645 hanc
517 2583 899 2643 notationem
957 2592 1226 2641 sumtam
1282 2592 1488 2663 putat,
1544 2602 1670 2642 nen
1726 2583 2088 2658 Βουτεοίὸας

310 2685 420 2746 sed
463 2685 749 2745 universe
793 2681 1050 2754 Atticos,
1096 2681 1481 2743 Victorianus
1527 2693 1734 2743 autem
1777 2685 1843 2742 in
1881 2683 2086 2762 Heyn.

309 2783 590 2845 Addend.
638 2783 706 2843 T.
753 2781 881 2842 VIL
914 2803 972 2863 p.
1000 2780 1142 2842 785.
1186 2793 1435 2843 neutros
1479 2785 1801 2843 nominant
1841 2783 1958 2843 sed:
1994 2773 2085 2844 in-

314 2886 558 2945 definite
603 2876 797 2947 ἄλλοι,
819 2882 1109 2965 λάρνακα.
1191 2881 1325 2955 Qua
1367 2885 1474 2944 via
1514 2902 1628 2963 pro
1672 2885 1767 2943 his
1809 2868 2086 2948 Buta'd’ae

433 3113 482 3166 [θ
490 3112 506 3167 ]
556 3111 798 3167 Hesychius
839 3114 1000 3169 Σίφων
1028 3136 1084 3143 -
1116 3106 1314 3169 ὄργανον
1345 3113 1393 3155 ἐν
1424 3104 1458 3167 ᾧ
1488 3108 1589 3158 τοὺς
1617 3113 1909 3168 μαρσίππους
1950 3110 2082 3151 ἐπί-

316 3172 616 3214 σκοποῦσι
680 3172 756 3212 καὶ
786 3173 875 3214 τῶν
905 3165 1107 3226 σταχύων
1137 3171 1213 3212 καὶ
1242 3173 1322 3213 τοῦ
1350 3172 1498 3227 πυροῦ
1528 3174 1570 3214 οἱ
1602 3171 1859 3222 καυλίσκοι,
1903 3169 1980 3210 καὶ
2020 3161 2086 3214 οἷς

316 3231 358 3272 οἱ
389 3226 577 3282 κάπηλοι
602 3231 815 3287 χρῶνται.
879 3228 1074 3285 Toupius
1105 3228 1177 3284 qui
1207 3228 1497 3274 ἓπισκέπουσι
1528 3227 1723 3270 emendat
1750 3226 1887 3268 Emm.
1919 3226 1975 3267 T.
2007 3225 2081 3267 lv.

314 3286 414 3329 206.
457 3300 605 3342 parum
634 3289 876 3343 perspexit,
918 3286 1177 3343 Hesychium
1208 3287 1262 3328 de
1290 3287 1566 3330 instrumento
1597 3286 1670 3328 illo
1702 3283 1951 3342 portitorum
1991 3297 2078 3326 σω-

318 3345 540 3398 ληνοειδεΐ
566 3345 708 3400 loqui
751 3347 862 3400 quod
894 3360 1050 3401 graece
1082 3342 1394 3405 σειρομάστης
1440 3345 1679 3401 germanice
1723 3343 2080 3386 Visiereisen
2166 3368 2168 3374 ·

320 3404 487 3447 dicitur.
