2150 3814
745 220 1303 268 sAMo'rnRAclA.
1753 210 1915 271 1249

124 357 316 417 fuisse
371 354 680 430 videntur*
714 354 820 432 qui
874 361 1128 434 propter
1185 367 1497 410 sacrorum
1555 354 1916 412 internecio-

124 477 266 518 nem
312 454 567 517 Cabirus
610 455 780 534 ipsos
826 474 861 512 e
903 453 1140 514 Lemno
1185 453 1515 530 emigrasse
1557 460 1915 513 statuerent.

125 559 411 619 Photiusi
478 554 778 637 Κάβειροι
831 554 1155 638 δαίμονες·
1229 557 1295 616 ἐκ
1353 551 1621 634 Λήμνου
1677 552 1785 615 διὰ
1842 554 1914 616 τὸ

123 657 407 739 τόλμημα
449 662 579 718 τῶν
613 663 935 740 γυναικῶν
970 655 1455 736 μετενεχθέντες.
1501 653 1645 716 Εἰσὶ
1675 651 1746 716 δὲ
1779 654 1916 733 ἤτοι

120 758 458 839 Ἣφαιστοι
499 753 540 834 ἢ
592 761 861 826 Τιτᾶνες·
907 754 1015 814 ubi
1059 764 1223 814 certe
1266 752 1654 815 scribendum
1688 753 1915 837 Ἡφαί-

121 881 274 921 στου
330 865 394 915 et
447 856 711 916 fortasse
754 856 1023 936 amplius
1067 856 1184 918 εἶσὶ
1226 855 1296 918 δὲ
1340 851 1512 919 οὗτοι
1545 853 1911 937 ἹΙφαίστου·

119 967 189 1016 ut
221 957 576 1035 Hesychius
620 956 943 1039 Κάβειροι,
987 955 1305 1035 καρκίνοι,
1350 955 1519 1020 πάνυ
1564 955 1634 1017 δὲ
1677 962 1913 1037 τιμῶν-

115 1084 219 1119 ται
277 1054 450 1121 οὗτοι
506 1061 573 1121 ἐν
619 1056 864 1139 Λήμνῳ
921 1056 1006 1126 ὥς
1057 1055 1229 1118 &soi-
1289 1057 1571 1139 λέγονται
1627 1054 1697 1116 δὲ
1754 1056 1913 1118 εἶναι

109 1156 455 1241 Ἡφαίστου
513 1157 746 1226 παῖδες.
833 1155 934 1213 De
989 1154 1320 1235 postremis
1361 1153 1568 1212 Photii
1622 1152 1829 1215 verbis
1871 1153 1910 1233 ἢ

120 1263 373 1327 Τιτᾶνες
414 1265 623 1316 utrum
669 1274 747 1316 ex
787 1255 1004 1325 παῖδες
1047 1262 1338 1334 corrupta
1393 1255 1518 1313 sint
1560 1273 1641 1314 an
1684 1253 1911 1334 aliquis

114 1353 372 1416 Cabiros
429 1357 535 1418 vel
578 1357 835 1417 Titanes
879 1356 983 1416 vel
1028 1354 1267 1415 Titanis
1310 1354 1472 1417 filios
1516 1353 1741 1416 dixerit
1783 1372 1910 1413 non

113 1455 398 1537 disputo;
454 1456 565 1517 sed
620 1456 981 1517 Welckerus
1037 1464 1167 1516 tam
1213 1455 1504 1534 ambiguo
1549 1455 1908 1515 testimonio

112 1574 241 1615 non
296 1554 546 1631 efficiet,
603 1568 674 1617 ut
725 1557 869 1617 illos
904 1557 1284 1639 Ἡφαίστους
1327 1558 1445 1616 hoc
1489 1564 1614 1630 est,
1659 1563 1730 1615 ut
1770 1557 1908 1636 ipse

110 1658 581 1737 interpretatur,
661 1659 873 1735 genios
942 1657 1271 1717 'Vulcanios
1338 1657 1531 1718 fuisse
1596 1665 1908 1737 putemuS‚

111 1756 459 1835 cujusmodi
514 1760 570 1817 si
624 1759 730 1837 qui
784 1758 1036 1816 fuerunt
1078 1766 1241 1817 certe
1283 1775 1408 1815 non
1435 1758 1772 1840 ‘'Hgoamwc
1817 1754 1908 1813 di-

111 1858 196 1916 cti
250 1867 410 1917 sunt.
494 1855 711 1937 Neque
763 1856 1067 1934 Hesychii
1119 1856 1313 1918 verba
1354 1866 1519 1917 recte
1560 1856 1638 1916 ab
1684 1874 1759 1915 eo
1804 1874 1909 1916 ex-

105 1957 328 2039 plicari
371 1956 668 2031 arbitror,
729 1954 988 2018 Cabiros
1031 1956 1366 2018 Vulcanios
1405 1957 1739 2041 καρκίνους
1782 1954 1906 2016 dici

107 2058 179 2119 id
221 2066 317 2118 est
360 2076 642 2130 cancroS,
702 2059 848 2137 quia
904 2059 1106 2118 cancri
1159 2059 1467 2138 forcipum
1510 2060 1769 2136 figuram
1812 2076 1907 2116 re-

109 2157 340 2231 ferant,
382 2157 620 2236 forcipe
663 2167 872 2219 autem
917 2167 1169 2219 utantur
1211 2156 1375 2216 fabri
1417 2157 1678 2217 ferrarii.
1765 2155 1907 2216 Hoc

113 2259 296 2336 longe
336 2258 674 2337 repetitum
718 2266 816 2318 est
855 2266 920 2317 et
961 2260 1072 2321 vix
1114 2267 1331 2339 aptum
1361 2258 1738 2318 Graecorum
1782 2275 1906 2316 ser-

110 2361 316 2431 moni,
387 2359 490 2438 qui
547 2375 746 2438 neque
805 2357 1122 2419 fabrorum
1181 2359 1581 2428 ferrariorum
1639 2357 1905 2436 forcipes

112 2478 311 2539 neque
365 2457 578 2518 fabros
634 2459 806 2538 ipsos
858 2459 1195 2543 καρκίνους
1253 2468 1509 2531 vocant,
1578 2456 1690 2518 sed
1745 2457 1905 2531 illas,

110 2559 279 2640 quod
322 2560 739 2634 meminerim,
782 2559 1142 2646 πυράγρας,
1199 2560 1314 2620 hos
1329 2603 1347 2632 ‚
1403 2567 1475 2619 ut
1517 2568 1737 2617 notum
1785 2566 1903 2631 est;

111 2678 307 2740 neque
373 2666 704 2742 ῥαιστῆρας
771 2670 879 2720 aut
935 2664 1215 2745 ἄκμονας
1269 2668 1379 2719 aut
1435 2658 1514 2719 ab
1571 2659 1696 2717 alio
1754 2659 1906 2718 artis

110 2762 518 2820 instrumento
564 2759 984 2822 denominant.
1077 2761 1399 2820 Postremo
1442 2758 1906 2836 Hesychianum

114 2860 419 2938 glossema
473 2862 758 2943 καρκίνοι
812 2880 939 2922 non
996 2861 1076 2923 ad
1133 2861 1458 2942 proprium
1501 2879 1731 2919 nomen
1772 2856 1903 2921 Κά-

115 2963 316 3042 βειροι
380 2965 692 3043 pertinere
761 2962 873 3023 sed
927 2962 1009 3024 ad
1063 2960 1389 3043 Κάβουροι
1445 2961 1549 3021 vel
1604 2958 1903 3043 Κάβειροι

117 3060 566 3139 appellativum
633 3082 977 3142 cammaros
1033 3064 1406 3141 significans,
1469 3063 1605 3140 jam
1659 3058 1905 3140 pridem

117 3159 223 3218 Du
267 3157 530 3239 cangius
572 3162 1029 3225 animadvertit.
1128 3160 1313 3236 Quod
1355 3181 1507 3224 vero
1551 3161 1743 3241 aliqui
1788 3157 1902 3220 Ca-

119 3259 284 3319 biros
318 3259 578 3323 Vulcani
619 3274 727 3324 aut
766 3264 929 3324 filios
973 3274 1080 3324 aut
1121 3271 1379 3343 nepotes
1423 3261 1632 3335 edunt,
1675 3279 1902 3340 nequa—

119 3378 301 3439 quam
370 3379 484 3440 pro
555 3374 910 3442 argumento
967 3365 1165 3437 valet,
1220 3382 1407 3444 quum
1463 3363 1716 3444 plurimi
1771 3361 1900 3420 fue-
