2210 3886
853 243 1300 288 οΒΡΗιοΑ
1840 236 1963 298 &ss

192 373 467 451 aliaeque
508 372 782 432 naeniae.
883 375 1106 454 Οῗηπερ
1151 371 1404 454 φύλλων
1446 373 1620 458 γενεή
1657 410 1741 452 ή-
1767 386 1965 448 ταῦτα

189 480 357 534 πᾶσα
421 472 459 551 ἢ
531 471 760 556 ἀρχαία
818 471 1165 554 γφιλοσοφία
1223 474 1407 558 λέγει,
1469 473 1821 537 Plutarchus
1874 478 1963 535 ait

191 568 432 632 consol.
487 570 570 632 ad
623 570 829 652 Apoll.
885 592 945 652 p.
995 571 1143 633 323.
1199 572 1268 632 Τ.
1326 571 1456 633 vll.
1512 583 1573 633 et
1626 575 1962 643 multorum

184 672 536 737 testimonia
606 671 796 744 affert.
902 673 985 732 Et
1038 673 1333 733 nimirum
1386 672 1543 737 hanc
1594 673 1779 736 habet
1832 676 1961 736 vim

182 788 547 851 responsum
590 770 786 831 Sileni
826 771 1034 833 Midae
1074 771 1386 841 redditum
1431 774 1497 833 in
1537 774 1787 836 rosariis
1820 773 1965 835 Ber-

403 868 430 894 3·

183 872 327 930 mii:
383 895 435 935 ω
489 871 682 943 τάλας
738 871 1002 956 &peip-spe
1045 872 1234 953 νήπιοι
1275 871 1485 956 βάζεις
1521 871 1964 958 χρήματάμοι

181 970 575 1055 ὃιακομπέων
629 972 828 1055 (Pind.
870 973 974 1032 Fr.
998 973 1142 1038 Ine.
1187 971 1550 1052 CXXVIII.)
1594 975 1728 1035 sive
1770 974 1963 1054 pluri-

182 1073 295 1132 bus
351 1073 592 1144 verbis,
670 1080 739 1132 ut
782 1064 1155 1133 >Aristoteles
1210 1070 1483 1131 reddidit
1532 1073 1599 1131 in
1653 1072 1963 1133 Eudemo:

179 1171 494 1253 Δαίμονος
561 1170 856 1259 ἐπιπόνου
893 1171 1031 1234 »καὶ
1098 1170 1285 1251 τύχης
1336 1178 1603 1251 χαλεπῆς
1657 1169 1963 1257 ἐφήμερον

183 1273 457 1355 σπέρμα,
510 1271 574 1335 τί
621 1298 700 1356 με
752 1262 1054 1356 βιάζεσθε
1108 1273 1300 1358 λέγειν
1348 1272 1389 1334 ἃ
1433 1271 1586 1353 ὑμῖν
1628 1274 1839 1356 ἄρειον
1878 1272 1964 1354 μὴ

179 1380 421 1458 γνῶναι
429 1398 453 1447 ,·
494 1373 624 1454 μετ’
672 1372 931 1458 ἀγνοίας
971 1373 1095 1459 γὰρ
1127 1371 1258 1436 τῶν
1292 1371 1534 1436 οἰκείων
1565 1380 1775 1437 κακῶν
1810 1375 1962 1436 ἅλυ-

178 1471 446 1542 πότοιτος
496 1472 531 1534 ὅ
573 1471 715 1555 βίος
730 1491 743 1503 ·
803 1470 1167 1556 ἀνθρώποις
1221 1471 1291 1534 δὲ
1345 1470 1611 1554 πάμπαν
1668 1474 1782 1536 οὐκ
1837 1475 1964 1536 ἔστι

177 1573 473 1657 γενέσθαι
521 1572 594 1635 τὸ
651 1571 911 1642 πάντων
955 1575 1212 1654 ἄριστον
1257 1609 1341 1617 --
1383 1573 1454 1635 τὸ
1498 1574 1710 1654 μέντοι
1747 1572 1960 1636 δεύτε-

180 1697 295 1755 ρον
347 1672 420 1735 τὸ
478 1672 849 1757 γενομένους
895 1673 1243 1734 ἀποθανεῖν
1289 1673 1372 1742 ὥς
1413 1671 1675 1751 τάχιστα
1717 1673 1877 1732 Plut.
1922 1673 1962 1730 l.

178 1792 227 1831 c.
270 1793 332 1852 p.
377 1770 521 1831 353.
578 1789 734 1850 quae
789 1788 927 1829 cum
973 1770 1357 1847 Pythagorae
1401 1780 1464 1828 et
1508 1770 1740 1850 Orphei
1785 1771 1965 1847 effato

175 1871 285 1930 illo
354 1870 562 1932 verbis
631 1878 1002 1948 congruunt,
1072 1871 1312 1929 ratione
1368 1879 1574 1929 autem
1629 1870 1965 1950 plurimum

177 1970 482 2030 differunt.
578 1969 737 2031 Nam
801 1969 1133 2043 Pindarum
1199 1968 1364 2030 unde
1433 1971 1616 2051 ceteri
1672 1969 1963 2050 pendent,

178 2070 456 2131 Silenum
538 2071 635 2130 his
713 2069 921 2134 verbis
1009 2090 1214 2149 regem
1293 2070 1530 2132 divitiis
1611 2070 1970 2150 superbien-

178 2181 304 2232 tem
355 2172 650 2239 vanitatis
703 2181 853 2231 suae
909 2168 1307 2232 admonuisse
1368 2170 1517 2230 dicit
1524 2190 1541 2247 3
1598 2170 1967 2231 Aristoteles

179 2280 243 2330 et
307 2271 664 2330 Plutarchus
722 2268 804 2328 ad
864 2269 1233 2339 elevandam
1290 2272 1508 2330 mortis
1564 2269 1962 2331 acerbitatem

180 2378 464 2443 utuntur,
507 2378 572 2427 et
611 2380 873 2449 possunt
915 2368 1137 2430 eadem⁴
1175 2369 1280 2432 vel
1321 2369 1509 2438 hodie
1551 2389 1590 2429 a
1633 2371 1965 2431 christiano

178 2477 424 2529 oratore
478 2471 761 2550 usurpari
812 2471 1172 2551 praesertim
1227 2471 1294 2529 in
1348 2470 1732 2531 sermonibus
1789 2469 1968 2530 fune-

179 2568 390 2630 bribus
434 2578 497 2629 et
540 2570 998 2646 consolatoriis,
1053 2569 1392 2630 dummodo
1438 2589 1608 2630 error
1651 2578 1966 2643 caveatur,

179 2689 359 2750 quem
401 2669 755 2731 Lactantius
799 2671 1053 2750 castigat
1093 2672 1199 2732 ΠΙ.
1247 2670 1343 2732 19.
1392 2670 1487 2730 12.
1533 2669 1739 2744 Quid
1782 2688 1964 2749 ergo

181 2769 532 2831 dicemus
587 2772 747 2830 nisi
802 2791 1068 2832 errare
1124 2771 1350 2844 illos,
1408 2772 1539 2850 qui
1595 2780 1728 2830 aut
1769 2789 1966 2831 mor-

180 2880 331 2930 tem
376 2881 761 2952 appetant
803 2881 1169 2952 tanquam
1214 2872 1498 2932 bonum
1545 2878 1679 2930 aut
1712 2872 1962 2932 vitam

180 2971 494 3050 fugiant
560 2980 931 3052 tanquam
1002 2973 1283 3033 malum
1352 3007 1437 3017 —
1504 2970 1708 3031 Hinc
1775 2981 1967 3030 nata

182 3080 303 3132 est
343 3073 619 3153 inepta
659 3074 820 3134 ista
862 3075 1283 3146 sententia,
1327 3071 1533 3146 hanc¹
1565 3089 1738 3132 esse
1767 3089 1963 3132 mor-

182 3225 285 3270 dus
325 3227 554 3271 natales
591 3229 862 3274 hominum
902 3231 1181 3289 plangens
1222 3219 1430 3287 gaudet
1470 3229 1524 3272 in
1566 3228 1792 3279 funere,
1841 3227 1956 3284 quod

187 3297 240 3327 cx
269 3286 447 3331 Hesiod.
478 3286 628 3344 Agone
657 3294 838 3334 sumtum
867 3303 909 3347 p.
939 3289 1039 3332 480.

429 3343 593 3418 Ἀρχὴν
618 3346 707 3406 μὲν
731 3345 798 3406 μὴ
828 3350 971 3406 φῦναι
1000 3348 1332 3406 ἐπιχθονίοισιν
1360 3341 1560 3407 ἄριστον,

439 3419 588 3460 φυντα
618 3404 658 3448 δ’
689 3403 812 3458 ὅπως
840 3403 1006 3452 ὤκιστα
1039 3405 1182 3456 πύλας
1211 3404 1344 3449 ἀΐδαο
1373 3408 1580 3465 περῆσαι.

1502 3479 1623 3537 2*
