2150 3814
665 227 1261 278 ,samo-rumen.
1725 212 1888 275 1145

104 384 208 427 cra
261 365 571 433 Bacchium,
604 356 1066 424 transtulerunt.
1138 353 1264 416 Ad
1317 354 1638 437 Euripidis
1681 365 1888 436 partes

103 467 564 548 Theophrastus
606 475 676 524 se
705 459 1025 540 adjungit,
1067 457 1175 539 qui
1215 474 1416 540 pravo
1457 456 1749 521 acumine
1768 454 1886 526 vSo-

104 568 304 627 lonios
338 565 570 643 Cyrbes
610 580 840 623 nomen
883 559 1112 621 habere
1153 559 1372 621 statuit
1414 556 1535 620 ἀπὸ
1570 563 1701 621 τῶν
1720 563 1891 640 Κρη-

105 675 316 731 τικῶν·
360 661 822 748 Κορυβάίιτων·
883 668 1015 726 τῶν
1042 673 1045 676 ’
1067 659 1192 746 γὰρ
1250 661 1770 742 Κορυβαντικῶν,
1805 658 1889 718 ἱε-

102 773 233 850 ρῶν
276 766 426 829 οἷον
453 764 814 850 ᾇντίγραφα
857 762 1015 826 εἶναι
1059 760 1262 837 schol.
1297 758 1485 821 Arist.
1516 756 1679 819 Avv.
1710 753 1893 825 1354.

0 842 1 847 '
100 865 176 924 cf.
232 864 552 932 Ruhnken.
608 863 772 926 nist.
819 863 1031 923 Graec.
1078 860 1276 920 Oratt.
1320 879 1381 939 p.
1433 857 1572 917 163.
1615 856 1684 916 T.
1729 855 1893 918 vm.

100 964 207 1024 Et³
237 965 409 1026 haec‘
443 963 627 1046 apud·
671 972 957 1045 posteros
1021 960 1374 1042 praevaluit
1432 958 1644 1038 opinio
1701 953 1895 1033 Cory-

100 1064 318 1126 bantes
389 1063 710 1127 Cretenses
778 1081 930 1123 esse.
1039 1060 1345 1121 Lucianus
1401 1055 1658 1135 Podagr.
1714 1074 1776 1135 p.
1812 1055 1894 1125 ι3.

102 1164 172 1225 T.
217 1165 294 1225 X.

438 1275 538 1330 ἀνὰ
572 1276 841 1344 Δίνδυμον
876 1271 1126 1344 Κυβήβης

444 1361 646 1434 Φρύγες
667 1360 858 1415 ἔνθεον
894 1359 1141 1430 ὀλολυγὴν

440 1445 625 1522 ἁπαλῷ
659 1452 889 1501 τελοῦσιν
909 1445 1096 1500 ’Ama

438 1535 525 1587 καὶ
560 1532 691 1602 πρὸς
724 1533 879 1602 μέλος
913 1528 1161 1602 κεραύλου

447 1620 677 1689 Φρυγίου
712 1617 823 1670 κατ’
860 1615 1015 1688 οὔρεα
1055 1614 1281 1685 Τμώλου

442 1708 616 1771 κῶμον
650 1708 815 1770 βοῶσι
849 1703 1045 1756 Λυδοί.

439 1793 767 1860 παραπλῆγες
802 1787 862 1839 δ’
901 1786 1038 1858 ἀμφὶ
1076 1785 1318 1858 ῥόπτροις

444 1875 730 1931 κελαδοῦσι,
751 1875 923 1946 Κρητὶ
960 1872 1152 1946 ῥυθμῷ

439 1956 600 2027 νόμον
635 1956 770 2012 εἴτιον
804 1957 1153 2030 Κορύβαντες.

106 2065 344 2125 Plotius
400 2082 462 2143 p.
507 2060 696 2123 2625.
758 2061 1021 2121 dietus
1075 2058 1201 2120 hic
1254 2079 1393 2140 pes
1450 2061 1688 2121 etiam
1734 2055 1902 2119 Cre-

105 2166 339 2237 ticus,
383 2164 748 2243 quoniam
801 2162 879 2220 in
932 2160 1193 2220 insula
1237 2157 1469 2220 Creta
1514 2158 1903 2237 Coryban-

105 2274 223 2324 tes
267 2273 351 2323 ut
393 2264 748 2340 vagitum
791 2259 1012 2321 Jovis
1058 2261 1436 2333 celarent,
1481 2261 1594 2320 sic
1637 2278 1902 2321 sonue-

106 2384 138 2422 r
152 2382 247 2424 un
258 2374 298 2423 t.
399 2361 525 2424 Sed
593 2361 992 2423 manifestum
1051 2371 1145 2421 est
1198 2362 1295 2420 his
1355 2359 1741 2441 temporibus
1795 2372 1906 2419 no·-

105 2463 280 2523 mina
335 2458 755 2540 Corybantum
771 2505 790 2535 ,
848 2459 1143 2522 Curetum
1199 2470 1262 2520 et
1302 2460 1715 2538 Dactylorum
1769 2469 1904 2521 tan-

107 2561 389 2624 tumdem
443 2563 718 2625 valuisse
732 2607 750 2637 ‚
804 2581 919 2623 nec
973 2563 1203 2622 mirum
1258 2578 1475 2622 eorum
1528 2560 1707 2622 sedes
1763 2579 1908 2621 con-

106 2662 284 2725 fundi
350 2662 612 2745 quorum
664 2682 921 2724 munera
978 2671 1042 2723 et
1096 2659 1297 2722 officia
1352 2661 1649 2739 distingui
1707 2660 1908 2721 desita

41 2791 47 2798 ·
110 2774 328 2826 essent.
418 2763 798 2827 Claudianus
856 2766 924 2826 in
967 2764 1228 2844 Eutrop.
1271 2763 1349 2824 II.
1396 2762 1540 2822 282.
1631 2759 1906 2840 Cybelen

110 2862 438 2944 Phrygiam
462 2863 756 2927 Curetum
801 2875 864 2926 et
890 2863 1318 2944 Corybantum
1362 2862 1599 2923 thiasos
1624 2871 1905 2945 spectan-

114 2972 242 3025 tem
275 2959 532 3028 inducit.
593 2966 866 3029 Nonnus
896 2967 966 3028 L.
1009 2965 1176 3027 XIV.
1220 2961 1321 3024 25.
1378 2961 1712 3047 Κρήτηθεν
1756 2966 1904 3028 ἀολ-

119 3064 357 3140 mmo
390 3105 485 3114 —
538 3066 854 3132 Δάκτυλοι
899 3068 1112 3132 Ἰδαῖοι
1154 3066 1435 3152 γηγενέες
1477 3061 1904 3148 Κορύβαντες,

115 3181 376 3245 quorum
428 3170 700 3231 nomina
737 3178 1039 3246 recenset3
1106 3164 1512 3244 Pyrrhichum
1528 3208 1578 3238 ,ψ
1624 3163 1904 3240 Idaeum,

117 3337 315 3392 proxima
361 3350 454 3381 cum
504 3338 828 3396 Corybantibus
879 3340 1125 3398 gentilitaS‚
1178 3334 1420 3389 πλάζονται
1439 3319 1441 3321 ’
1460 3314 1557 3395 ἅμα
1603 3332 1817 3397 ῥόπτροις
1856 3349 1904 3379 τε

120 3393 196 3437 καὶ
227 3393 379 3444 αὐλοῖς
409 3395 600 3440 Manem.
630 3397 709 3443 vl.
740 3397 839 3444 538.
900 3406 1167 3456 tympana
1198 3396 1359 3441 Galli
1391 3393 1586 3440 Juvenal.
1609 3394 1741 3438 -v111.
1771 3393 1844 3438 76.
