2150 3814
708 200 1017 243 SAMOTH
1038 200 1264 243 RACIA.
1736 191 1898 253 1309

117 343 281 385 sum
367 331 780 387 certiorem
859 327 1318 400 redderent‚'
1399 328 1436 386 h
1455 332 1896 411 ostiumque

106 428 468 490 consilia
495 425 974 499 revelarent,
1022 445 1115 506 qu
1135 427 1299 485 ales
1345 438 1420 486 et
1460 428 1694 489 hodie
1730 431 1772 490 S
1791 451 1895 491 ar-

110 527 352 585 matia
424 527 876 605 frequentes
949 526 1217 599 habet,
1302 545 1488 604 quos
1573 529 1895 591 Drullos

112 624 480 701 Sarmati,
525 622 857 686 Coltkos
901 626 1273 700 Rutheni,
1332 627 1705 689 Germani
1751 626 1896 689 Co-

43 735 48 741 ·
109 723 148 782 b
169 725 353 784 alos
412 735 740 799 vocant,
815 729 946 806 qui
1012 745 1094 787 se
1169 728 1577 788 occultant
1603 808 1606 812 Ι
1631 732 1710 789 in
1768 748 1889 789 ae-

109 821 314 882 dium
381 844 425 905 p
443 825 939 886 enetralibus
1009 837 1143 887 aut
1215 828 1379 906 lign
1399 847 1614 889 orum
1685 848 1897 889 acer-

107 923 230 981 vis
276 925 802 1006 colunturque
847 946 885 986 a
930 926 1021 985 do
1041 929 1397 987 mesticis
1442 948 1717 1007 magna
1759 949 1896 991 ve-

102 1026 558 1099 neratione,
619 1045 709 1106 qu
729 1026 824 1085 od
884 1027 1351 1086 frumentum
1411 1046 1506 1086 ex
1561 1029 1898 1088 aliorum

104 1122 413 1183 horreis
456 1127 538 1184 in
579 1128 935 1208 ipsorum
980 1125 1443 1204 deportent,
1500 1145 1896 1205 equosque

105 1244 136 1281 c
150 1243 192 1282 u
206 1244 238 1282 r
250 1244 334 1282 en
352 1235 405 1298 t;
463 1221 582 1303 qua
627 1224 704 1282 de
746 1245 814 1283 re
856 1225 1038 1304 plura
1082 1234 1335 1284 narrant
1389 1223 1425 1283 J
1431 1243 1661 1284 oannes
1704 1225 1895 1284 Mele-

102 1324 223 1382 tius
270 1333 331 1383 et
375 1323 566 1396 Olaus
610 1324 869 1402 Magnus
913 1344 974 1386 v.
1019 1324 1295 1385 Werner.
1342 1324 1419 1384 de
1462 1324 1682 1384 Idolol.
1728 1323 1893 1383 Vett.

103 1423 465 1483 Prussorum
527 1421 581 1504 ξ.
624 1424 684 1483 4.
771 1424 907 1484 Hos
966 1426 1153 1502 igitur
1207 1426 1261 1484 si
1316 1426 1629 1504 sequimur
1687 1433 1895 1483 aucto-

101 1542 199 1583 res
213 1567 231 1598 ,
287 1521 504 1583 Cobali
547 1522 757 1583 Liberi
800 1524 1000 1582 Patris
1048 1535 1224 1583 erant
1280 1526 1456 1604 quasi
1510 1522 1763 1604 paredri
1820 1543 1896 1581 ex

102 1642 176 1682 eo
224 1623 597 1683 daemonum
643 1642 865 1700 genere
876 1666 893 1695 ‚
953 1642 1105 1702 quos
1165 1622 1202 1681 J
1205 1626 1424 1700 ungius
1468 1631 1715 1681 nostras
1760 1623 1895 1683 sive

101 1724 227 1783 alio
272 1725 521 1782 nomine
566 1722 911 1800 Stillingius
926 1766 943 1794 ‚
999 1724 1100 1782 vir
1142 1724 1209 1780 in
1252 1722 1757 1801 pneumatologia
1801 1742 1895 1780 ce-

99 1824 296 1897 leber,
353 1822 784 1882 medioxumos
853 1823 879 1902 (
895 1821 1365 1900 Mittelgeister)
1422 1830 1636 1895 vocat3
1697 1839 1893 1902 eoque

97 1925 240 2004 plus
284 1922 426 1982 fidei
471 1923 732 2001 acquirit
764 1921 844 1980 D.
879 1920 1254 1997 Hieronymi
1299 1922 1744 1994 testimonium,
1789 1923 1894 2001 qui

98 2025 165 2083 in
219 2023 365 2083 Vita
432 2022 610 2082 Pauli
682 2021 997 2080 Eremitae
1063 2030 1274 2081 narrat
1332 2021 1559 2081 Sancto
1617 2020 1892 2081 Antonio

99 2123 410 2203 quondam
454 2125 521 2180 in
568 2120 884 2180 Thebaide
949 2120 1289 2180 ambulanti
1348 2120 1600 2182 obviam
1660 2122 1893 2180 factum

100 2242 234 2283 esse
278 2221 711 2282 homunculum
729 2264 747 2294 ‚
803 2221 930 2279 fere
973 2230 1043 2279 ut
1088 2221 1296 2297 Satyri
1347 2221 1667 2301 Faunique
1720 2223 1893 2300 pingi

99 2325 300 2384 solent
312 2368 329 2397 ,
386 2322 639 2382 aduncis
683 2321 932 2381 naribus
950 2364 966 2392 ‚
1021 2321 1224 2380 fronte
1268 2340 1452 2380 cornu
1460 2330 1525 2380 ta
1538 2365 1554 2394 ‚
1623 2320 1888 2400 pedibus

102 2425 367 2505 caprinis
383 2466 399 2495 ,
468 2441 729 2502 eumque
786 2424 1226 2498 interrogatum
1298 2423 1391 2499 cuj
1399 2440 1464 2480 as
1535 2429 1698 2479 esset
1709 2465 1728 2496 ,
1797 2442 1889 2479 re-

101 2523 424 2605 spondisse
467 2541 533 2582 se
576 2541 768 2581 unum
827 2541 959 2581 esse
1015 2541 1092 2580 ex
1148 2520 1368 2580 incolis
1428 2521 1637 2581 Eremi
1656 2566 1673 2594 ‚
1736 2540 1889 2600 quos

101 2626 324 2704 pagani
384 2624 575 2686 modo
629 2623 892 2684 Incubos
949 2621 1266 2702 appellent
1278 2664 1295 2693 ,
1359 2620 1551 2680 modo
1612 2621 1889 2698 SatyroS‚

102 2724 460 2808 oratumque
529 2726 739 2786 venire
754 2767 772 2797 ‚
841 2734 911 2783 ut
979 2723 1288 2784 Antonius
1344 2740 1458 2800 pro
1531 2740 1644 2781 sua
1711 2731 1888 2799 gente

103 2826 266 2905 apud
313 2826 496 2886 deum
542 2826 819 2885 omnium
868 2842 1075 2883 rerum
1134 2821 1455 2881 dominum
1510 2805 1888 2882 intercedere
1974 2895 1978 2899 ‚

103 2925 272 2986 velit.
350 2927 433 2985 Et
475 2928 540 2986 in
587 2927 944 2986 universum
989 2923 1066 2982 de
1111 2922 1229 2981 diis
1275 2921 1651 2980 Graecorum
1696 2922 1888 2998 medii

104 3026 245 3086 aevi
289 3027 613 3105 scriptores
657 3012 746 3085 ita
790 3023 909 3083 sibi
953 3032 1390 3105 persuaserunt
1403 3066 1419 3094 ‚
1478 3040 1582 3080 eos
1639 3033 1746 3082 aut
1788 3043 1888 3081 re-

105 3127 196 3203 gis
239 3125 617 3185 infernorum
654 3125 950 3185 satellites
986 3125 1176 3183 fuisse
1219 3133 1279 3180 et
1317 3123 1687 3194 emissarioS,
1732 3141 1887 3202 quae

105 3227 372 3304 suspicio
419 3227 681 3285 maxime
738 3225 814 3283 de
871 3224 1164 3304 Apolline
1222 3225 1556 3302 ceterisque
1612 3223 1885 3282 oraculo-

103 3336 241 3384 rum
286 3323 670 3405 praesidibus
716 3326 943 3398 valuit‚
1003 3334 1108 3385 aut
1164 3326 1314 3384 artis
1374 3320 1644 3401 magicae
1699 3322 1884 3381 facul-

177 3430 241 3484 ΙΙ.
1464 3423 1546 3482 34
