2150 3814
750 221 1342 267 SAMOTHRACIA.
1781 210 1942 270 1173

162 376 359 418 noxas
401 351 963 438 praesentissimum
1019 351 1153 410 fore
1209 349 1655 409 auxiliatorem.
1762 351 1943 424 Quod

166 465 591 536 argumentum
639 453 795 521 satis
853 463 975 525 est,
1034 448 1386 510 Diodorum
1442 449 1728 511 Herculis
1788 452 1943 512 The-

164 559 311 617 bani
348 557 702 632 religionem
748 570 1073 633 perperam
1120 550 1503 610 transtulisse
1545 550 1626 610 ad
1668 551 1943 626 Idaeum,

164 658 267 736 qui
331 655 530 714 multo
588 663 734 734 post
798 652 975 712 illum
1031 652 1370 710 innotuisse
1423 650 1688 711 videtur.
1775 651 1945 713 Nam

159 773 238 813 ne
281 753 359 813 de
396 753 793 813 Onomacrito
827 750 1074 831 quidem
1105 770 1204 811 res
1230 752 1550 832 explorata
1567 762 1694 826 est,
1738 763 1945 814 utrum

157 856 212 913 is
258 853 487 914 diserte
524 852 856 914 Herculem
885 849 1236 911 Cretensem
1288 870 1367 910 an
1426 851 1743 912 indefinite
1786 852 1944 912 Her-

159 954 355 1013 culem
412 953 986 1015 commemoraverit
1041 948 1278 1010 Cereris
1324 969 1719 1012 assessorem.
1818 952 1944 1013 He-

158 1054 418 1116 rodotus
463 1055 588 1115 duo
632 1054 931 1113 duntaxat
972 1050 1269 1109 Hercules
1314 1051 1520 1125 novit,
1584 1051 1943 1112 Thebanum

162 1165 223 1213 et
278 1154 573 1231 Tyrium3
641 1161 852 1211 contra
919 1166 1099 1226 quem
1166 1150 1437 1208 maxima
1507 1149 1945 1230 disputationis

162 1256 552 1313 contentione
594 1258 827 1332 pugnat
871 1247 1264 1322 PlutarchUS,
1309 1268 1500 1309 unum
1542 1250 1744 1310 solum
1788 1251 1946 1310 Her-

159 1352 356 1412 culem
414 1354 676 1414 vetustis
734 1351 936 1431 poetis
995 1350 1304 1426 cognitum
1363 1351 1553 1411 fuisse
1609 1350 1944 1413 affirmans:

159 1454 269 1516 ἕνα
321 1461 548 1517 τοῦτον
604 1457 774 1515 ἰ’σασι
829 1448 1054 1519 πάντες
1102 1450 1404 1532 Ἡρακλέα
1460 1453 1574 1515 τὸν
1616 1451 1942 1517 Βοιώτιον.

158 1552 257 1611 De
299 1552 549 1632 Malign.
607 1574 654 1612 c.
714 1549 875 1610 XIV.
965 1547 1036 1608 Id
1095 1569 1243 1610 vero
1300 1551 1376 1611 ab
1434 1552 1684 1623 homine
1741 1571 1945 1622 rerum

161 1653 599 1734 literarumque
644 1653 1033 1731 antiquarum
1079 1651 1357 1730 impense
1402 1652 1583 1712 docto
1645 1652 1766 1712 dici
1821 1672 1947 1712 non

160 1754 494 1831 potuisset,
550 1755 605 1813 si
647 1751 933 1812 Herculis
978 1748 1151 1808 Idaei
1201 1762 1263 1808 et
1318 1763 1658 1811 ceterorum
1714 1753 1946 1830 Dacty-

158 1853 358 1912 lorum
401 1853 616 1930 religio
671 1852 1115 1931 antiquissimis
1178 1851 1559 1930 temporibus
1614 1872 1727 1933 per
1783 1853 1946 1912 colo-

159 1971 271 2013 nos
318 1951 635 2013 Cretenses
677 1950 1035 2031 Olympiam
1081 1952 1378 2011 translata
1423 1963 1485 2012 et
1526 1955 1591 2012 in
1632 1953 1750 2013 hoc
1794 1954 1946 2013 cele-

161 2053 429 2113 berrimo
499 2052 796 2112 Graeciae
861 2052 1142 2111 literatae
1210 2054 1488 2132 emporio
1546 2057 1945 2135 monimentis

164 2153 426 2232 publicis
470 2151 551 2212 ad
594 2153 976 2231 posteritatis
1006 2154 1368 2212 memoriam
1408 2164 1762 2214 consecrata
1797 2155 1946 2213 fuis-

161 2265 268 2313 set„
372 2255 506 2313 Imo
549 2249 908 2314 Herodotus
966 2251 1128 2309 hunc
1174 2251 1566 2330 Dactylicum
1614 2252 1944 2314 Herculem

163 2354 282 2413 sibi
350 2363 563 2413 notum
632 2371 766 2412 esse
835 2363 1041 2428 negat3
1111 2370 1376 2432 namque
1431 2354 1689 2429 Tyrium
1747 2374 1946 2427 suum,

163 2471 342 2533 quem
401 2456 675 2534 primus,
746 2461 815 2512 ut
874 2453 1009 2530 ipse
1062 2452 1387 2528 gloriatur,
1454 2455 1532 2513 ab
1589 2454 1798 2513 Heroe
1856 2455 1947 2514 di-

159 2554 374 2613 stinxit
429 2554 503 2612 Π.
560 2552 662 2612 44.
733 2550 990 2610 deorum
1064 2551 1497 2633 Olympiorum
1563 2573 1751 2614 unum
1813 2575 1948 2615 esse

162 2656 405 2728 statuit,
459 2653 639 2714 illum
682 2670 833 2713 vero
878 2651 1134 2712 Idaeum
1173 2655 1515 2734 quicunque
1559 2675 1947 2717 memorave-

161 2765 333 2828 runt,
389 2754 668 2831 Dactylis
728 2751 1168 2831 adjunxerunt,
1224 2771 1377 2832 quos
1436 2773 1617 2813 nemo
1677 2774 1945 2836 unquam

166 2853 526 2915 coelestibus
572 2853 692 2913 diis
737 2855 1101 2931 aggregavit.
1189 2854 1435 2912 Praeter
1480 2866 1747 2930 ceteros,
1793 2875 1946 2937 quos

159 2953 291 3030 jam
334 2954 769 3035 produximuS,
826 2951 1038 3013 Cicero
1084 2954 1155 3014 N.
1199 2954 1277 3012 D.
1322 2954 1424 3013 ΙΙΙ.
1477 2955 1570 3015 16.
1628 2976 1735 3016 sex
1791 2957 1949 3017 Her·

170 3052 331 3112 cules
396 3055 584 3116 fuisse
666 3054 884 3126 refert,
965 3074 1223 3134 quorum
1293 3053 1607 3116 Tertius
1677 3069 1793 3117 est
1859 3078 1947 3117 ex

172 3151 430 3214 Idaeis
503 3155 895 3234 DactyliS,
968 3157 1089 3214 cui
1162 3154 1494 3216 inferias
1560 3158 1945 3230 afferunt,

175 3250 277 3310 ubi
333 3273 454 3313 non
497 3258 687 3335 magis
734 3254 870 3316 Coi
916 3275 1097 3335 quam
1146 3253 1415 3315 Cretes
1461 3259 1643 3318 inseri
1683 3270 1944 3340 oportet,

174 3369 365 3430 neque
421 3357 667 3416 omnino
729 3354 850 3418 ullo
916 3357 1344 3436 supplemento
1403 3375 1562 3438 opus
1620 3372 1738 3432 est,
1800 3379 1948 3439 quo-
