2150 3814
232 193 396 255 1160
786 206 1018 252 LIBER
1074 207 1436 252 TERTIUS.

222 340 492 419 suscepit
533 337 788 399 Nonnus
832 334 994 396 XIV.
1029 334 1131 396 25.
1176 336 1484 401 Δάκτυλοι
1521 338 1730 400 Ἰδαῖοι
1770 367 1853 397 ÷‘—-
1892 364 1989 424 γη

219 441 419 525 γενέες
476 436 875 518 Κορύβαντες
929 474 1012 481 —
1069 432 1158 499 ὧν
1226 460 1370 499 ποτε
1428 437 1581 517 Ῥείη
1641 441 1706 500 ἐκ
1762 440 2000 517 χθονὸς

222 540 657 602 αὖτοτέλεστον
715 534 1135 616 ἀνεβλάστησε
1188 537 1506 620 γενέθλην.
1567 548 1628 595 et
1672 536 1874 596 Schol.
1900 536 1999 594 ad

217 637 554 717 Hephaest.
601 656 660 715 p.
711 632 926 698 158.ψὸ
971 633 1276 706 δάκτυλος
1310 638 1439 700 ἀπὸ
1475 644 1606 700 τῶν
1642 633 2001 706 Δακτύλων,

219 739 330 807 οὓς
385 737 794 818 ἐπιλαβομένη
838 743 956 815 τῆς
1006 742 1118 819 γῆς
1172 737 1398 815 ἀνῆκεν
1454 736 1493 815 ἦ
1529 737 1698 810 Ῥέα,
1742 737 1851 806 οὓς
1894 735 2000 798 καὶ

217 843 543 920 Κουρῆτας
597 835 893 900 ἐκάλεσαν
936 872 1021 881 -
1076 837 1136 898 οἳ
1189 835 1338 898 δέκα
1382 837 1556 905 ὄντες
1595 837 1710 899 τὸν
1751 835 2000 919 Κρόνον

214 934 588 1017 ἠπάτων[“].
675 936 866 1017 quue
911 935 1281 1015 Sophoclem
1327 953 1587 1015 quoque,
1630 938 1735 1017 qui
1769 935 2002 1012 Dacty-

212 1037 310 1097 los
355 1036 656 1115 Phrygiae
698 1038 988 1110 asseruit,
1048 1046 1252 1096 ratum
1293 1034 1580 1104 habuisse
1624 1055 1701 1095 ex
1744 1053 1817 1095 eo
1845 1036 2005 1095 ‘sciri

212 1145 450 1218 potest,
495 1137 661 1217 quod
703 1148 965 1197 matrem
1009 1156 1224 1197 eorum
1266 1136 1499 1196 Rheam
1543 1134 1841 1218 prodidit,
1884 1136 2004 1198 nisi

216 1237 523 1297 Zenobius
591 1237 756 1297 fallit
827 1236 929 1296 IV.
986 1237 1086 1297 80.
1157 1238 1381 1319 Κέλμις
1441 1237 1526 1306 εἷς
1578 1244 1710 1300 τῶν
1758 1235 2003 1300 Ἰδαίων

213 1335 560 1411 Δακτύλων
618 1337 732 1416 τὴν
775 1340 1011 1419 μητέρα
1046 1338 1222 1400 Ῥέαν
1261 1336 1529 1420 ὑβρίσας
1571 1337 1678 1399 καὶ
1718 1336 1804 1418 μὴ
1845 1336 2001 1399 ὑπο-

212 1434 546 1519 δεξάμενος
608 1433 745 1514 (sic)
802 1436 923 1499 ὑπὸ
978 1443 1110 1500 τῶν
1166 1436 1460 1518 ἀδελφῶν
1503 1437 1775 1516 εὐμενῶς
1818 1440 1886 1499 ἐν
1927 1444 2002 1515 τῇ

217 1536 379 1618 Ἴδῃ·
438 1537 546 1618 ἀφ’
605 1531 680 1598 οὗ
726 1536 758 1598 ὃ
804 1533 1216 1620 στερεώτατος
1259 1536 1494 1621 ἐγένετο
1541 1535 1808 1618 σίδηρος.
1864 1536 2003 1597 Μέ-

212 1654 445 1718 μνηται
485 1643 594 1716 τῆς
638 1636 913 1720 ἱστορίας
957 1643 1288 1720 Σοφοκλῆς
1332 1637 1399 1700 ἓν
1435 1634 1764 1718 Σατύροις·
1810 1634 2005 1716 quod-

214 1755 334 1816 que
388 1737 561 1817 ipsos
619 1737 887 1817 quinque
944 1755 1145 1797 mares
1187 1735 1568 1816 totidemque
1611 1736 1872 1796 feminas
1914 1737 2000 1795 in-

214 1835 424 1908 duxit,
493 1836 666 1909 illos‚
728 1846 800 1895 ut
853 1837 1147 1910 arbitror,
1209 1835 1492 1908 dextrae,
1550 1837 1664 1896 hos
1719 1838 2007 1896 sinistrae

210 1955 432 1996 manus
486 1937 589 1996 vel
645 1955 863 2017 pressu
918 1938 1020 1998 vel
1055 1938 1224 2016 jactu
1273 1944 1477 2009 ortos»,
1532 1937 1690 1995 sicut
1732 1935 2005 1996 Artemi-

213 2035 404 2097 dorus
461 2034 643 2095 docet
696 2037 741 2096 Ι.
785 2037 886 2096 42.
943 2037 1160 2096 dextra
1215 2055 1445 2109 mares,
1505 2035 1688 2096 laeva
1742 2035 2004 2096 feminas

212 2123 533 2217 portendi,
587 2154 816 2215 neque·
843 2136 1013 2196 aliud
1058 2136 1431 2213 significasse
1473 2133 1765 2196 videntur
1807 2135 2004 2214 Lugo-

213 2236 462 2317 graphi,
520 2237 627 2316 qui
681 2238 969 2316 quamvis
1031 2245 1210 2296 aucto
1265 2235 1672 2312 Dactylorum
1726 2253 2006 2310 numero,

212 2346 426 2400 tamen
484 2335 734 2397 dextros
789 2348 853 2397 et
905 2338 1188 2396 sinistros
1233 2335 1606 2415 distinguere
1648 2355 1774 2396 non
1820 2336 2007 2397 desti-

214 2445 452 2496 terunt:
510 2436 869 2520 Φερεκύδης
924 2438 1070 2507 τοὺς
1127 2436 1245 2518 μὲν
1301 2439 1539 2509 δεξιοὺς
1581 2438 1774 2500 εἴκοσί
1815 2461 2004 2520 φησιν
2045 2512 2050 2518 ,
2103 2478 2106 2484 ·

216 2538 410 2611 εἶναι,
467 2537 614 2608 τοὺς
668 2536 737 2599 δὲ
783 2534 1144 2619 εὐωνύμους
1185 2536 1522 2619 τριάκοντα
1566 2535 1714 2599 δύο·
1761 2539 2003 2621 ἀριστε-
2087 2581 2090 2591 ‹

213 2637 317 2721 ροὶ
369 2635 522 2720 μὲν,
579 2638 663 2708 ὥς
719 2658 871 2720 φησι
929 2634 1316 2720 Φερεκύδης,
1388 2639 1447 2699 οἱ
1498 2634 1712 2722 γόητες
1770 2640 2003 2713 αὐτῶν,

215 2738 406 2810 δεξιοὶ
448 2736 519 2802 δὲ
563 2739 622 2801 οἱ
666 2735 1060 2810 ἀναλύοντες,
1106 2739 1188 2808 ὥς
1215 2759 1407 2820 φησιν
1432 2737 1774 2808 Ἑλλάνικος
1803 2737 2002 2796 Schol.

338 2894 412 2951 [θ]
464 2895 537 2938 Ob
566 2895 731 2938 formae
761 2895 973 2952 quandam
1012 2894 1329 2937 similitudinem
1372 2894 1553 2950 paeonia
1596 2908 1747 2936 nomen
1785 2893 2004 2950 accepisse

216 2953 393 2997 videtur
421 2958 702 3012 Πειτέβορος
730 2959 775 2996 et
798 2953 955 2998 Ἰδαῖοι
986 2949 1211 2997 Δάκτυλοι
1241 2953 1439 2997 Dioscor.
1478 2953 1531 2995 L.
1563 2953 1644 2994 ΙΙΙ.
1688 2952 1785 2994 157.
1825 2967 1866 3008 p.
1901 2952 2000 2996 190.

217 3027 259 3056 a·
290 3013 429 3055 Poeta
459 3011 526 3055 De
556 3013 723 3056 viribus
754 3014 903 3056 herbb.
934 3028 975 3055 v.
1002 3010 1102 3054 147.
1131 3010 1188 3065 ἣν
1217 3026 1326 3056 ποτε
1357 3015 1628 3070 πεντέβορον
1657 3013 1708 3053 κλ
1715 3007 1862 3071 ᾑζουσι
1883 3009 2001 3064 Ῥέης

216 3072 430 3124 πολιῆται
460 3068 667 3141 κύμβαλα
700 3072 750 3116 δὲ
783 3075 985 3142 Φρυγίης
1013 3070 1181 3130 μητρὸς
1209 3069 1430 3129 μακάρων
1457 3074 1557 3140 βασι
1547 3072 1737 3126 ιλίσσης
1778 3074 2003 3141 Κρηταεές

216 3129 271 3173 δὲ
311 3152 368 3160 —
422 3126 571 3188 Γλάβρ
576 3145 684 3184 ηνον
739 3127 1003 3189 (κουρὴτων
1045 3130 1206 3172 emend.
1250 3130 1418 3184 Fabr.)
1470 3125 1674 3198 κλῄζουσι
1724 3125 2003 3188 φερώνυμον

219 3184 453 3231 ἀθανάτου
482 3190 580 3246 γῆς.
612 3189 770 3231 Pollux
800 3190 860 3232 ΙΙ.
893 3187 989 3232 156.
1022 3186 1124 3238 τοὺς
1147 3187 1338 3237 Ἰδαίους
1361 3175 1620 3236 Λακτύλοςυ
1645 3189 1894 3241 κεκλῆσθαι
1924 3188 1999 3230 λέ-

219 3260 382 3317 γουσιν
411 3247 456 3289 οι
483 3248 571 3319 μὲν
602 3263 714 3291 κατα
755 3247 834 3293 τὸν
873 3245 1072 3318 ἀριθμὸν
1114 3245 1180 3291 ὅτι
1226 3251 1380 3295 πέντε
1428 3249 1470 3290 οἱ
1511 3247 1560 3289 δὲ
1603 3262 1714 3289 κατα
1744 3262 1793 3290 το
1826 3248 1877 3305 τῆ
1903 3243 1998 3298 Ῥέᾳ
2054 3296 2056 3298 γ

219 3303 494 3407 {movqysfm
540 3304 602 3349 ὅτι
639 3309 715 3350 καὶ
747 3310 790 3351 οἱ
831 3310 904 3359 τῆς
936 3321 1006 3363 χει
1013 3304 1088 3362 ρὸς
1130 3302 1341 3349 δάκτυλοι
1383 3320 1499 3361 τεχιι
1490 3309 1582 3348 frat
1618 3319 1661 3347 τε
1704 3307 1779 3347 καὶ
1824 3303 2002 3347 πάντων

245 3379 400 3423 ργαται
