2150 3814
733 216 1309 272 SAMOTHRAclA.
1761 210 1921 272 1141

146 369 384 422 constat
426 359 668 431 fabulis»,
713 374 872 437 quae
914 355 1101 415 latius
1133 362 1349 434 patent
1392 370 1574 437 quam
1620 361 1688 412 ut
1731 357 1928 431 etymi

146 478 331 521 causa
371 461 673 521 inventae·
699 455 1045 518 videantur.

316 556 703 636 Theogoniae
732 548 734 550 ’
761 555 1065 637 Orphicae
1109 553 1359 632 adjungi
1402 542 1506 615 vel
1549 551 1706 613 adeo
1751 571 1929 633 prae-

145 659 294 738 poni
359 667 573 736 posset
637 655 1026 738 Epimenidis
1094 673 1340 715 carmen
1412 652 1754 738 Κουρήτων
1824 654 1932 717 καὶ

142 754 576 838 Κορυβάντων
616 759 850 844 γένεσις
891 758 1254 838 inscriptum
1270 799 1287 828 ‚
1352 755 1407 814 si
1450 763 1651 815 certus
1695 762 1933 814 extaret

141 864 387 931 auctor3
431 855 540 917 sed
582 857 815 918 Laertii
858 858 1024 918 illius
1067 874 1368 937 nusquam
1415 862 1551 914 tuta
1592 853 1763 914 fideS.
1824 853 1934 915 Se·-

143 956 353 1034 quitur
408 976 550 1036 ergo
596 958 1007 1035 Pherecydes,
1074 959 1178 1036 qui
1221 957 1462 1037 primus
1507 952 1934 1031 Corybantum

140 1055 465 1118 numerum
533 1069 595 1117 et
660 1058 869 1118 sedem
925 1055 1205 1138 prodidit
1257 1055 1360 1114 Fr.
1403 1051 1629 1113 XXXI.
1679 1051 1818 1113 152.
1873 1058 1936 1125 ἐξ

137 1154 513 1227 Ἀπόλλωνος
547 1158 673 1220 καὶ
719 1157 963 1227 Ῥυτίας
1017 1154 1433 1239 Κορύβαντας
1488 1154 1718 1219 ἐννέα·,
1765 1151 1935 1234 οἰκῆ-

143 1275 251 1317 σαι
292 1257 361 1318 δ’
406 1258 636 1327 αὐτοὺς
680 1261 748 1320 ἐν
791 1254 1214 1339 Σαμοθρᾴκῃ.
1314 1255 1414 1316 De
1457 1263 1636 1336 patre
1680 1254 1934 1315 consen-

139 1354 304 1414 tiunt
355 1356 779 1438 Apollodorus
835 1367 897 1417 et
952 1356 1153 1417 Schol.
1198 1356 1493 1435 Lycq77.
1552 1352 1935 1433 Corybantes

138 1453 449 1534 Apollinis
493 1468 556 1517 et
599 1458 855 1519 Thaliae
896 1457 1113 1518 Musae
1155 1451 1318 1518 filios
1361 1456 1777 1538 perhibenteS‚
1822 1455 1935 1516 sed

140 1552 325 1632 hujus
381 1559 772 1637 genealogiae
816 1577 974 1639 quae
1033 1560 1114 1618 sit
1152 1559 1349 1631 ratio,
1407 1565 1624 1616 neuter
1669 1555 1936 1638 explicat

141 1671 340 1734 neque
381 1657 562 1718 facile
603 1661 983 1732 invenietur,
1039 1651 1159 1718 nisi
1203 1657 1368 1738 quod
1411 1659 1506 1716 illi
1548 1659 1828 1738 pernices
1873 1666 1938 1716 et

141 1754 457 1835 irrequieti
513 1760 836 1822 saltatores
894 1779 932 1819 a
987 1759 1105 1818 deo
1161 1759 1398 1818 musico
1443 1776 1570 1816 non
1615 1758 1802 1816 alieni
1844 1751 1938 1818 vi*-

142 1853 382 1915 dentur.
466 1857 655 1918 Haud
710 1862 916 1920 minor
973 1858 1282 1918 dubitatio
1330 1857 1408 1918 de
1451 1858 1686 1935 Rhytia
1729 1867 1937 1918 utrum

143 1952 386 2016 Cretica
440 1960 718 2042 nympha
764 1944 870 2022 ⁴sit
926 1979 1006 2020 an
1063 1959 1366 2039 Trojana3
1427 1976 1573 2019 nam
1627 1960 1693 2018 in
1754 1957 1945 2019 Creta

142 2053 304 2116 duae
367 2058 618 2120 fuerunt
685 2060 903 2135 urbes,
973 2060 1138 2121 unde
1197 2078 1423 2120 nomen
1478 2058 1638 2119 illud
1686 2058 1939 2120 ductum

144 2156 347 2219 videri
411 2170 648 2241 potest,
713 2161 1050 2244 Ῥειθύμνη
1106 2163 1242 2223 sive
1289 2159 1631 2241 Ῥιθυμνία
1687 2169 1751 2220 et
1799 2159 1941 2224 Ῥύ-

142 2281 317 2332 τιον,
388 2261 454 2319 in
511 2261 755 2321 Troade
808 2282 960 2324 vero
1018 2261 1323 2344 oppidum
1371 2260 1692 2335 Ῥοίτειον,
1772 2260 1941 2340 quod

141 2360 349 2437 ipsum
416 2361 690 2439 Rhytion
747 2375 1021 2425 vocatur.
1084 2383 1147 2424 v.
1206 2361 1543 2422 Tzsehuck.
1599 2360 1681 2421 ad
1738 2362 1940 2422 Strab‘.

142 2458 306 2519 XIII.
363 2460 507 2521 321.
563 2464 831 2526 Dorvill.
890 2464 971 2524 ad
1029 2461 1258 2524 Charit.
1316 2482 1377 2542 p.
1432 2459 1576 2522 251.
1646 2472 1708 2521 et
1776 2481 1941 2523 com-

142 2579 395 2622 munem
474 2582 612 2624 cum
688 2565 800 2625 illo
883 2573 1092 2624 ortum
1171 2562 1359 2623 habet
1424 2582 1463 2622 a
1529 2562 1723 2624 verbo
1793 2568 1939 2645 ῥεῖν.

149 2661 266 2721 Pro
339 2660 579 2725 Cretica
651 2655 1078 2744 Corybantum
1149 2666 1383 2742 origine
1451 2664 1657 2729 afferri
1711 2671 1940 2742 potest,

146 2763 312 2843 quod
381 2765 680 2845 Theologi
746 2785 846 2847 ap.
913 2764 1035 2827 Cic.
1093 2765 1164 2827 N.
1221 2765 1301 2824 D.
1358 2763 1464 2823 ΙΙΙ.
1521 2763 1622 2824 23.
1679 2763 1942 2843 quatuor

147 2862 507 2943 Apollinum
563 2866 899 2929 secundum
953 2874 1282 2927 numerant
1326 2862 1806 2941 Corybantis
1851 2863 1943 2924 fi-

150 2962 340 3025 lium
405 2969 486 3027 in
550 2966 786 3029 Creta
848 2977 1147 3041 natum,
1215 2976 1277 3026 et
1336 2965 1597 3025 Tzetzes
1655 2962 1736 3023 ad
1790 2959 1939 3024 Hes.

154 3062 314 3145 opp.
368 3085 428 3127 v.
488 3069 540 3128 l.
601 3089 662 3150 p.
719 3067 821 3130 25.
907 3068 1354 3148 Palaephatum
1408 3064 1783 3135 Ἀπόλλωνος
1825 3069 1940 3128 τοῦ

154 3163 522 3247 Κάρβαντος
562 3172 669 3234 καὶ
717 3169 992 3245 Θαλείας,
1037 3169 1146 3229 ubi
1182 3167 1363 3228 facile
1397 3164 1634 3245 Cyrbas
1667 3166 1941 3245 agnosci-

155 3326 249 3374 tur,
290 3323 561 3379 Corybantes
591 3333 636 3372 et
665 3328 897 3372 Cherubim
927 3329 1038 3372 idem
1079 3328 1283 3371 valebant
1327 3340 1365 3367 v.
1408 3325 1522 3368 Gale
1563 3324 1617 3367 ad
1660 3322 1857 3381 Apollod.
1903 3323 1937 3364 Ι.

157 3396 197 3437 p.
229 3381 270 3423 7.
316 3381 509 3427 Clericus
540 3386 593 3429 ad
624 3386 805 3436 Lucian.
848 3389 904 3432 Τ.
937 3388 1013 3431 VI.
1044 3385 1141 3429 641.
1439 3384 1441 3386 ’
