2150 3814
203 181 364 242 1078
735 191 970 237 LIBER
1013 194 1445 254 ssspUNDUS.

198 327 267 391 δὲ
325 325 498 391 ἆθλα
553 326 838 388 τίθενται
891 328 1025 391 ταῖς
1079 322 1410 402 παννυχίσι
1452 329 1542 404 τῷ
1585 322 1966 407 ὃιαγρυπνή-

200 449 397 491 σαντι.
457 423 564 483 ubi
617 423 828 502 plura,
883 420 1101 500 quibus
1147 420 1472 481 discrimen
1511 422 1826 502 utriusque
1868 443 1972 500 ge-

198 529 361 586 neris
430 521 801 592 traderetur,
871 519 1168 579 excidisse
1220 521 1539 595 videntur,
1600 523 1690 581 sic
1740 531 1810 581 ut
1863 541 1974 602 po-

199 637 427 686 strema
485 639 609 680 non
665 618 743 678 de
797 618 1125 699 pyramide
1179 621 1290 679 sed
1333 621 1409 680 de
1452 633 1823 702 pyramunte
1865 641 1975 682 seu

197 728 571 805 pyramunto
599 718 955 799 accipienda
979 719 1132 790 sint,
1176 738 1356 797 quem
1377 723 1444 780 in
1464 723 1802 802 pervigiliis
1835 741 1975 782 con-

197 823 515 900 viviisque.
549 821 735 879 sacris
781 829 842 878 et
881 817 1156 897 profanis
1201 819 1538 881 victoribus
1587 821 1978 883 distributum

200 939 334 981 esse
377 920 507 979 fere
553 937 764 980 omnes
799 919 1200 978 consentiunt.
1235 918 1444 996 Etym.
1478 919 1563 979 M.
1598 939 1646 980 s·
1675 923 1979 1004 Κοτταβί-

200 1022 286 1097 ζω
307 1041 319 1052 ·
362 1018 564 1083 Ἄθλα
620 1022 679 1082 οἱ
720 1026 1012 1088 νικῶντες
1056 1018 1415 1102 ἐλάμβανον
1457 1022 1982 1092 πλακουντίσκους

199 1128 646 1203 πυραμοῦντας
702 1118 742 1197 ἢ
798 1126 1249 1200 σησαμοῦντας.
1304 1119 1662 1181 Plutarchus
1703 1123 1772 1182 in
1814 1124 1983 1182 exitu

202 1221 552 1299 Symposii:
607 1226 936 1301 πυραμοῦς
991 1219 1296 1301 ἒςεφὲρετο
1349 1227 1480 1290 τοῖς
1520 1222 1698 1285 παισὶ
1737 1221 1983 1302 νικητή-

103 1390 109 1398 ,
202 1345 340 1402 ριον
410 1317 730 1400 ὀρχήσεως.
801 1317 1176 1376 Artemidor.
1234 1319 1279 1377 Ι.
1333 1321 1434 1380 72.
1489 1341 1550 1401 p.
1607 1320 1707 1382 61.
1762 1324 1985 1385 κοπταὶ

202 1417 370 1495 (add.
414 1416 544 1494 καὶ)
604 1415 938 1496 σησαμίδες
992 1419 1098 1479 καὶ
1150 1421 1430 1500 πυραμοὶ
1472 1422 1717 1506 ἀγαθαὶ
1759 1430 1982 1486 πᾶσιν·

200 1516 280 1597 ἦν
322 1518 443 1603 γὰρ
490 1518 522 1579 oc
567 1516 855 1596 πυραμὸς
896 1517 1065 1598 παρὰ
1108 1524 1237 1587 τοῖς
1271 1527 1552 1589 παλαιοῖς
1587 1521 1875 1592 ἐπινίκιος
1892 1518 1983 1601 [¹²].

205 1617 406 1677 Schol.
450 1615 623 1675 Pind.
670 1615 765 1674 Ol.
800 1615 904 1676 IX.
946 1615 997 1674 l.
1044 1617 1076 1678 ὃ
1122 1626 1449 1699 πυραμοῦς
1492 1620 1653 1690 εἶδος
1677 1629 1986 1685 πλακοῦν-

203 1743 308 1787 τος
362 1722 427 1779 ἐκ
468 1718 708 1797 μέλιτος
753 1719 962 1797 ἑφθοῦ
1005 1717 1111 1778 καὶ
1151 1725 1363 1799 τυρῶν
1409 1718 1546 1798 (scr.
1590 1721 1838 1802 πυρῶν)
1882 1745 1990 1784 πε-·-

207 1817 618 1902 φρυγμὲνων·
689 1823 891 1877 ταῦτα
961 1815 1030 1878 δὲ
1090 1817 1384 1880 ἐτίθεσαν
1437 1815 1611 1881 ἆθλα
1665 1827 1794 1890 τοῖς
1847 1822 2034 1885 δια-4

202 1921 584 2002 γρυπνηταῖς
663 1914 1024 1994 quibuscum
1092 1927 1429 1994 congruunt
1495 1917 1988 2000 Lexicographo-

205 2036 342 2075 rum
412 2016 766 2074 testimonia
834 2017 1175 2075 notissima.
1245 2016 1598 2076 Athenaeus
1658 2016 1793 2078 XV.
1845 2020 1990 2080 686.

210 2113 274 2174 C.
324 2114 650 2197 χαρισίους
704 2116 916 2177 vocari
961 2115 1110 2174 dicit
1152 2117 1466 2195 placentas
1479 2158 1498 2189 ‚
1544 2135 1700 2195 quae
1742 2120 1810 2177 in
1851 2139 1992 2199 per-

205 2215 434 2291 vigiliis
481 2214 803 2273 saltatores
848 2215 1151 2293 accipiant
1169 2211 1265 2296 [d]‚
1310 2216 1531 2297 quibus
1574 2216 1775 2276 simile
1817 2237 1992 2298 prae-

206 2316 400 2374 mium
450 2324 890 2374 commemorat
930 2313 1309 2392 Hesychius:
1354 2317 1657 2401 Συρμαία
1702 2316 1878 2403 ἅγιόν
1899 2343 1993 2391 τις

209 2417 277 2476 ἐν
330 2414 762 2495 Λακεδαίμονι
819 2417 1098 2479 ἔπαθλον
1156 2418 1313 2495 ἔχων
1357 2417 1705 2500 συρμαίαν·
1752 2421 1879 2480 ἔστι
1921 2419 1998 2481 δὲ

208 2515 441 2594 βρῶμα
495 2514 605 2576 διὰ
663 2515 910 2583 στέατος
962 2515 1068 2576 καὶ
1120 2517 1376 2596 μέλιτος.
1467 2514 1648 2589 Quod
1691 2532 1990 2598 superest,

210 2610 463 2675 πόπανα
505 2611 922 2696 πολυόμφαλα
965 2611 1042 2671 ab
1087 2615 1314 2674 usitato
1350 2615 1772 2696 placentarum
1806 2621 1991 2679 sacri-

127 2728 132 2731 ’
210 2711 479 2771 ficalium
522 2697 887 2791 praesertim
945 2725 1306 2774 ornamento
1351 2720 1779 2794 cognominata
1821 2729 1991 2794 sunt3

333 2920 404 2979 [b]
439 2922 595 2965 Utrum
617 2921 837 2984 ,πυραμός
864 2923 1121 2966 deminutum
1150 2927 1208 2969 sit
1236 2941 1288 2968 ex
1318 2931 1558 2987 πυραμοῦς
1589 2934 1790 2986 correpta
1818 2936 1989 2986 postre-

214 2992 283 3020 ma
311 2985 361 3021 ut
391 2978 570 3036 διπλός,
611 2979 773 3038 ἅπλός,
810 2996 865 3024 an
895 2983 1113 3038 proprium
1144 2999 1392 3042 paragogae
1421 3001 1555 3043 genus
1584 2995 1633 3030 ut
1663 2988 1872 3048 οὐλαμός,
1906 2985 1987 3047 ὅρ-

215 3052 384 3093 χαμος,
434 3040 733 3098 ἕμπείραμος,
787 3041 1014 3096 aliquando
1058 3044 1301 3086 accuratius
1342 3046 1629 3101 quaerendum
1667 3048 1765 3090 erit.
1839 3047 1990 3090 Altera

215 3095 419 3150 adjectivi
451 3100 589 3140 forma
619 3106 685 3141 est
716 3096 988 3158 πυράμινος,
1031 3107 1080 3142 ut
1110 3098 1400 3159 κριθάμινος,
1444 3100 1704 3161 συκάμινος.

333 3209 410 3266 [d]
471 3212 591 3256 Idem
621 3216 922 3271 Aristophanis
963 3217 1096 3258 verba
1129 3214 1342 3278 ἡμέτερος
1389 3217 1412 3262 ὁ
1454 3223 1691 3278 πυραμοῦς
1729 3221 1988 3277 interpreta-

213 3271 284 3310 tur
327 3266 547 3326 ἡμέτερον
589 3270 637 3315 τὸ
679 3271 941 3331 τερμάτιον,
981 3275 1056 3316 ubi
1097 3273 1355 3332 πεμμάτιον
1401 3278 1542 3333 potius
1584 3292 1709 3335 quam
1751 3276 1984 3336 θεμάτων,

214 3326 327 3381 quod
361 3327 602 3372 Boeckhius
632 3333 869 3387 probabat,
902 3332 1187 3390 reponendum
1214 3335 1395 3377 videtur.
