2184 3840
244 232 376 294 846
792 246 1029 290 mena
1071 245 1500 290 SECUNDUS.

246 376 502 457 quilibet
535 392 693 434 unus
717 395 763 433 .e
793 390 970 452 grege
1004 372 1370 434 criticorum
1397 375 1511 456 [¹¹²].
1573 375 1846 434 Primum
1878 374 2026 453 quid

247 477 647 554 significaret,
694 494 776 534 ex
818 473 1077 533 historia
1119 477 1397 550 cognosci
1438 484 1711 554 poterat5
1763 473 1892 532 duo
1934 492 2027 532 re-

244 576 413 656 liqua
457 585 527 633 ut
570 585 744 633 metra
785 574 1099 650 vulgarem
1144 588 1324 631 usum
1366 574 1574 652 posita
1616 575 1771 646 sint,
1819 583 2029 632 tamen

245 674 557 734 difficilem
600 674 980 752 explicatum
1024 688 1150 730 non
1186 671 1430 731 habent.
1516 673 1616 733 Ad
1655 682 2027 744 extremum,

246 777 299 833 si
347 771 496 852 quid
539 790 759 850 parum
802 772 1122 850 perspicue
1168 769 1398 830 dictum
1458 770 1799 847 videretur,
1855 789 2028 853 prae-

244 882 340 931 sto
416 880 620 942 erant,
683 870 789 950 qui
857 868 1312 929 consulentibus
1373 886 1624 931 omnem
1691 874 2031 932 eximerent

245 971 697 1030 dubitationem
741 980 803 1030 et
844 986 1134 1042 erronem,
1171 978 1467 1047 exegetae
1510 971 1830 1052 Delphici,
1872 987 2029 1051 quos

244 1070 323 1130 de
357 1069 670 1148 ambiguis
708 1072 1024 1150 responsis
1066 1072 1131 1137 in
1177 1070 1502 1129 consilium
1543 1066 1854 1130 adhibitos
1893 1081 2031 1131 esse

241 1181 506 1230 testam:
560 1168 897 1231 Pausanias
952 1170 1033 1230 X.
1096 1167 1190 1229 10.
1242 1171 1306 1229 3.
1393 1187 1590 1250 neque
1644 1186 1770 1230 non
1822 1161 2061 1252 ipsam‘

245 1271 535 1348 Pythiam
579 1270 658 1329 de
676 1291 678 1293 ’
696 1269 918 1330 eadem
962 1271 1045 1330 re
1070 1270 1167 1329 bis
1204 1267 1630 1331 dubitantibus
1675 1271 1846 1331 adire
1886 1272 2025 1331 lice-

242 1371 350 1431 bat
404 1369 680 1430 Hei-odo.
733 1372 787 1429 Ι.
842 1370 943 1430 91.
1030 1369 1258 1430 Anecd.
1314 1370 1506 1430 Bekk.
1560 1373 1606 1431 Ι.
1669 1371 1764 1430 11.
1864 1369 2030 1443 Quid

245 1481 451 1530 autem
498 1489 715 1532 causae
756 1471 907 1543 fuit,
965 1485 1071 1529 cur
1104 1488 1187 1528 <ea
1231 1471 1536 1548 ejusmodi
1578 1471 1898 1532 vocabulis
1934 1480 2030 1531 ut-

245 1581 479 1643 eretur,
528 1589 691 1650 quae
733 1573 1068 1650 intemne‘te
1109 1581 1385 1646 egerent,
1441 1574 1650 1651 potius
1695 1587 1876 1653 quam
1919 1573 2029 1632 tri-

242 1674 328 1731 tis
369 1682 434 1730 et
477 1669 893 1750 quotidianis?
980 1654 1252 1729 Primum
1296 1673 1538 1749 poetria
1589 1681 1761 1746 erat,
1814 1673 2028 1751 vulga-

243 1774 406 1831 rium
472 1771 804 1831 verborum
878 1771 1271 1843 contemtrix,
1341 1770 1564 1830 deinde
1621 1771 1702 1831 ad
1757 1775 2027 1853 patriam

242 1870 632 1950 Delphorum
678 1869 1008 1929 dialectum
1066 1889 1200 1930 sese
1257 1869 1789 1946 accommodabat,
1843 1891 2029 1952 quam

242 1973 438 2033 multa
480 1972 735 2052 propria
787 1972 1075 2031 habuisse
1133 1979 1385 2030 constat.
1485 1971 1742 2032 Photius
1799 1982 1860 2032 et
1914 1973 2029 2032 Zo-

247 2091 428 2132 naras
472 2092 533 2151 p.
578 2071 720 2130 962.
808 2071 1179 2157 Ζύγαστρον
1220 2071 1390 2152 παρὰ
1436 2077 1697 2155 Δελφοῖς
1747 2072 1819 2135 τὸ
1868 2098 2030 2157 χαρ-

239 2170 639 2254 τοφυλάκιον.
702 2171 1063 2229 Plutarchus
1107 2170 1387 2230 Amator.
1438 2192 1486 2231 c.
1531 2171 1764 2231 XXIII.
1809 2173 1911 2232 60.
1957 2172 2027 2233 Τ.

242 2272 380 2332 XII.
480 2271 712 2353 Δελφοὶ
754 2309 840 2316 -
879 2271 994 2350 τὴν
1043 2270 1414 2354 Ἀφροδίτην
1483 2270 1656 2353 ἅρμα
1720 2271 2026 2358 λέγουσιν,

239 2373 307 2432 id
352 2382 463 2445 est,
509 2371 842 2452 ἁρμονίαν,
893 2372 1053 2430 sicut
1094 2371 1319 2431 Aeoles
1365 2389 1638 2430 amorem
1683 2373 1892 2456 ἅρπυν
1935 2364 2027 2432 di-

362 2583 434 2639 [111]
471 2581 710 2626 Muellerus
753 2581 822 2624 De
851 2581 1002 2623 Dorib.
1035 2582 1093 2624 T.
1124 2583 1182 2625 Π.
1214 2580 1315 2626 533.
1356 2583 1438 2625 boc
1477 2580 1667 2641 ὀρεάνας
1706 2599 1800 2628 cum
1841 2582 2028 2646 ἠνόρεος

244 2642 480 2699 componit,
523 2641 637 2698 quod
675 2641 815 2697 ipsum
854 2654 937 2682 non
969 2640 1127 2683 dicitur
1155 2641 1231 2683 sed
1259 2641 1502 2684 femininum
1523 2640 1687 2700 ἠνορέα
1715 2644 1761 2686 in
1789 2644 2026 2688 substanti-

244 2716 343 2744 vum
383 2702 516 2743 vertit
555 2705 605 2742 ut
644 2696 789 2758 ἡμέρα
803 2732 816 2754 ,
862 2699 1049 2756 ἑσπέρα.
1109 2699 1354 2756 Hesychius
1382 2701 1493 2742 haec
1520 2702 1793 2771 suppeditat:
1820 2699 2026 2762 Ἀνόρεος

243 2759 476 2820 ἀνδρεῖος,
504 2753 662 2818 ’Έορες
701 2762 962 2816 συγγενεῖς,
1003 2762 1168 2815 Ηνωρ,
1212 2754 1393 2816 ἅρχων,
1436 2759 1680 2818 Ξυναορων
1710 2760 1914 2822 ἀνδρῶν,
1945 2768 2023 2819 pe-

243 2826 400 2861 stremo
425 2817 651 2876 Ὀρείονας
679 2815 782 2866 τοὺς
810 2811 992 2874 ἄνδρας.
1049 2817 1320 2860 Phavorinus
1354 2816 1574 2877 Ὀρείηνες
1614 2814 1797 2879 ἄνδρες,
1838 2825 2023 2876 uterque

244 2892 295 2918 eo
338 2878 487 2920 ordine
526 2876 748 2919 literarum
787 2879 837 2918 ut
874 2880 1084 2932 appareat
1125 2875 1233 2918 duas
1273 2875 1481 2933 primores
1526 2877 1719 2933 syllabas
1748 2879 2023 2921 emendandas

244 2949 328 2977 non
367 2950 474 2977 esse.
542 2934 789 2986 Albertius,
832 2934 905 2990 qui
942 2933 1151 2989 Hesychii
1193 2934 1404 2989 glossema
1444 2949 1498 2976 ex
1537 2936 1712 2978 oraculo
1741 2928 1816 2979 illo
1844 2936 2023 2980 fluxisse

243 2998 394 3050 putat,
433 2993 696 3052 ὀρεστέρους
735 2992 968 3048 significari
1010 2993 1232 3049 opinatur,
1273 2993 1349 3035 sed
1389 2993 1492 3049 quid
1533 2992 1738 3051 ὀρείονας
1775 2995 1866 3051 sit,
1887 3002 2021 3049 tacet,

244 3056 387 3094 utrum
430 3057 696 3094 contractum
736 3066 791 3094 ex
833 3047 1098 3110 ὀρεονὰους,
1141 3065 1197 3092 an
1227 3051 1283 3093 ab
1314 3047 1479 3111 ὄρειος,
1513 3049 1690 3109 ὀρειάν,
1722 3059 1772 3096 ut
1800 3050 1933 3109 νεᾶν,
1965 3067 2021 3096 an

246 3111 302 3152 ab
344 3106 449 3169 ὅρος
490 3109 628 3167 ὁρίων
667 3118 775 3166 typo
816 3108 1165 3167 ὑποκοριστικῷ,
1207 3114 1258 3152 ut
1294 3113 1591 3169 πορφυρέων,
1634 3113 1893 3170 μαλακίων,
1935 3110 2020 3156 ἆλ-

244 3172 388 3223 μίων,
413 3170 652 3226 χλωρίων,
684 3168 919 3211 ἆκανθίων
947 3174 1028 3210 etc.
1088 3168 1185 3211 Nec
1215 3168 1343 3210 facile
1373 3182 1444 3210 res
1474 3169 1701 3224 dijudicari
1730 3172 1891 3227 poterit
1919 3185 2020 3228 pro-

243 3231 341 3283 pter
380 3226 580 3269 vocabuli
619 3226 675 3268 ad
713 3226 1075 3284 interpretandum
1120 3226 1309 3283 appositi
1338 3227 1681 3283 ambiguitatem,
1724 3229 1838 3283 quod
1867 3234 1914 3271 et
1942 3230 2020 3271 ho-

243 3283 375 3328 mines
414 3285 628 3341 significat
667 3290 711 3326 et
738 3286 855 3328 viros
885 3291 929 3327 et
957 3285 1147 3328 maritos.
1202 3283 1408 3328 Fortasse
1437 3286 1519 3328 viri
1550 3296 1603 3328 ex
1634 3286 1863 3329 collatione
1894 3298 2020 3329 sexus

241 3342 531 3386 imbecillioris
560 3342 667 3386 dicti
698 3351 796 3387 sunt
825 3344 988 3387 aeolice
1017 3342 1235 3403 δ’ρείονες,
1277 3348 1328 3385 ut
1366 3345 1524 3386 mortui
1555 3345 1600 3388 οἱ
1627 3346 1853 3401 πλείονες,
1885 3339 1946 3389 <iii
1973 3346 2020 3389 οἱ

245 3406 503 3462 κρείττονες.
