2150 3814
822 183 1274 265 ossrflch.
1812 209 1934 270 931

152 377 310 439 quae
346 358 482 435 jam
527 354 608 414 ad
651 340 1083 429 mysticorum,
1137 358 1205 408 ut
1247 348 1435 428 paulo
1480 357 1624 408 ante
1669 351 1936 412 ostendi-

155 477 322 530 mus,
383 443 852 531 similithdinem
908 458 1171 527 vergunt
1225 449 1741 529 perspicuumque
1784 449 1938 510 faci-

153 568 283 629 unt,
327 572 512 634 quam
555 536 814 621 (ἢῆΙίνῇ
855 553 937 610 sit
979 564 1018 609 a
1061 549 1324 610 diversis
1368 548 1637 608 exordiis
1681 549 1762 609 ad
1797 568 1940 609 eun.-

153 657 295 719 dem
340 656 573 713 exitum
596 650 601 666 '
621 648 930 717 decursus
996 649 1155 710 Nam
1197 651 1306 730 qui
1350 650 1673 730 qualitates
1716 651 1960 718 utrius-

148 775 272 836 que
326 754 562 821 ordinis
618 754 708 812 sic
764 754 926 810 inter
968 769 1036 809 se
1080 768 1410 828 congruere
1452 761 1829 823 statuerunt,
1873 760 1944 812 ut

152 857 393 914 finitum
450 853 619 934 quod
675 863 863 925 esset,
922 851 1088 910 idem
1150 868 1373 922 unum,
1416 852 1646 929 impar,
1691 850 1944 915 bonum,

153 955 530 1026 masculum,
589 953 859 1012 lucidum
917 961 979 1009 et
1034 962 1235 1008 cetera
1277 967 1411 1008 esse
1454 948 1759 1021 dicerent,
1805 967 1947 1008 con-

154 1057 346 1122 traria
398 1059 607 1120 ⁴‘autem
663 1070 821 1131 quae
877 1050 1055 1110 alteri
1110 1048 1513 1125 subjecissent
1570 1048 1804 1121 ordini,
1849 1050 1946 1108 his

154 1157 368 1233 utique
412 1171 674 1233 pronum
718 1151 853 1222 fuit,
893 1138 1014 1209 has
1047 1150 1331 1208 notiones
1377 1147 1458 1207 ad
1495 1167 1598 1207 eas
1625 1146 1722 1208 res
1749 1157 1948 1211 trans-

152 1255 333 1326 ferre,
379 1267 533 1332 quae
576 1268 773 1330 neque
816 1269 1017 1323 sexus,
1061 1268 1259 1328 neque
1292 1250 1562 1322 numeri,
1607 1268 1806 1328 neque·
1849 1267 1950 1309 co-

153 1355 304 1412 loris
348 1353 681 1433 participes
726 1360 948 1410 essent.
992 1351 1076 1408 Et
1117 1351 1261 1429 quia
1304 1351 1481 1429 paria
1524 1349 1776 1429 paribus
1806 1366 1950 1408 cons-

155 1453 409 1512 cordare
454 1452 859 1512 credebantur
903 1460 966 1511 et
1009 1461 1251 1525 contra,
1296 1451 1439 1510 huic
1482 1452 1762 1530 opinioni
1809 1468 1950 1508 con-

155 1564 518 1621 sentaneum
574 1554 726 1626 fuit,
784 1561 854 1610 ut
911 1552 1221 1623 omnium,
1276 1570 1435 1630 quae
1490 1552 1650 1608 inter
1709 1550 1948 1610 coelum

158 1667 221 1714 et
278 1665 507 1714 terram
564 1661 927 1723 nascuntur,
993 1651 1377 1729 sympathias
1420 1653 1950 1709 comminisceren·

159 1768 259 1815 tur
329 1764 392 1813 et
462 1752 849 1813 diversorum
922 1757 1548 1828 temperamentorum
1612 1750 1951 1809 discordias

161 1855 425 1933 odiaque
480 1854 874 1932 sempiterna.
971 1848 1111 1908 Hoc
1167 1851 1354 1928 igitur
1410 1861 1534 1923 est,
1581 1851 1747 1930 quod
1793 1854 1954 1911 anti-

98 1946 103 1948 *
158 1957 293 2036 quis
349 1954 479 2012 illis·
529 1953 926 2029 syzygiarum
982 1951 1335 2011 auctoribus
1391 1952 1456 2009 in
1499 1951 1785 2011 ‘mentem
1844 1971 1952 2013 ve·

157 2059 325 2114 nisse
367 2071 559 2131 nego,
603 2050 891 2130 idemque
932 2050 1010 2110 de
1053 2053 1268 2111 multis
1312 2052 1469 2110 aliis
1495 2054 1695 2110 sentio
1741 2047 1954 2132 super—

160 2154 545 2224 stitionibuS‚
607 2171 762 2231 quae
817 2151 931 2211 sub
977 2152 1101 2209 alio
1147 2152 1318 2210 coelo
1364 2159 1547 2211 natae
1592 2152 1955 2228 Pythagori-

163 2274 270 2315 cae
329 2253 642 2312 doctrinae
701 2253 875 2329 quasi
936 2270 1046 2330 per
1114 2252 1470 2309 insitionem
1540 2251 1953 2324 inoleverunt,

162 2355 336 2416 velut
378 2352 531 2411 illud
581 2350 658 2408 de
704 2350 943 2409 duobus
987 2352 1307 2430 principiis
1352 2349 1594 2427 dogma,
1642 2370 1679 2410 a
1712 2352 1955 2422 Zarata,

161 2466 231 2514 ut
275 2454 465 2533 aliqui
510 2452 962 2521 existimavere,
1007 2449 1391 2528 Pythagorae
1435 2449 1700 2509 taditum
1719 2448 1804 2530 [i],
1851 2470 1953 2510 cu-

162 2626 262 2668 510.
302 2625 384 2667 hoc
414 2623 583 2678 dogma
598 2592 652 2671 de
680 2633 822 2671 rerum
852 2619 1166 2670 contrariarum
1197 2626 1403 2666 concentu
1445 2634 1471 2662 a
1513 2620 1639 2662 Mose
1674 2626 1953 2693 praeceptum

164 2684 284 2727 dicit.
316 2682 370 2727 οὐ
397 2679 508 2725 τοῦτ’
542 2681 663 2724 ἐστι)
693 2676 717 2723 ὅ
749 2689 894 2749 φασιν
921 2674 1130 2732 Ἓλληνες
1165 2676 1246 2722 τὸν
1283 2682 1363 2736 μέ)
1364 2693 1434 2720 m
1469 2675 1761 2749 ἹΙράκλειτον
1801 2677 1951 2737 κεφά-

165 2747 296 2786 λαιον
324 2745 399 2796 τῆς
429 2739 568 2782 αὐτοῦ
593 2735 971 2799 προστησάιιένον
1001 2739 1280 2810 φιλοσοφίας
1310 2738 1466 2794 αὐχεῖν
1498 2735 1558 2786 ὠς
1587 2735 1663 2785 evi-4»
1641 2742 1759 2781 θέσει
1791 2741 1950 2797 καινῇς

165 2799 363 2844 παλαιὸν
390 2797 479 2871 γὰρ
510 2794 587 2854 εὕρ
589 2799 679 2855 ἑαα
710 2795 944 2844 Νίωυσέὼς
973 2796 1066 2839 ἐστὶ
1096 2794 1146 2840 τὸ
1177 2798 1228 2840 ἐκ
1259 2800 1338 2839 τοῦ
1370 2796 1508 2839 αὐτοῦ
1539 2793 1592 2838 τὰ
1623 2797 1702 2839 ἕνα
1732 2799 1804 2839 tta
1835 2811 1952 2854 run-

170 2857 328 2918 μάτων
357 2856 498 2916 Ιόγον
527 2856 687 2913 ἔχοντα
718 2854 1053 2898 ἀποτελεῖσθαι.

284 2956 349 3015 [ἰ]
395 2957 617 3001 Plutarch.
662 2955 718 2998 de
755 2954 1204 2999 An.Pr0cr.-c.11.
1255 2954 1484 3010 Pinguiter
1522 2953 1689 3011 Dupuis
1733 2954 1857 3013 Orig.
1898 2955 1953 2997 de

168 3025 267 3060 tous
296 3018 359 3059 les
390 3017 491 3059 cult.
523 3015 688 3058 '1.1v.
721 3015 769 3057 P.
801 3012 988 3060 1L439.
1028 3014 1278 3069 dyarohiam
1317 3012 1563 3055 Abrimanis
1593 3020 1637 3056 et
1668 3013 1951 3066 Oromasdae,

168 3076 330 3119 bivium
362 3075 468 3118 Orci
498 3082 543 3116 et
571 3073 783 3131 quidquid
814 3073 1001 3128 aliquam
1030 3073 1170 3116 dualis
1201 3072 1365 3114 numeri
1395 3071 1581 3127 speciem
1609 3073 1813 3129 pumaebet
1855 3087 1951 3115 cum

170 3135 447 3191 Pythagorae
483 3132 696 3189 syzygiiS‚
735 3138 939 3188 tanquam
969 3146 1023 3175 ex
1053 3132 1200 3175 eodem
1230 3134 1349 3173 fonte
1378 3131 1597 3186 profecta,
1645 3132 1860 3188 componit
1898 3146 1953 3174 ac

172 3207 225 3234 ne
251 3194 360 3236 illud
389 3190 582 3249 quidem,
623 3191 739 3247 quod
767 3191 812 3233 in
842 3190 1070 3247 Scriptura
1098 3204 1224 3234 sacra
1253 3190 1307 3232 de
1336 3188 1520 3232 diversis
1549 3190 1756 3236 bonorum
1786 3196 1832 3231 et
1860 3204 1951 3234 ma-

171 3251 307 3295 lorum
343 3251 570 3295 itineribus
606 3250 786 3302 dicitur,
827 3249 878 3292 la
915 3250 1064 3292 fable
1103 3250 1172 3293 du
1212 3247 1694 3316 ςταιιᾶριιςοιιιειιμ
1744 3249 1950 3292 intactum

172 3309 361 3352 dimittit.
428 3310 596 3365 Nempe
644 3308 758 3351 Nos
803 3308 1088 3351 ecrivains
1130 3307 1429 3351 Chretiens
1471 3318 1538 3350 ou
1585 3307 1670 3350 les
1715 3312 1952 3351 auteurs

175 3369 237 3409 de
279 3368 325 3409 la
364 3368 532 3409 triste
572 3367 796 3422 legende
836 3367 899 3408 de
938 3366 1156 3418 Christ,
1196 3380 1222 3409 ιι
1235 3366 1348 3409 ’ont
1388 3367 1476 3413 ete
1516 3380 1611 3422 que
1653 3366 1747 3408 des
1789 3366 1951 3409 mise-

1458 3438 1617 3498 lo*
