2150 3814
703 207 1258 253 sAMo'rHRAmA.
1728 196 1888 260 1205

117 357 256 398 zam
299 347 578 400 nostrum
615 336 910 418 :pleraque
950 354 1105 417 quae
1147 334 1227 396 ad
1261 336 1418 397 hanc
1448 337 1719 398 fabulam
1753 360 1891 420 per-

115 439 343 512 tinent,
402 439 639 516 cognita
680 435 1002 511 habuisse,
1045 437 1180 498 sive
1222 437 1276 496 is
1323 434 1656 499 Callistrati
1699 463 1889 519 κεχω-

118 539 413 620 ρισμένην
464 534 744 616 ἱστορίαν
797 537 937 619 περὶ
989 534 1419 620 Σαμοθρᾴκης
1472 536 1649 615 legit,
1708 557 1890 618 quam

116 657 163 696 c.
207 634 491 696 LXXXI.
545 646 1014 710 commemorat,
1070 638 1235 710 sive,
1282 635 1442 716 quod
1487 636 1890 717 probabiliuS,

112 733 596 814 mythographos
638 736 1023 796 recentiores.
1086 735 1187 797 Ad
1229 747 1608 817 postremum
1652 735 1718 798 C.
1759 735 1890 800 XC.

111 836 479 915 inscriptum
532 844 629 894 est
666 835 730 897 τί
769 835 997 922 γράφει
1039 838 1072 900 ὃ
1117 837 1366 916 ποιητὴς
1402 839 1710 920 Ἀρκτῖνος
1751 839 1891 922 περὶ

110 943 224 998 τοῦ
265 935 599 1005 κλαπέντος
625 936 992 999 Παλλαδίου
1021 937 1141 999 ὑπὸ
1169 934 1521 1017 Διομήδους
1542 937 1882 1009 καὶΌὸυσ-

111 1035 262 1105 σε’ως
317 1044 427 1095 etc.
483 1034 646 1094 unde
699 1044 961 1115 apparet
1014 1036 1199 1094 etiam
1242 1036 1403 1094 hunc
1445 1033 1695 1098 doctum
1737 1038 1890 1097 Dio-

109 1135 274 1210 nysii
352 1136 748 1214 interpretem
828 1133 1081 1193 Arctino
1151 1134 1304 1193 nihil
1369 1134 1637 1214 amplius
1708 1155 1890 1216 quam

109 1232 276 1312 quod
316 1233 522 1295 verbis
566 1252 922 1314 expressum
966 1240 1091 1307 est,
1136 1232 1570 1311 assignandum
1611 1243 1890 1316 putasse3

110 1331 189 1391 de
233 1330 500 1411 Chryse,
553 1333 636 1393 de
667 1333 988 1407 Pallante,
1046 1335 1511 1415 constitutisque
1563 1339 1631 1394 in
1674 1333 1890 1397 Samo-

109 1432 343 1493 thracia
412 1435 604 1494 sacris
673 1434 1053 1495 Pheneaticis
1119 1433 1298 1493 illum
1361 1435 1685 1514 loquutum
1755 1455 1890 1497 esse

112 1551 365 1612 prorsus
437 1534 611 1593 nulla
675 1537 836 1594 ratio
905 1544 999 1594 est
1064 1551 1170 1594 cur
1225 1543 1583 1595 statuamus,
1679 1537 1891 1618 Neque

110 1633 275 1692 enim
317 1632 582 1694 Palladii
637 1644 699 1694 et
754 1634 1011 1694 deorum
1055 1634 1616 1695 Samothraciorum
1656 1657 1730 1697 ea
1770 1638 1890 1697 fuit

107 1732 525 1807 necessitudo,
581 1745 678 1808 ut,
738 1736 842 1815 qui
883 1735 1051 1793 illius
1095 1735 1509 1807 meminisset,
1553 1735 1667 1794 hos
1711 1754 1888 1815 prae-

107 1834 445 1892 termittere
508 1852 633 1892 non
697 1833 972 1913 potuerit
995 1876 1014 1906 ,
1100 1831 1211 1891 sed
1275 1835 1486 1913 potius
1550 1853 1697 1915 pars
1756 1854 1888 1896 ma-

98 1933 202 2011 jor
242 1933 640 2012 scriptorum,
685 1935 792 2013 qui
835 1931 913 1992 de
955 1931 1232 1992 Palladio
1276 1942 1547 2009 narrant,
1588 1952 1716 1994 non
1755 1935 1889 1995 lon-

105 2053 179 2111 ge
233 2031 392 2092 illud
447 2053 482 2091 e
527 2032 954 2094 Samothracia
1002 2042 1291 2114 repetunt
1332 2034 1444 2094 sed
1486 2035 1658 2095 coelo
1702 2054 1889 2115 super

109 2133 268 2192 Ilion
329 2131 649 2212 delapsum
700 2133 984 2207 tradunt,
1059 2141 1122 2192 et
1177 2153 1254 2193 ex
1308 2134 1502 2193 altera
1553 2144 1729 2214 parte
1784 2138 1889 2215 qui

110 2231 533 2292 Samothracia
587 2233 885 2308 mysteria
940 2244 1283 2313 exponunt,
1338 2233 1572 2299 nullam
1627 2253 1888 2315 usquam

107 2331 426 2393 Minervae
477 2333 854 2391 mentionem
913 2333 1163 2394 faciunt.
1249 2333 1630 2414 Xenophon,
1675 2338 1779 2414 qui
1821 2338 1887 2395 in

108 2431 222 2490 hac
279 2449 462 2491 causa
517 2430 595 2491 ab
651 2429 904 2491 Arctino
960 2433 1260 2494 secundus
1316 2416 1408 2492 est
1448 2435 1886 2511 numerandus,

108 2530 361 2591 Aenean
416 2530 564 2591 dicit
619 2540 816 2595 σῶσαι
857 2534 1003 2604 τοὺς
1045 2532 1372 2618 πατρῴους
1414 2535 1519 2598 καὶ
1561 2535 1886 2620 μητρῴους

108 2631 298 2703 θεούς
339 2629 567 2710 'Cyneg.
611 2632 656 2691 I.
706 2630 802 2692 15.
864 2633 1083 2713 quibus
1127 2635 1482 2695 nominibus
1526 2636 1779 2701 'Vestam
1823 2647 1885 2697 et

108 2732 448 2794 Palladium
490 2733 815 2810 significari
839 2732 1151 2795 Weiskius
1195 2737 1481 2814 opinatur
1521 2735 1700 2810 falso,
1744 2747 1887 2798 sunt

114 2944 368 2998 βαρίζοντες
404 2944 685 3005 Νεραγίδας·
736 2958 848 3001 quae
895 2943 1025 3000 vulgo
1070 2947 1278 2986 vocantur
1316 2939 1586 3003 Ναγᾶριδες.
1638 2948 1728 2988 tum
1776 2947 1883 3004 περὶ

114 3004 292 3045 ναυτῶν
339 3004 414 3046 καὶ
464 3007 544 3049 τοῦ
586 3002 768 3064 ἀστέρος
806 3004 883 3057 τῆς
928 2999 1292 3061 Τραμουντάνας.
1335 3003 1448 3058 quod
1491 3016 1640 3046 nomen
1683 3005 1881 3061 quoniam

116 3058 256 3102 adhuc
282 3061 327 3104 in
357 3061 564 3105 hominum
603 3076 677 3105 ore
715 3061 859 3119 viget,
900 3061 1054 3104 addam
1096 3060 1239 3104 Schol.
1284 3058 1391 3102 Eur.
1437 3061 1515 3103 Or.
1559 3060 1684 3104 1626.
1724 3060 1774 3106 τὸ
1806 3067 1881 3118 τῆς

113 3115 286 3172 Ἑλένης
314 3114 501 3177 ἄστρον,
542 3117 598 3175 ἢν
638 3120 870 3169 mammas
909 3132 1026 3178 (pam
1062 3114 1439 3180 Τραμουντὰναν,
1479 3117 1550 3163 ἀεὶ
1588 3122 1728 3165 πᾶσιν
1767 3118 1881 3180 ὁρᾶ-

116 3188 215 3218 ται·
255 3179 383 3222 τοῦτο
413 3178 464 3223 δὲ
493 3179 570 3222 καὶ
597 3182 756 3224 ναῦται
785 3176 974 3237 ὁρῶντες
1003 3182 1154 3223 ἴσασιν
1194 3175 1222 3221 ἃ
1255 3177 1339 3221 δεῖ.
1397 3178 1512 3222 Hinc
1542 3179 1880 3224 Tramontanam

118 3234 297 3290 perdere
326 3235 547 3290 dicuntur,
592 3238 665 3294 qui
695 3252 821 3280 cursu
849 3237 1064 3281 excidunt.
1124 3237 1190 3279 De
1221 3236 1453 3279 Canabutii
1482 3236 1629 3281 codice
1670 3243 1714 3281 et
1748 3254 1878 3295 argu—

118 3298 259 3335 mento
288 3293 512 3337 Fabricius
549 3295 660 3338 Bibl.
702 3297 760 3340 T.
800 3297 876 3340 IV.
916 3311 958 3353 p.
999 3295 1098 3340 393.
1140 3295 1202 3338 ait
1239 3295 1512 3340 Lambecium
1556 3301 1600 3339 et
1639 3297 1878 3341 Kollarium

116 3351 242 3407 ionge
272 3353 513 3397 accuratius
542 3353 816 3409 disseruisse,
857 3369 1033 3412 quorum
1063 3355 1196 3397 libros
1231 3354 1351 3397 adire
1381 3368 1462 3398 non
1491 3355 1627 3413 potui.
