2150 3814
255 208 418 271 1358
812 256 814 258 -
969 221 1335 270 ADDENDA

364 352 529 397 Charit.
594 351 735 395 ..681
774 349 1131 422 cymbalistis
1176 350 1399 404 emendat,
1436 351 1634 410 praestat
1671 367 1695 395 c
1703 307 1888 410 ypatis
1915 354 1957 397 i.
1994 371 2032 398 e.

364 412 518 456 Gallis.
558 367 803 466 Hesychius
846 408 1069 456 Κυπάται
1111 409 1336 461 κίναιδοι,
1375 410 1592 469 μαλακοί.
1631 409 1739 454 Not.
1780 426 1822 455 v.
1850 412 1894 455 ⁷.
1931 419 2031 469 post

360 469 489 517 νόσος
518 469 630 512 adde
659 469 757 512 hoc
786 468 919 511 loco.

244 553 302 561 -
336 525 462 571 1024.
499 542 542 570 v.
571 526 614 571 3.
643 541 724 585 pro
754 527 1034 570 bacchati
1054 496 1142 583 leg
1171 522 1480 582 bacchatio.

243 612 302 619 —
342 587 469 644 1025.
487 590 596 687 dnot.
634 543 710 629 uplt.
752 600 795 629 v.
835 584 879 629 3.
933 600 1012 643 pro
1065 584 1407 674 προλτοφυρξῒν
1428 585 1630 629 Struvius
1676 587 2037 646 aepoac‘wwquelv

363 659 484 687 emen
516 649 562 688 at

245 703 461 749 -1027,
491 718 534 746 v.
564 702 634 747 23.
694 702 776 745 His
806 702 936 760 Ithyp
938 703 1064 747 hallis
1095 716 1182 745 non
1215 698 1434 755 dissi-plis
1464 702 1674 748 sodalitas
1703 699 1796 750 τῶν
1825 702 2037 750 κακοδαι-

360 759 591 818 μονιστῶν
623 765 882 804 memoratur
911 762 1066 804 Athen.
1097 761 1198 804 ΧΠ..
1227 759 1328 803 551.
1362 758 1416 804 F·

244 819 461 862 -1028.
490 834 534 862 v.
566 819 636 862 10.
666 834 747 877 pro
807 833 909 877 pro
940 819 1071 862 scrib.
1105 833 1285 876 porro.

244 875 461 921 --.1033
490 877 633 921 v.·1.8
664 892 744 935 pro
775 879 1216 922 saeculariorum
1244 879 1328 934 leg.
1361 877 1803 922 saeculariorum
1865 888 1867 890 ·

244 934 461 981 --·.1037
492 942 582 979 not.
613 935 685 979 47.
716 951 757 979 v.
788 937 830 980 7.
865 942 967 980 ante
996 937 1312 980 Plautinum
1343 937 1437 980 dele
1466 937 1678 981 lineolam.
1810 947 1812 950 ’

245 992 463 1039 -1056,
493 1010 538 1038 v.
562 993 603 1037 5.
632 1009 713 1052 pro
744 995 972 1053 abjecta
1000 996 1085 1051 leg.
1116 997 1342 1053 objecta
1370 999 1476 1039 etv.
1492 990 1562 1038 14.
1591 995 1805 1039 numina
1831 1008 1911 1054 pro
1958 1011 2036 1040 no-

361 1051 527 1097 mina.
1379 1081 1384 1086 -

246 1142 305 1150 —
336 1115 463 1159 1067.
494 1115 584 1155 not.
613 1126 668 1155 m.
697 1127 778 1170 pro
808 1127 937 1179 gure
967 1113 1053 1170 leg.
1084 1113 1284 1179 figure.

246 1175 462 1217 --.1069
491 1186 533 1215 v.
566 1171 636 1214 16.
671 1185 750 1228 pro
781 1189 943 1216 ποιασι
971 1172 1056 1226 leg.
1089 1189 1175 1216 ποι
1178 1189 1274 1216 ww

250 1231 462 1276 ...1075
491 1245 534 1274 v.
566 1229 635 1273 15.
664 1234 766 1286 post
795 1227 932 1301 ἄρτοι
960 1229 1067 1273 tolle
1096 1243 1276 1273 comma.

244 1317 304 1326 -..
335 1290 464 1334 1081.
495 1288 609 1334 adde
636 1288 842 1355 Hesych3
865 1286 927 1330 Θύ
904 1307 1042 1334 υανον
1071 1292 1242 1345 πέμμα
1272 1289 1396 1334 ἐστὶν
1427 1285 1531 1333 «ivri
1559 1288 1680 1348 βοός-

245 1347 464 1390 -.1083
493 1351 584 1388 not.
614 1346 690 1388 ult.
721 1359 800 1402 pro
829 1344 885 1387 in
914 1347 1082 1388 rebus
1114 1346 1201 1400 leg.
1233 1345 1296 1388 de
1324 1346 1501 1388 rebus.

245 1404 462 1449 --.1084
490 1407 582 1446 not.
612 1419 654 1446 ιι.
682 1403 760 1447 lin.
787 1404 830 1445 2.
860 1417 942 1461 pro
971 1403 1067 1448 ἄνω
1107 1403 1195 1458 leg.
1238 1403 1358 1448 ἄνευ.
1400 1404 1513 1446 11)ἰ(1.
1550 1411 1640 1448 not.
1673 1419 1712 1448 ο.
1755 1406 1826 1449 lin.
1859 1406 1902 1448 5.
1937 1392 2038 1451 tolle

360 1464 498 1507 verba
526 1462 674 1505 Schol.
700 1462 855 1506 Juven.
886 1462 920 1504 I.
952 1461 1023 1504 80.
1718 1495 1722 1501 .

244 1547 305 1565 ,ω
336 1522 464 1565 1087.
492 1536 537 1564 v.
568 1521 611 1564 9.
641 1535 721 1578 pro
754 1521 1027 1580 καλαβίζειν
1056 1519 1142 1575 leg.
1175 1519 1457 1588 καλαβίζων.
1898 1535 1900 1537 ’

246 1608 306 1618 --
335 1581 463 1626 1088.
495 1579 659 1623 excidit
687 1582 885 1636 quartum
917 1579 1148 1631 oraculum,
1177 1577 1334 1648 quod
1322 1593 1368 1621 ιιι
1404 1578 1655 1636 praesentia
1684 1553 1917 1645 restituere
1954 1596 2039 1626 non

361 1653 550 1698 possum.
590 1639 646 1681 V.
678 1639 747 1681 12.
784 1652 863 1695 pro
894 1642 985 1683 Δία
1015 1638 1101 1694 leg.
1133 1635 1240 1682 Διοί.

245 1727 304 1735 -
335 1699 462 1742 1092.
506 1712 550 1741 v.
592 1697 662 1741 15.
701 1696 852 1740 Adde·
898 1711 951 1740 ex
991 1695 1276 1754 Hippocratis
1322 1696 1417 1740 loco
1463 1702 1647 1755 apparet
1688 1710 1766 1741 cur
1804 1660 2037 1758 Euripides

362 1757 494 1815 Hipp.
529 1753 626 1800 144.
655 1755 924 1799 Phaedrae
911 1756 1124 1798 insaniam
1159 1757 1214 1798 ab
1244 1756 1312 1798 ira
1340 1756 1510 1799 Dianae
1538 1760 1724 1814 repetat.

246 1844 306 1853 --
337 1817 464 1859 1092.
493 1831 536 1859 v.
566 1820 669 1872 post
699 1815 950 1858 creditae
980 1815 1084 1858 tolle
1115 1819 1329 1872 punctum.

247 1875 464 1917 -1.096
494 1890 538 1917 v.
569 1874 639 1917 16.
669 1888 748 1932 pro
778 1874 1056 1917 Ascraeas
1085 1874 1171 1929 leg.
1205 1875 1446 1917 Actaeae
1476 1878 1522 1917 et
1563 1889 1608 1917 v.
1639 1874 1708 1917 19.
1750 1855 1852 1932 post
1878 1875 2035 1919 femi-

365 1933 450 1975 nis
481 1932 576 1975 dele
604 1938 820 1990 punctum.

247 2023 306 2032 .-
336 1997 463 2040 1100.
492 2006 534 2034 v.
563 1990 606 2033 9.
649 1995 751 2034 ante
780 1990 935 2033 nihil
965 1960 1128 2032 excidit
1157 1991 1525 2046 Pythagoras.

248 2082 306 2090 .-
336 2055 464 2098 1101.
494 2064 536 2092 v.
567 2050 645 2092 ult.
675 2063 754 2106 pro
784 2048 855 2090 46.
885 2048 971 2104 leg.
1006 2047 1103 2091 146.

245 2109 768 2157 ...1103.v.12.ante
797 2105 1115 2176 prioribus
1150 2106 1351 2149 omissum
1381 2107 1667 2150 seculis..

247 2197 306 2207 -.
337 2171 464 2215 1113.
494 2182 536 2210 v.
568 2164 637 2209 15.
666 2170 768 2223 post
796 2165 1023 2208 insidiis
1060 2179 1139 2222 pro
1172 2166 1371 2208 semicolo
1402 2180 1515 2223 pone
1544 2178 1720 2210 comma.

247 2256 307 2265 ...
336 2229 463 2273 1130.
494 2241 534 2269 v.
565 2225 637 2269 24.
669 2239 747 2282 pro
779 2224 1217 2268 admirabuntum
1246 2225 1331 2281 leg.
1364 2225 1733 2268 admirantem.

247 2315 306 2323 —
335 2287 463 2331 1131.
493 2299 535 2328 V.
563 2284 606 2326 2.
636 2297 716 2342 pro
744 2283 1116 2327 fabularibus
1147 2297 1231 2326 scr.
1261 2283 1692 2327 fabulatoribus.

245 2373 304 2382 -
336 2345 461 2388 1133.
492 2358 533 2386 v.
565 2342 607 2385 6.
636 2357 715 2400 pro
745 2343 843 2385 hoc
873 2342 977 2386 deo
1007 2343 1090 2398 leg.
1121 2342 1222 2385 hac
1253 2343 1362 2385 dea.
1571 2359 1574 2362 ·

246 2432 306 2441 —-
336 2404 464 2448 1135.
492 2417 535 2444 v.
565 2401 642 2444 ult.
671 2415 750 2458 pro
781 2405 1015 2458 quatuor
1044 2402 1129 2458 leg.
1159 2407 1287 2444 tres.

247 2490 306 2498 —-
336 2462 462 2505 1136.
491 2475 532 2503 v.
562 2459 605 2503 3.
621 2464 737 2517 post
764 2460 1099 2504 Pausanias
1131 2460 1331 2503 omissum
1361 2464 1429 2504 est
1457 2465 1665 2504 narrat.

247 2549 306 2557 --
336 2520 462 2563 1147.
501 2533 543 2562 v.
582 2520 623 2561 1.
660 2521 761 2575 post
797 2522 1005 2620 ἰτνωρίζει
1046 2534 1210 2562 comma
1246 2534 1347 2577 pon.
1386 2525 1431 2563 et
1469 2520 1655 2563 addend.
1702 2482 1918 2593 articulus.
1977 2522 2029 2563 In

364 2580 471 2623 Not.
501 2576 623 2635 prim.
652 2591 695 2619 v.
725 2577 766 2619 6.
815 2591 871 2634 eg
913 2578 1058 2621 Poet.
1090 2592 1169 2635 pro
1200 2579 1347 2621 Poct-

245 2592 992 2692 -1151.v.9.p1000‘1eg.0‘1‘.

245 2722 306 2733 --
337 2695 464 2738 1152.
493 2698 583 2739 not.
614 2709 693 2752 pro
724 2694 851 2753 λαθρ
855 2651 922 2740 ἕίὸ
922 2714 979 2752 ην
1018 2695 1187 2739 Gallaei
1227 2696 1348 2739 Edit.
1388 2695 1698 2769 λαθρηιὸίην,
1749 2695 1861 2740 unde
1898 2696 2023 2739 Stru-

362 2755 458 2798 vius
485 2754 532 2797 in
559 2754 671 2797 Add.
700 2754 804 2797 Lex.
826 2714 1024 2797 Schneid
1054 2754 1257 2813 proponit
1286 2754 1444 2817 λάθρη
1473 2754 1539 2801 ἰδί
1521 2775 1568 2816 ιῃ
1599 2773 1664 2801 τε.

246 2853 306 2862 -—-
337 2827 461 2871 1153.
492 2842 534 2870 v.
564 2827 605 2870 7.
636 2829 737 2884 post
763 2840 868 2885 ’χορε
871 2845 1008 2872 υσατε
1038 2828 1197 2871 excidit
1227 2834 1334 2886 φησὶ
1364 2824 1617 2898 Σοφοκλῆς.

246 2912 306 2921 -
334 2887 463 2930 1166.
492 2890 582 2929 not.
609 2885 852 2929 Meinekius
881 2885 998 2928 Men.
1026 2887 1171 2930 Praef.
1201 2887 1414 2930 XXXIX.
1453 2887 1580 2930 alium
1616 2885 1897 2930 Menandrum
1935 2887 2025 2944 sig-

363 2944 534 2988 nificari
561 2948 706 3002 putat,
744 2944 946 2988 Struvius
976 2946 1194 2989 comicum.

245 3039 306 3048 -—
338 3015 462 3057 1177.
493 3018 583 3058 not.
613 3018 645 3057 t.
676 3014 751 3057 lin.
780 3014 822 3057 3.
853 3027 931 3072 pro
962 3014 1270 3072 Digitorum
1300 3017 1429 3059 scrib.
1459 3013 1805 3071 Digitiorum.
1965 3048 1968 3050 v

248 3097 310 3105 --
335 3073 463 3117 1183.
493 3088 535 3116 v.
573 3073 640 3116 19.
674 3074 745 3116 W.
775 3031 1068 3117 Dindorfiusg
1053 3075 1101 3118 in
1128 3074 1265 3118 literis
1297 3076 1352 3118 ad
1392 3089 1458 3117 me
1496 3073 1609 3116 datis
1648 3074 1874 3132 proposuit
1918 3090 2021 3118 con-

359 3132 572 3188 jecturam
600 3145 732 3175 verae
761 3131 937 3175 similem
966 3148 1043 3190 pro
1086 3131 1328 3191 Ἐνομίὸης
1355 3134 1425 3177 vel
1452 3128 1709 3202 Ἐνομηὸης
1750 3133 2021 3179 scribendum

363 3205 462 3233 esse
489 3189 774 3260 Ξενομήδης,
816 3194 860 3235 et
888 3206 985 3235 esse
1014 3193 1190 3235 eundem
1229 3197 1417 3236 veterem
1457 3191 1705 3235 historicum
1745 3206 1773 3236 a
1807 3191 2018 3250 Dionysio

364 3252 661 3301 memoratum,
700 3250 820 3306 cujus
850 3265 1005 3294 nomen
1031 3251 1078 3293 in
1107 3251 1251 3294 Schol.
1288 3251 1421 3295 Arist.
1458 3250 1560 3308 Lys.
1598 3251 1698 3294 448.
1734 3251 1866 3299 male
1879 3254 2018 3306 Ξηνο

362 3305 511 3365 μήὸης
539 3279 671 3353 scribi
701 3312 746 3352 et
773 3310 923 3375 pejus
929 3310 1103 3354 etiam
1072 3308 1310 3368 Ξενομήὸη
1340 3310 1386 3353 ἰιι
1418 3310 1561 3354 Schol.
1587 3309 1702 3354 Vict.
1734 3310 1790 3354 ad
1818 3311 1866 3353 Il.
1898 3311 2014 3354 XVI.
