2184 3840
287 233 414 294 848
815 249 1048 294 Lmen
1090 250 1520 294 ssscuNDUS.

287 386 403 441 σῦν
493 378 803 448 Λάκωνες.
922 378 1186 454 Etymoi.
1283 379 1365 439 M.—
1458 399 1516 459 p.
1595 379 1736 438 221.
1806 366 1949 440 49.
1991 392 2054 439 et

292 476 520 536 Anecd.
563 477 754 536 Bekk.
799 476 867 535 T.
912 477 957 534 Ι.
1003 479 1145 538 230.
1231 478 1531 563 Γαφάγας
1575 479 1606 540 ὁ
1655 477 1891 557 σκώληξ
1935 479 2053 540 ὑπὸ

290 577 746 659 Συρακουσίων
819 577 851 638 ὃ
909 577 1079 656 ἡμεῖς
1131 584 1242 661 γῆς
1301 579 1562 659 ἔντερον.
1662 577 1884 638 Athen.
1946 575 2053 636 IX.

286 678 427 736 392.
484 676 557 734 A.
619 679 836 737 Ἠλεῖοι
887 683 1146 736 καλοῦσι
1189 675 1331 743 τοὺς
1377 678 1726 758 στρουθοὺς
1768 659 2051 759 ὃειρίτας.

288 777 456 835 Idem
489 774 623 833 Xv.
668 772 809 831 681.
839 772 905 831 Β.
953 774 1307 855 ἀμβροσίαν
1351 777 1409 836 οἱ
1449 777 1779 858 Κορίνθιοι
1813 778 1883 839 τὸ
1922 776 2054 859 κρί-

281 899 410 939 νον.
457 873 682 931 Pollux
736 871 864 932 VII.
921 871 1020 932 56.
1064 873 1453 937 Κῖλλον.;τ,ὸν
1507 877 1657 938 ὄνον
1699 879 1759 938 οἱ
1801 881 2055 958 Δωριεῖς

282 975 388 1036 καὶ
427 979 794 1051 κιλλακτῆρα
824 973 922 1052 [⁴¹¹¹]
978 973 1090 1036 τὸν
1149 970 1490 1051 ὀνηλάτην,
1548 973 1735 1046 illud,
1790 985 1974 1054 puto,
2018 994 2056 1034 a

282 1084 458 1133 motu
501 1071 930 1144 auricularum,
978 1082 1044 1131 ut
1082 1072 1438 1153 Κίλλουρος,
1485 1071 1844 1158 σεισόπυγος
1887 1073 2054 1153 apud

280 1173 697 1250 Hesychium‚
742 1171 845 1233 vel
888 1191 925 1230 a
969 1172 1188 1230 colore.
1251 1173 1556 1243 ,Λακὲτας
1600 1183 1660 1232 et
1703 1174 1921 1252 ἀχέτας
1976 1174 2055 1232 ci—

277 1260 567 1334 cadarum
620 1273 871 1331 nomina
912 1272 1002 1351 [¹]
1058 1273 1197 1350 ipsa
1251 1274 1455 1351 specie
1511 1272 1851 1334 dorismum
1904 1276 2054 1354 pree

277 1394 343 1434 se
387 1374 619 1446 ferunt,
664 1382 725 1431 et
769 1372 927 1430 clare
971 1370 1324 1448 Hesychius
1357 1370 1648 1458 Λιγάναρ
1694 1372 1855 1443 εἶδος
1899 1375 2052 1450 (imo

279 1475 623 1554 epitheton)
695 1472 962 1556 τέττιγος
996 1520 998 1525 -
1030 1471 1345 1541 Λάκωνες.
1458 1472 1710 1532 Photius
1761 1490 1851 1557 ,p
1911 1471 2053 1532 249.

271 1573 743 1638 Ὀπισθοτείλαν
784 1572 899 1651 τὴν
942 1571 1171 1649 σηπίαν
1214 1568 1498 1634 Βοιωτοί.
1596 1571 1832 1631 Aelian.
1888 1570 2052 1635 Hisvt.

275 1673 392 1735 An.
436 1673 568 1735 VII.
624 1671 724 1731 46.
779 1671 891 1733 τὸν
945 1671 1170 1733 τέλειον
1227 1672 1437 1757 λαγών
1472 1660 1705 1734 ’πτῶκα
1763 1680 2053 1753 φιλοῦσιν

277 1773 608 1855 ὀνομάζειν
639 1775 696 1834 οἱ
725 1770 991 1849 ποιηταί,
1036 1769 1522 1851 Λακεδαιμόνιοι
1558 1771 1627 1833 δὲ
1665 1772 2052 1855 ταχίνωὶ·[“.]

279 1873 479 1934 Schol.
524 1873 668 1948 Lyc.
713 1868 855 1930 455.
941 1867 1179 1952 Χάρων
1235 1870 1266 1932 ὅ
1313 1872 1466 1934 λέων
1508 1870 1666 1933 κατὰ
1709 1856 1855 1941 τοὺς
1897 1879 2051 1934 Μα-

274 1972 553 2046 κεδόνας,
599 1970 760 2030 unde
801 1969 1022 2029 Suidas
1056 1970 1409 2034 Κλεωναίου
1441 1968 1746 2053 χάρωνος,
1786 1979 1899 2045 τοῦ
1931 1998 2051 2051 χα-

275 2082 472 2158 ροποῦ
524 2074 778 2140 λέοντος.
870 2068 959 2129 Cf.
1017 2070 1280 2129 Meinek.
1338 2069 1417 2128 ad
1472 2070 1743 2150 Euphor.
1797 2090 1858 2150 p.
1890 2071 2048 2131 110.

275 2170 475 2230 Schol.
532 2168 612 2228 ad
667 2170 796 2231 Nic.
853 2169 1026 2229 Alex.
1083 2170 1182 2229 37.
1219 2171 1486 2253 ‘'Ypazag
1527 2171 1672 2241 τοὺς
1713 2169 1876 2251 μύας
1917 2174 2048 2234 κατ’

271 2268 616 2339 Αἰτωλούς·
663 2270 923 2329 fortasse
967 2269 1044 2328 ab
1090 2287 1184 2342 ec,
1230 2269 1397 2349 quod
1424 2280 1515 2329 est
1545 2267 1848 2353 ὀρύσσειν.
1893 2270 2050 2332 The-

270 2369 571 2430 banorum
616 2369 944 2429 dialectum
988 2379 1243 2448 propter
1287 2370 1562 2429 crebrum
1607 2369 2048 2431 vocabulorum

271 2470 706 2530 translatorum
750 2488 931 2528 usum
974 2470 1329 2548 perstringit
1361 2469 1607 2528 Strattis
1638 2468 1859 2529 Athen.
1883 2469 2047 2530 XIV.

274 2563 417 2630 622.
461 2569 534 2629 Α.
590 2570 685 2632 ὅτι
740 2568 808 2631 δὲ
865 2577 1307 2652 καινουργοῦσι
1361 2569 1518 2631 κατὰ
1574 2569 1686 2639 τὰς
1729 2571 1946 2652 φωνὰς
1988 2573 2047 2633 οἱ

282 2673 543 2752 Θηβαῖοι
576 2666 887 2751 Στράττις
931 2668 1300 2731 ἐπιδείκνυσι
1344 2668 1447 2730 διὰ
1488 2666 1758 2732 τούτων·
1804 2674 2045 2752 Πρῶτά

270 2770 388 2851 μὲν
428 2770 543 2850 τὴν
588 2769 815 2849 σηπίαν
857 2768 1286 2841 ὅπισθοτίλαν,
1333 2769 1415 2838 ιῦς
1453 2770 1709 2854 λέγουθ,
1744 2768 2044 2851 ὀνομάζε-

392 2940 483 2996 [qq]
515 2935 799 2998 Κιλλαγητὴρ
830 2938 1094 2994 Theognost.
1123 2939 1170 2980 in
1199 2937 1337 2979 Bekk.
1370 2936 1530 2980 Anecd.
1560 2936 1652 2979 Ind.
1683 2951 1717 2979 s.
1748 2952 1789 2982 ν.

390 3026 454 3082 [r]
487 3040 527 3068 v.
560 3026 796 3068 Schneider
833 3026 886 3069 ad
919 3025 1086 3069 Aelian.
1116 3025 1174 3068 H.
1207 3025 1286 3066 An.
1316 3023 1370 3067 X.
1401 3020 1471 3066 44.
1501 3022 1600 3067 337.
1631 3023 1777 3066 Sturz.
1808 3023 1862 3066 de
1891 3024 2042 3067 Vocib.

273 3083 410 3126 Anim.
440 3099 483 3141 p.
515 3083 612 3128 177.
645 3085 806 3142 Opusc.

391 3162 452 3220 [ὓ]
485 3163 729 3220 Hesychius
757 3155 903 3223 Λῦροι
918 3196 929 3218 ,
970 3155 1153 3220 λαγωοί.
1196 3161 1359 3204 auritos
1386 3161 1694 3234 intexpretatur
1722 3159 1968 3204 Vincentius
1995 3159 2041 3202 in

272 3220 379 3263 Mus.
421 3221 755 3265 Pio-clement.
797 3223 855 3265 T.
884 3222 960 3264 1v.
990 3236 1031 3278 p.
1063 3219 1132 3263 55.
1174 3234 1201 3262 a
1229 3219 1420 3264 laconico
1452 3235 1556 3271 αις,
1600 3219 1781 3270 auris,
1825 3218 2038 3262 derivans.

272 3278 362 3321 Sed
391 3279 651 3335 adjectivum
681 3272 815 3339 αὗρος
841 3281 870 3323 i.
901 3294 943 3337 q.
971 3275 1126 3336 ταχύς,
1157 3282 1394 3334 agnoscunt
1423 3278 1724 3329 Grammatici,
1764 3276 1877 3320 unde
1907 3274 2038 3337 αὔρι-

270 3334 404 3392 βάτης
441 3343 487 3380 et
528 3335 761 3397 πόδαυρος
801 3339 1006 3396 originem
1036 3337 1195 3380 habent
1225 3339 1275 3379 et
1298 3335 1485 3379 nonnulli
1514 3337 1643 3379 etiam
1673 3337 1837 3395 καῦρος
1865 3335 2036 3379 ductum

272 3399 436 3453 putant.
466 3411 507 3440 v.
537 3396 662 3441 Suid.
693 3412 728 3441 s.
758 3397 798 3441 h.
830 3413 871 3441 v.
908 3426 919 3430 κ
