2150 3814
188 197 313 260 958
720 213 956 257 LIBER
999 213 1427 258 SECUNDUS.

185 343 809 414 mathematicaS,
852 343 1436 422 metaphysicas
1472 342 1967 425 disciplinas;

183 443 320 503 hos
386 443 748 524 appellat
814 440 1169 520 Orpheus
1237 441 1642 520 legitimos
1713 443 1968 503 Musa-

182 549 348 603 rum
393 542 868 603 sacerdotes.
913 541 1067 600 Ibid.
1113 540 1337 601 XVIII.
1375 543 1432 602 8.
1473 563 1534 623 p.
1558 542 1701 603 410.
1746 542 1968 623 Apud

184 642 576 723 Orphicos
646 650 822 700 octo
879 641 1082 700 coeli
1136 649 1363 721 atque
1420 643 1560 702 sub
1615 645 1802 703 luna
1858 662 1972 703 ae-

182 742 494 802 thereus
538 729 766 819 ignis.
810 739 965 800 Ibid.
1009 739 1234 800 XVIII.
1285 741 1380 801 10.
1423 742 1568 802 421.
1616 743 1971 824 Orpheus

179 860 456 902 novem
554 838 958 901 animabus
1059 839 1479 901 distribuit
1573 844 1968 920 regiones,

180 940 457 1021 probis
531 949 884 1002 octavam
954 941 1365 1021 sphaeram
1422 941 1549 1003 vel
1603 942 1974 1022 planetas

179 1041 310 1103 vel
352 1041 745 1101 aetherem
790 1041 928 1101 sub
972 1041 1356 1121 planetiS,
1399 1040 1679 1103 mediis
1724 1060 1973 1102 aerem

180 1160 562 1223 aquamve
605 1149 681 1200 et
722 1127 1050 1214 terram,
1094 1142 1465 1221 reprobis
1509 1141 1972 1213 Acheronta,

183 1239 554 1319 Cocytum
600 1253 710 1302 etc.
1066 1231 1068 1233 ’

347 1340 489 1401 ΧΧ.
575 1341 890 1400 Rosselius
935 1338 1281 1400 Commin
1336 1341 1541 1402 Poem.
1587 1342 1721 1403 Lib.
1765 1342 1867 1402 IV.
1914 1341 1971 1402 5.

185 1442 322 1502 100.
381 1440 711 1521 Orphici
767 1439 1036 1500 dixere
1093 1440 1518 1520 Sphaeram
1574 1443 1774 1503 solis
1819 1444 1973 1502 ani-

183 1561 379 1602 mam
422 1540 716 1602 habere
761 1542 1047 1600 ceteris
1090 1541 1566 1601 animalibus
1611 1543 1975 1602 coelesti-

179 1643 318 1703 bus
361 1643 1058 1724 praestantiorem,
1100 1659 1290 1720 quae
1333 1659 1469 1721 per
1513 1641 1827 1719 globum
1860 1660 1972 1702 so-

179 1743 283 1803 lis
348 1743 854 1802 intellectum
919 1742 1314 1822 imprimis
1373 1751 1684 1801 exercet
1740 1750 1816 1801 et
1867 1745 1974 1804 vi—

178 1861 356 1903 sum.
458 1841 584 1902 Sed
637 1843 790 1902 haec
841 1844 982 1922 ipsa
1035 1842 1255 1901 sumsit
1310 1858 1350 1899 a
1400 1841 1618 1901 Ficino
1661 1841 1860 1924 Epist.
1903 1842 1974 1902 L.

180 1942 283 2002 VI.
327 1940 473 2005 825.
577 1941 753 2002 Alias
799 1942 1211 2022 Orphicorum
1255 1943 1590 2001 sententias
1634 1941 1703 2000 L.
1747 1943 1825 2001 II.
1875 1941 1972 2002 17.

180 2039 421 2104 Comm.
465 2043 568 2102 VI.
621 2044 758 2102 112.
804 2042 1118 2102 Rosselius
1164 2062 1198 2099 e
1242 2041 1416 2101 libris
1458 2042 1694 2115 hausit,
1749 2042 1972 2122 quibus

179 2142 489 2223 hodieque
530 2144 781 2202 utimur.

345 2241 518 2303 XXI.
607 2240 815 2315 Quum
882 2242 1057 2300 Plato
1128 2240 1385 2300 dixisset
1450 2243 1517 2299 in
1577 2189 1855 2301 Phaedro
1910 2260 1971 2319 p.

177 2343 321 2404 247.
367 2340 435 2402 C.
489 2342 668 2401 illum
713 2342 1231 2422 supercoelestem
1273 2340 1511 2413 locum,
1570 2342 1638 2399 in
1682 2359 1804 2421 quo
1847 2340 1973 2400 for-

178 2461 318 2503 mae
371 2446 580 2501 rerum
635 2450 923 2500 aeternae
978 2441 1395 2513 continentur,
1474 2441 1716 2500 nullum
1770 2439 1974 2501 adhuc
2034 2508 2043 2515 ,

178 2544 518 2603 humanum
559 2551 810 2621 poetam
855 2539 1152 2617 condigne
1196 2539 1606 2614 collaudasse,
1661 2539 1973 2615 HermiaS,

179 2644 370 2704 homo
435 2643 715 2723 sapiens,
802 2640 1060 2703 adnotat
1126 2639 1242 2699 hoc
1301 2659 1425 2700 non
1475 2643 1548 2700 in
1604 2642 1973 2703 universum

181 2743 307 2804 dici
359 2741 472 2802 sed
523 2741 607 2802 de
661 2744 848 2821 vulgo
909 2750 1236 2822 poetarum
1291 2777 1375 2786 —-
1435 2743 1506 2805 τὸ
1552 2745 1790 2822 πλῆθος
1832 2749 1967 2805 τῶν

183 2842 614 2927 ἀνθρωπίνων
654 2851 960 2924 ποιητῶν,
1006 2841 1153 2912 ὥςτε
1197 2845 1579 2926 ἐξαιρεῖσθαι
1619 2850 1734 2905 τοῦ
1775 2839 1966 2926 λόγου

184 2946 468 3028 ”Ό,ιιηρον
510 2945 616 3006 καὶ
651 2945 911 3028 Ὀρφέα·
958 2947 1192 3026 εἴρηται
1233 2943 1358 3027 γὰρ
1404 2945 1616 3012 αὐτοῖς
1647 2942 1788 3026 περὶ
1818 2950 1968 3006 τοῦ-

184 3047 254 3109 δε
310 3052 423 3108 τοῦ
478 3043 673 3108 τόπου
728 3045 835 3107 καὶ
877 3042 1148 3126 Ἡσιόδῳ
1207 3044 1314 3105 καὶ
1354 3041 1671 3126 Μουσαίῳ
1714 3063 1776 3124 p.
1826 3042 1965 3102 140.

182 3145 323 3205 Hoc
375 3144 807 3204 tantummodo
863 3144 1131 3225 exempli
1188 3161 1370 3205 causa
1421 3144 1604 3203 attuli
1660 3151 1723 3202 et
1761 3150 1832 3202 ut
1871 3143 1968 3200 in·-

183 3246 459 3325 telligant
514 3245 772 3306 lectores
787 3289 805 3319 ,
862 3263 968 3305 cur
1018 3263 1144 3304 non
1187 3247 1396 3304 omnia
1409 3288 1426 3319 ,
1470 3263 1625 3325 quae
1668 3242 1967 3303 Platonici

186 3347 500 3429 Orpheum
545 3345 774 3408 dixisse
813 3354 1094 3419 narrant,
1136 3347 1203 3404 in
1248 3345 1487 3405 tabulas
1529 3343 1862 3404 retulerim.
