2150 3814
817 231 1267 276 onPn1cA.
1742 215 1906 277 1083

115 364 306 443 ‘nulla
361 364 627 424 liborum
680 362 943 434 mentio,
1011 380 1208 441 neque
1275 362 1341 421 in
1396 361 1593 441 epulis
1651 360 1907 422 deorum

134 483 333 545 neque
387 467 455 523 in
505 463 706 530 coenis
763 460 1115 522 domesticis
1174 470 1236 520 et
1293 460 1700 542 quotidianiS,
1743 462 1910 541 ipsa-

136 583 254 643 que
306 564 560 622 nomina
609 561 848 645 ψαιστά
905 573 967 622 et
1006 560 1256 625 πόπανα
1300 571 1562 651 veteres·
1585 561 1910 621 Gramma—

136 664 241 722 tici
282 681 407 720 non
448 664 620 742 prius
664 681 845 741 quam
888 664 953 720 in
995 663 1168 739 Ibyci
1211 670 1274 720 et
1318 661 1650 720 Stesichori
1693 662 1911 720 carmi—

132 760 312 820 nibus
354 763 622 822 inveniri
664 771 966 822 testantur
1008 762 1228 821 Athen.
1271 762 1378 820 III.
1428 761 1565 821 169.
1619 759 1723 820 IV.
1773 763 1910 821 172.

132 860 212 919 D.
258 860 420 920 unde
478 872 681 942 patet,
757 863 899 922 illos
956 863 1186 946 ἁγνοὺς
1239 859 1528 943 βωμούς,
1586 863 1690 941 qui
1744 861 1948 942 apud·

131 960 570 1035 AthenienseS‚
624 963 874 1036 Delios,
934 961 1353 1038 PhigalenseS,
1411 959 1598 1019 Eleos
1655 962 1916 1039 aliisque

134 1072 554 1122 memorantur
595 1063 745 1121 locis
767 1060 877 1142 [k]‚
939 1070 1146 1119 tantae
1189 1060 1573 1138 antiquitatis
1612 1047 1740 1117 non
1783 1078 1918 1118 esse

134 1171 396 1239 quantae
455 1162 734 1240 plerique
798 1161 1150 1219 existimant
1179 1156 1262 1239 [¹].
1369 1160 1504 1217 Imo
1566 1157 1917 1218 credibilius

132 1259 411 1333 videtur,
495 1261 658 1319 hunc
725 1278 906 1319 usum
973 1270 1118 1319 tunc
1175 1258 1425 1318 demum
1479 1259 1918 1339 percrebuisse,

134 1378 323 1438 quum
367 1361 803 1420 sacrificiorum
847 1379 1004 1440 quae
1047 1360 1309 1419 heroicis
1352 1359 1736 1439 temporibus
1778 1378 1920 1419 rara

131 1477 329 1539 neque
374 1479 411 1519 a
438 1461 1047 1538 conviviissejuncta
1074 1470 1267 1533 erant,
1311 1459 1646 1520 multitudo
1675 1460 1922 1540 publice

135 1569 198 1617 et
254 1562 547 1639 privatim
604 1561 975 1620 immensum
1034 1569 1195 1619 esset
1239 1569 1450 1631 aucta,
1506 1561 1615 1620 vix
1661 1570 1728 1618 ut
1772 1560 1922 1621 civi-

134 1670 291 1718 tates
350 1679 564 1718 eorum
620 1669 859 1719 sumtus
916 1661 1179 1719 tolerare
1222 1669 1506 1738 possent,
1563 1678 1688 1717 non
1732 1658 1921 1718 modo

135 1761 444 1818 tenuiores
490 1761 736 1820 civium.
803 1760 1126 1818 Praeterea
1170 1757 1787 1818 animadvertendum
1831 1768 1925 1817 est

132 1858 399 1918 liborum
468 1877 583 1918 usu
637 1860 1030 1920 victimarum
1085 1859 1579 1919 immolationem
1634 1877 1761 1916 non
1824 1878 1925 1918 ex-

135 1959 365 2018 clusam
409 1958 518 2018 sed
559 1959 672 2018 illa
713 1977 1011 2040 persaepe
1053 1957 1439 2044 προθύματα
1481 1959 1673 2019 fuisse
1716 1969 1787 2018 ut
1812 1978 1926 2021 vo-

137 2067 354 2119 cantur
395 2061 476 2124 τά
518 2061 637 2144 πρὸ
683 2068 791 2139 τῆς
833 2061 1067 2130 θυσίας
1111 2058 1416 2147 γενόμενα
1458 2057 1839 2142 θυμιάματα
1883 2059 1925 2140 ἢ

135 2158 515 2223 πλακούντια
569 2179 630 2221 v.
685 2160 946 2240 Interpr.
1004 2159 1085 2220 ad
1127 2159 1317 2220 Arist.
1360 2159 1521 2219 Plut.
1566 2158 1710 2219 661.
1768 2157 1926 2219 Pau-

137 2261 341 2319 sanias
395 2259 505 2318 IX.
561 2259 662 2319 40.
721 2259 798 2319 de
826 2257 1378 2320 ‘Chaeronensium
1436 2257 1708 2340 quodam
1754 2278 1927 2319 sacro

138 2370 349 2419 narrat
404 2362 470 2422 αἱ
522 2359 748 2423 θυσίαι
803 2361 927 2424 civo}
965 2363 1464 2445 κπᾶσανὴμέραν
1507 2359 1782 2425 θύονται
1823 2362 1930 2423 καὶ

136 2458 409 2541 τράπεζα
468 2459 834 2543 παράκειται
892 2469 1093 2543 κρεῶν
1148 2462 1254 2537 καὶ
1296 2459 1640 2543 πεμμάτων
1681 2459 1927 2544 πλήρης.

138 2559 492 2620 Athenaeus
547 2559 650 2620 IV.
711 2560 849 2619 172.
910 2558 974 2620 C.
1064 2560 1397 2632 Πανύασις
1451 2563 1601 2645 περὶ
1631 2571 1739 2642 τῆς
1781 2565 1924 2645 παρ’

137 2661 503 2746 Αἰγυπτίοις
559 2662 1102 2744 ἀνθρωποθυσίας
1146 2663 1447 2747 διηγεῖται
1492 2665 1688 2748 λέγων
1730 2664 1925 2726 πολλὰ

138 2760 255 2841 μὲν
298 2764 607 2825 ἐπιθεῖναι
646 2762 973 2843 πέμματα,
1018 2765 1288 2846 victimis
1330 2763 1639 2837 videlicet,
1685 2762 1764 2822 de
1809 2782 1927 2844 quo

259 2958 335 3017 [k]
381 2975 423 3004 v.
466 2961 694 3018 Spanhem.
741 2961 797 3004 ad
846 2961 956 3005 Call.
1005 2953 1066 3006 H'.
1106 2964 1151 3006 in
1193 2964 1290 3006 Del.
1331 2961 1431 3006 283.
1475 2967 1520 3005 et
1566 2962 1622 3005 ad
1665 2963 1781 3006 Plut.
1827 2962 1927 3008 659.

143 3018 326 3061 Varro
375 3020 562 3062 tradit
610 3035 726 3062 esse
775 3026 883 3064 tam
930 3022 1216 3079 Apollinis
1265 3036 1423 3078 quam
1464 3021 1586 3065 filii
1628 3023 1754 3078 ejus
1796 3036 1928 3065 aras

145 3089 246 3118 non
288 3077 418 3120 Deli
459 3083 676 3122 tantum
727 3079 822 3122 sed
863 3084 921 3122 et
963 3081 1018 3123 in
1064 3081 1327 3138 plurimis
1374 3080 1544 3132 locis,
1593 3081 1732 3139 apud
1784 3096 1927 3138 quos

148 3134 376 3178 hostiae
428 3150 532 3180 non
587 3138 908 3181 caedantur
972 3140 1067 3182 sed
1107 3138 1460 3183 consuetudo
1513 3141 1590 3183 sit
1639 3140 1795 3183 deum
1840 3155 1929 3183 so—

147 3192 440 3238 lemnitate
484 3210 705 3254 precum
748 3199 1038 3242 venerari.

265 3263 340 3323 [l]
390 3267 601 3312 Draconis
645 3270 831 3314 edictum
886 3271 941 3314 de
993 3271 1218 3315 sacrificiis
1261 3271 1493 3315 incruentis
1535 3285 1614 3330 pro
1655 3272 1760 3315 ficto
1794 3272 1930 3315 ducit

151 3323 407 3366 Meinenius
443 3327 487 3369 in
521 3328 636 3372 nist.
675 3329 814 3375 Liter.
859 3330 914 3372 T.
955 3330 1014 3374 11.
1052 3346 1093 3388 p.
1127 3331 1196 3373 19.
1238 3344 1321 3372 uno
1361 3330 1433 3372 sed
1474 3331 1619 3374 valido
1661 3338 1927 3388 argumento,

150 3382 263 3437 quod
292 3381 366 3424 ille
396 3384 440 3426 iu
468 3386 597 3428 rebus
626 3388 761 3431 sacris
790 3389 959 3444 omnino
991 3389 1147 3433 nullam
1179 3390 1316 3445 legem
1347 3390 1550 3433 sanxerit.
