2184 3840
705 211 1212 258 -ournch.
1344 199 1351 204 '
1745 200 1872 263 859

104 346 325 408 cabant
362 347 639 406 ratione..
712 338 894 416 Quod
916 339 919 343 ’
944 339 1132 419 igitur
1182 337 1538 407 Muenterus
1587 342 1654 400 in
1692 338 1871 403 Com-

103 445 576 506 mentationibus
599 440 980 523 antiquariis
1017 458 1077 520 p.
1111 436 1212 498 42.
1254 440 1645 520 pronunciat:
1691 437 1872 501 Con-

102 555 260 605 stat
301 543 1019 620 deorumsissnguam
1076 558 1163 599 ex
1212 547 1466 600 mente
1518 549 1870 601 vveterum

103 642 425 703 eandem
496 661 666 703 esse
726 660 814 702 ac
880 639 1227 719 priscum
1279 640 1670 700 hominum
1725 659 1871 701 ser-

101 762 161 802 m
176 761 214 801 o
228 761 415 816 nem,
442 741 544 818 rid,
587 751 881 823 quantum
924 738 1006 800 ad
1046 739 1390 823 Homerum
1422 742 1705 820 pertinet,
1747 758 1874 801 non

99 841 537 916 demonstr-ari,
598 842 678 902 de
730 839 1042 903 veteribus
1084 842 1151 900 in
1193 842 1547 902 universum
1589 859 1669 900 ne
1707 826 1874 902 sumi

99 941 348 1021 quidem
391 943 550 1002 licet.
634 941 796 1003 Nam
837 942 1109 1021 primum
1151 948 1433 999 veterum
1482 938 1740 999 Homeri
1780 942 1876 1000 in-¹

54 1076 60 1081 -
99 1050 435 1123 terpretum
491 1042 702 1120 opinio
755 1040 907 1112 fuit,
960 1048 1208 1118 poetam
1250 1036 1320 1096 id
1364 1036 1527 1116 quod
1571 1041 1874 1118 optimum

98 1140 383 1221 dictuque
423 1140 898 1219 pulcherrimum
940 1147 1118 1213 esset,
1158 1137 1229 1201 τὸ
1265 1143 1543 1220 κρεῖττον
1569 1146 1701 1202 τῶν
1729 1142 1839 1204 ὄνο
1857 1180 1874 1188 -

95 1239 348 1320 μάτων,
406 1247 477 1298 ut
529 1238 886 1298 Eustathius
929 1239 1019 1298 ait
1059 1257 1120 1318 p.
1170 1235 1309 1298 124.
1365 1236 1482 1297 hoe
1523 1247 1618 1297 est
1657 1239 1728 1302 τὸ
1774 1242 1876 1303 εὐ-

95 1339 452 1423 γενέστερον
465 1384 485 1412 ,
539 1339 611 1402 τὸ
652 1336 1070 1422 σεμνότερον,
1129 1334 1388 1396 deorum
1447 1336 1708 1399 dialecto
1767 1339 1876 1400 ad·

94 1441 437 1520 scripsisse3
493 1436 717 1499 deinde
769 1437 937 1499 idem
980 1438 1278 1498 Platonici
1312 1436 1697 1516 judicarunt,
1742 1442 1876 1520 qui-

95 1538 213 1600 bus
250 1539 358 1599 ille
399 1538 650 1600 videtur
689 1540 768 1604 τὰ
811 1536 1155 1624 νοερῶτερα
1189 1538 1294 1601 καὶ
1324 1546 1433 1619 τῆς
1466 1537 1709 1622 φύσεως
1741 1549 1872 1605 τῶν

95 1640 513 1721 ὑποκειμένων
580 1641 796 1711 τελέως
827 1667 830 1674 ·
865 1637 1277 1721 ἀντεχόμενα-
1312 1637 1700 1723 πραγμάτων
1771 1642 1878 1705 καὶ

95 1740 253 1802 κατὰ
294 1740 409 1803 τὸν
451 1739 760 1819 αἰσθητὸν
799 1737 998 1803 τύπον
1039 1736 1483 1821 εὐπρεπέστερα
1524 1762 1590 1800 τε
1633 1740 1738 1801 καὶ
1771 1742 1874 1803 εὓ-

96 1836 422 1922 φωνότερα
487 1845 618 1903 τῶν
679 1842 857 1901 θεῶν
923 1841 1146 1925 ἔκγονα
1209 1837 1510 1900 τίθεσθαι
1564 1837 1755 1899 Procl.
1810 1841 1878 1900 in

98 1938 279 1998 Polit.
335 1957 397 2018 p.
451 1938 595 1999 397.
653 1938 726 1998 cf.
786 1935 1022 1998 Comm.
1078 1939 1143 1997 in
1201 1935 1364 1998 Crat.
1420 1958 1482 2019 p.
1538 1938 1637 1999 38.
1695 1947 1760 1998 et
1811 1941 1878 1999 in

97 2038 256 2098 Tim.
324 2037 394 2098 L.
462 2038 539 2099 II.
601 2037 705 2098 84.
776 2038 940 2119 quod
994 2037 1161 2098 idem
1219 2037 1491 2098 declarat
1545 2038 1876 2118 Gregorius

98 2138 247 2198 Naz.
302 2137 408 2197 Or.
462 2139 568 2197 ΙΙΙ.
624 2138 727 2198 99.
779 2138 854 2199 Α.
909 2145 962 2201 εἰ
1016 2139 1133 2221 μὲν
1189 2139 1294 2201 καὶ
1336 2139 1510 2202 θεῖαί
1557 2142 1718 2210 τινές
1760 2146 1878 2204 εἶσι

99 2238 308 2320 φωναὶ
366 2246 499 2302 τῶν
561 2238 873 2321 ἡμετέρων
943 2239 1257 2322 κρείττους
1315 2238 1419 2301 καὶ
1473 2237 1877 2324 εὖσημότεραι
1935 2265 1941 2274 ’

102 2339 286 2424 (γελῶ
341 2337 465 2422 γὰρ
518 2338 700 2420 ὑμῶν
753 2346 885 2402 τῶν
938 2347 1185 2420 σεμνῶν
1237 2338 1308 2402 τὸ
1365 2346 1574 2402 Μῶλυ
1616 2340 1722 2402 καὶ
1763 2341 1878 2405 τὸν

10 2510 15 2515 ‚
98 2435 529 2521 Σκάμανδρον
569 2439 675 2501 καὶ
714 2437 829 2518 τὴν
871 2438 1181 2512 Χαλκίδα,
1226 2442 1284 2502 οἳ
1326 2437 1433 2501 διὰ
1475 2448 1740 2525 γυμνῶν
1768 2443 1877 2505 ἆλ-

98 2535 297 2617 λήλοις
340 2537 743 2624 συγγίνονται
782 2546 914 2602 τῶν
953 2542 1216 2604 ἐννοιῶν
1258 2539 1365 2602 καὶ
1404 2546 1536 2603 τῶν
1577 2539 1877 2623 τυπωμοί-

98 2643 252 2717 των)
296 2639 411 2719 οὐχ
454 2639 746 2724 ἡμέτερον
789 2639 1000 2725 λέγειν.
1059 2659 1215 2720 quae
1265 2640 1482 2719 juncta
1526 2642 1878 2702 testimonia

98 2748 259 2798 certe
313 2738 696 2800 tantumdem
753 2739 992 2814 valent,
1046 2749 1339 2820 quantum
1385 2740 1549 2799 illius
1592 2740 1879 2819 ignobilis

100 2837 477 2898 Scholiastae
520 2841 872 2914 auctorita&
917 2839 1130 2903 divina
1173 2839 1340 2920 apud
1381 2838 1723 2900 Homerum
1769 2859 1879 2900 no-

100 2939 268 2997 mina
321 2957 457 2998 esse
497 2939 578 3002 τὰ
620 2941 1082 3026 προγενέστερα.
1145 2941 1271 3002 Nee
1314 2938 1619 3020 discrepat
1662 2941 1878 3000 ceteris

100 3036 406 3100 Maximus
462 3038 687 3117 Tyrius
731 3039 803 3099 V.
846 3040 947 3123 86.
1014 3042 1168 3121 αὕτη
1214 3044 1449 3120 θνητῆς
1490 3040 1644 3124 πρὸς
1686 3039 1875 3105 θείαν

104 3137 326 3220 ἀρετὴν
368 3137 673 3219 ὅμοιότης,
716 3141 754 3221 ἢ
799 3143 967 3225 παρὰ
1012 3142 1128 3223 μὲν
1177 3145 1348 3211 θεοῖς
1381 3146 1652 3204 καλεῖται
1698 3143 1876 3223 Θέμις

104 3237 207 3298 καὶ
232 3238 382 3319 Δίκη
418 3241 529 3303 καὶ
563 3243 689 3304 ἄλλ’
728 3243 885 3313 ἄττα
916 3243 1185 3325 μυστικὰ
1229 3242 1334 3304 καὶ
1375 3246 1686 3324 θεοπρεπῆ
1731 3239 1874 3306 ὀνό-

106 3361 294 3415 ματα,
329 3341 497 3420 παρὰ
522 3340 590 3403 δὲ
630 3339 989 3423 ἀνθρώποις
1013 3342 1184 3424 φιλία
1209 3342 1311 3405 καὶ
1327 3340 1533 3422 χάρις·
1570 3342 1872 3421 quaejam
