<?xml version="1.0" encoding="UTF-8"?>
<!DOCTYPE html PUBLIC "-//W3C//DTD XHTML 1.0 Transitional//EN"
    "http://www.w3.org/TR/xhtml1/DTD/xhtml1-transitional.dtd">
<html xmlns="http://www.w3.org/1999/xhtml" xml:lang="en" lang="en">
 <head>
  <title>
</title>
<meta http-equiv="Content-Type" content="text/html;charset=utf-8" />
  <meta name='ocr-system' content='tesseract 3.04.00' />
  <meta name='ocr-capabilities' content='ocr_page ocr_carea ocr_par ocr_line ocrx_word'/>
</head>
<body>
  <div class='ocr_page' id='page_1' title='image "./aglaophamussived02lobeuoft_0392.png"; bbox 0 0 2150 3814; ppageno 0'>
   <div class='ocr_carea' id='block_1_1' title="bbox 193 195 1416 282">
    <p class='ocr_par' dir='ltr' id='par_1_1' title="bbox 193 195 1416 282">
     <span class='ocr_line' id='line_1_1' title="bbox 193 195 1416 282; baseline -0.011 0"><span class='ocrx_word' id='word_1_1' title='bbox 193 223 355 282; x_wconf 87' lang='grc'>1168</span> <span class='ocrx_word' id='word_1_2' title='bbox 758 195 1416 273; x_wconf 56' lang='grc' dir='ltr'><strong>Μηκτιςιιῶιυε.</strong></span> 
     </span>
    </p>
   </div>
   <div class='ocr_carea' id='block_1_2' title="bbox 186 357 1994 1735">
    <p class='ocr_par' dir='ltr' id='par_1_2' title="bbox 186 357 1994 1735">
     <span class='ocr_line' id='line_1_2' title="bbox 186 357 1976 437; baseline -0.006 -9"><span class='ocrx_word' id='word_1_3' title='bbox 186 368 345 427; x_wconf 88' lang='lat' dir='ltr'><strong>hunc</strong></span> <span class='ocrx_word' id='word_1_4' title='bbox 389 362 666 424; x_wconf 81' lang='lat' dir='ltr'><strong>ordinem</strong></span> <span class='ocrx_word' id='word_1_5' title='bbox 713 361 943 421; x_wconf 88' lang='lat' dir='ltr'><strong>relatus</strong></span> <span class='ocrx_word' id='word_1_6' title='bbox 989 360 1191 420; x_wconf 82' lang='lat' dir='ltr'><strong>fuerit.</strong></span> <span class='ocrx_word' id='word_1_7' title='bbox 1260 357 1473 437; x_wconf 85' lang='lat' dir='ltr'>Neque</span> <span class='ocrx_word' id='word_1_8' title='bbox 1518 366 1739 436; x_wconf 86' lang='lat' dir='ltr'><strong>poetae</strong></span> <span class='ocrx_word' id='word_1_9' title='bbox 1781 360 1976 437; x_wconf 80' lang='lat' dir='ltr'><strong>suspi-</strong></span> 
     </span>
     <span class='ocr_line' id='line_1_3' title="bbox 192 457 1981 539; baseline -0.007 -11"><span class='ocrx_word' id='word_1_10' title='bbox 192 469 367 527; x_wconf 89' lang='lat' dir='ltr'><strong>cione</strong></span> <span class='ocrx_word' id='word_1_11' title='bbox 434 473 668 535; x_wconf 84' lang='lat' dir='ltr'>carent,</span> <span class='ocrx_word' id='word_1_12' title='bbox 739 460 1164 539; x_wconf 82' lang='lat' dir='ltr'><strong>Geographiae</strong></span> <span class='ocrx_word' id='word_1_13' title='bbox 1181 500 1197 528; x_wconf 89' lang='lat'><strong><em>‚</em></strong></span> <span class='ocrx_word' id='word_1_14' title='bbox 1267 469 1337 516; x_wconf 88' lang='lat' dir='ltr'><strong>ut</strong></span> <span class='ocrx_word' id='word_1_15' title='bbox 1407 457 1629 518; x_wconf 89' lang='lat' dir='ltr'><strong>Strabo</strong></span> <span class='ocrx_word' id='word_1_16' title='bbox 1689 458 1981 537; x_wconf 87' lang='lat' dir='ltr'><strong>queritur,</strong></span> 
     </span>
     <span class='ocr_line' id='line_1_4' title="bbox 192 554 1981 639; baseline -0.008 -12"><span class='ocrx_word' id='word_1_17' title='bbox 192 566 590 628; x_wconf 86' lang='lat' dir='ltr'><strong>vehementer</strong></span> <span class='ocrx_word' id='word_1_18' title='bbox 633 562 842 639; x_wconf 53' lang='lat' dir='ltr'><strong>ignari⁴</strong></span> <span class='ocrx_word' id='word_1_19' title='bbox 875 571 982 620; x_wconf 92' lang='lat' dir='ltr'><strong>aut</strong></span> <span class='ocrx_word' id='word_1_20' title='bbox 1024 557 1336 630; x_wconf 86' lang='lat' dir='ltr'><strong>incuriosi,</strong></span> <span class='ocrx_word' id='word_1_21' title='bbox 1381 559 1484 637; x_wconf 91' lang='lat' dir='ltr'><strong>qui</strong></span> <span class='ocrx_word' id='word_1_22' title='bbox 1528 563 1595 617; x_wconf 91' lang='lat' dir='ltr'><strong>in</strong></span> <span class='ocrx_word' id='word_1_23' title='bbox 1639 554 1981 618; x_wconf 88' lang='lat' dir='ltr'><strong>enarrando</strong></span> 
     </span>
     <span class='ocr_line' id='line_1_5' title="bbox 191 657 1980 740; baseline -0.006 -14"><span class='ocrx_word' id='word_1_24' title='bbox 191 668 508 725; x_wconf 86' lang='lat' dir='ltr'><strong>nationum</strong></span> <span class='ocrx_word' id='word_1_25' title='bbox 553 661 1021 740; x_wconf 84' lang='lat' dir='ltr'><strong>longinquarum</strong></span> <span class='ocrx_word' id='word_1_26' title='bbox 1077 658 1200 716; x_wconf 88' lang='lat' dir='ltr'><strong>situ</strong></span> <span class='ocrx_word' id='word_1_27' title='bbox 1245 665 1308 714; x_wconf 91' lang='lat' dir='ltr'><strong>et</strong></span> <span class='ocrx_word' id='word_1_28' title='bbox 1351 659 1518 718; x_wconf 89' lang='lat' dir='ltr'><strong>victu</strong></span> <span class='ocrx_word' id='word_1_29' title='bbox 1562 660 1713 718; x_wconf 89' lang='lat' dir='ltr'><strong>satis</strong></span> <span class='ocrx_word' id='word_1_30' title='bbox 1755 657 1980 717; x_wconf 91' lang='lat' dir='ltr'><strong>habue-</strong></span> 
     </span>
     <span class='ocr_line' id='line_1_6' title="bbox 193 757 1985 835; baseline -0.004 -13"><span class='ocrx_word' id='word_1_31' title='bbox 193 772 336 824; x_wconf 86' lang='lat' dir='ltr'><strong>runt</strong></span> <span class='ocrx_word' id='word_1_32' title='bbox 389 777 744 821; x_wconf 90' lang='lat' dir='ltr'><strong>communes</strong></span> <span class='ocrx_word' id='word_1_33' title='bbox 801 760 1053 818; x_wconf 82' lang='lat' dir='ltr'><strong>notitias</strong></span> <span class='ocrx_word' id='word_1_34' title='bbox 1109 767 1173 816; x_wconf 91' lang='lat' dir='ltr'><strong>et</strong></span> <span class='ocrx_word' id='word_1_35' title='bbox 1227 774 1383 835; x_wconf 88' lang='lat' dir='ltr'><strong>quae</strong></span> <span class='ocrx_word' id='word_1_36' title='bbox 1427 757 1506 818; x_wconf 89' lang='lat' dir='ltr'><strong>ab</strong></span> <span class='ocrx_word' id='word_1_37' title='bbox 1551 758 1837 818; x_wconf 91' lang='lat' dir='ltr'><strong>omnibus</strong></span> <span class='ocrx_word' id='word_1_38' title='bbox 1882 775 1985 816; x_wconf 93' lang='lat' dir='ltr'><strong>eo-</strong></span> 
     </span>
     <span class='ocr_line' id='line_1_7' title="bbox 194 857 1984 937; baseline -0.003 -15"><span class='ocrx_word' id='word_1_39' title='bbox 194 865 334 923; x_wconf 89' lang='lat' dir='ltr'><strong>dem</strong></span> <span class='ocrx_word' id='word_1_40' title='bbox 390 860 579 921; x_wconf 89' lang='lat' dir='ltr'><strong>modo</strong></span> <span class='ocrx_word' id='word_1_41' title='bbox 639 857 873 918; x_wconf 83' lang='lat' dir='ltr'><strong>tradita</strong></span> <span class='ocrx_word' id='word_1_42' title='bbox 927 866 1133 918; x_wconf 83' lang='lat' dir='ltr'><strong>essent</strong></span> <span class='ocrx_word' id='word_1_43' title='bbox 1189 858 1394 936; x_wconf 85' lang='lat' dir='ltr'><strong>sequi,</strong></span> <span class='ocrx_word' id='word_1_44' title='bbox 1464 869 1660 937; x_wconf 89' lang='lat' dir='ltr'><strong>neque</strong></span> <span class='ocrx_word' id='word_1_45' title='bbox 1716 866 1984 937; x_wconf 87' lang='lat' dir='ltr'><strong>unquam</strong></span> 
     </span>
     <span class='ocr_line' id='line_1_8' title="bbox 186 955 1989 1038; baseline -0.005 -14"><span class='ocrx_word' id='word_1_46' title='bbox 186 965 379 1025; x_wconf 84' lang='lat' dir='ltr'><strong>&#39;veriti</strong></span> <span class='ocrx_word' id='word_1_47' title='bbox 422 969 567 1022; x_wconf 88' lang='lat' dir='ltr'><strong>sunt</strong></span> <span class='ocrx_word' id='word_1_48' title='bbox 612 956 897 1036; x_wconf 84' lang='lat' dir='ltr'><strong>affingere</strong></span> <span class='ocrx_word' id='word_1_49' title='bbox 941 956 1177 1038; x_wconf 91' lang='lat' dir='ltr'><strong>aliquid</strong></span> <span class='ocrx_word' id='word_1_50' title='bbox 1223 956 1488 1035; x_wconf 85' lang='lat' dir='ltr'><strong>vulgatis</strong></span> <span class='ocrx_word' id='word_1_51' title='bbox 1534 966 1644 1015; x_wconf 91' lang='lat' dir='ltr'><strong>aut</strong></span> <span class='ocrx_word' id='word_1_52' title='bbox 1667 955 1989 1018; x_wconf 79' lang='lat' dir='ltr'><strong>detrahere</strong></span> 
     </span>
     <span class='ocr_line' id='line_1_9' title="bbox 197 1055 1990 1136; baseline -0.004 -13"><span class='ocrx_word' id='word_1_53' title='bbox 197 1071 306 1124; x_wconf 90' lang='lat' dir='ltr'><strong>aut</strong></span> <span class='ocrx_word' id='word_1_54' title='bbox 367 1067 461 1122; x_wconf 70' lang='lat' dir='ltr'><strong>ex&#39;</strong></span> <span class='ocrx_word' id='word_1_55' title='bbox 497 1078 620 1119; x_wconf 91' lang='lat' dir='ltr'><strong>uno</strong></span> <span class='ocrx_word' id='word_1_56' title='bbox 668 1059 806 1118; x_wconf 94' lang='lat' dir='ltr'><strong>loco</strong></span> <span class='ocrx_word' id='word_1_57' title='bbox 850 1058 1182 1118; x_wconf 86' lang='lat' dir='ltr'><strong>transferre</strong></span> <span class='ocrx_word' id='word_1_58' title='bbox 1224 1058 1290 1116; x_wconf 90' lang='lat' dir='ltr'><strong>in</strong></span> <span class='ocrx_word' id='word_1_59' title='bbox 1334 1058 1541 1117; x_wconf 89' lang='lat' dir='ltr'><strong>alium.</strong></span> <span class='ocrx_word' id='word_1_60' title='bbox 1630 1055 1757 1116; x_wconf 88' lang='lat' dir='ltr'><strong>Sed</strong></span> <span class='ocrx_word' id='word_1_61' title='bbox 1798 1057 1990 1136; x_wconf 90' lang='lat' dir='ltr'><strong>pluri-</strong></span> 
     </span>
     <span class='ocr_line' id='line_1_10' title="bbox 199 1157 1991 1235; baseline -0.004 -12"><span class='ocrx_word' id='word_1_62' title='bbox 199 1182 371 1223; x_wconf 88' lang='lat' dir='ltr'><strong>mum</strong></span> <span class='ocrx_word' id='word_1_63' title='bbox 416 1162 548 1220; x_wconf 89' lang='lat' dir='ltr'><strong>sine</strong></span> <span class='ocrx_word' id='word_1_64' title='bbox 593 1158 785 1217; x_wconf 89' lang='lat' dir='ltr'><strong>dubio</strong></span> <span class='ocrx_word' id='word_1_65' title='bbox 832 1158 1030 1219; x_wconf 90' lang='lat' dir='ltr'><strong>valuit</strong></span> <span class='ocrx_word' id='word_1_66' title='bbox 1072 1158 1343 1235; x_wconf 79' lang='lat' dir='ltr'><strong>gentium</strong></span> <span class='ocrx_word' id='word_1_67' title='bbox 1388 1157 1646 1216; x_wconf 83' lang='lat' dir='ltr'><strong>ambitio</strong></span> <span class='ocrx_word' id='word_1_68' title='bbox 1689 1157 1844 1216; x_wconf 81' lang='lat' dir='ltr'><strong>nihil</strong></span> <span class='ocrx_word' id='word_1_69' title='bbox 1890 1175 1991 1216; x_wconf 87' lang='lat' dir='ltr'><strong>ae-</strong></span> 
     </span>
     <span class='ocr_line' id='line_1_11' title="bbox 199 1255 1991 1342; baseline -0.003 -21"><span class='ocrx_word' id='word_1_70' title='bbox 199 1282 315 1342; x_wconf 86' lang='lat' dir='ltr'><strong>que</strong></span> <span class='ocrx_word' id='word_1_71' title='bbox 360 1260 809 1330; x_wconf 84' lang='lat' dir='ltr'><strong>affectantium‚</strong></span> <span class='ocrx_word' id='word_1_72' title='bbox 866 1276 1050 1337; x_wconf 90' lang='lat' dir='ltr'><strong>quam</strong></span> <span class='ocrx_word' id='word_1_73' title='bbox 1094 1266 1166 1317; x_wconf 95' lang='lat' dir='ltr'><strong>ut</strong></span> <span class='ocrx_word' id='word_1_74' title='bbox 1209 1256 1465 1316; x_wconf 90' lang='lat' dir='ltr'><strong>deorum</strong></span> <span class='ocrx_word' id='word_1_75' title='bbox 1511 1257 1779 1336; x_wconf 79' lang='lat' dir='ltr'><strong>aliquem</strong></span> <span class='ocrx_word' id='word_1_76' title='bbox 1822 1255 1991 1337; x_wconf 87' lang='lat' dir='ltr'><strong>apud</strong></span> 
     </span>
     <span class='ocr_line' id='line_1_12' title="bbox 199 1355 1992 1420; baseline -0.003 0"><span class='ocrx_word' id='word_1_77' title='bbox 199 1381 265 1420; x_wconf 90' lang='lat' dir='ltr'><strong>se</strong></span> <span class='ocrx_word' id='word_1_78' title='bbox 321 1368 429 1417; x_wconf 90' lang='lat' dir='ltr'><strong>aut</strong></span> <span class='ocrx_word' id='word_1_79' title='bbox 469 1364 699 1416; x_wconf 74' lang='lat' dir='ltr'><strong>vnatum</strong></span> <span class='ocrx_word' id='word_1_80' title='bbox 761 1367 869 1416; x_wconf 87' lang='lat' dir='ltr'><strong>aut</strong></span> <span class='ocrx_word' id='word_1_81' title='bbox 929 1355 1260 1416; x_wconf 91' lang='lat' dir='ltr'><strong>educatum</strong></span> <span class='ocrx_word' id='word_1_82' title='bbox 1306 1367 1413 1415; x_wconf 91' lang='lat' dir='ltr'><strong>aut</strong></span> <span class='ocrx_word' id='word_1_83' title='bbox 1455 1358 1811 1416; x_wconf 88' lang='lat' dir='ltr'><strong>maritatum</strong></span> <span class='ocrx_word' id='word_1_84' title='bbox 1856 1373 1992 1416; x_wconf 83' lang='lat' dir='ltr'><strong>esse</strong></span> 
     </span>
     <span class='ocr_line' id='line_1_13' title="bbox 197 1454 1994 1529; baseline -0.003 -8"><span class='ocrx_word' id='word_1_85' title='bbox 197 1461 543 1529; x_wconf 84' lang='lat' dir='ltr'><strong>vincerent,</strong></span> <span class='ocrx_word' id='word_1_86' title='bbox 616 1465 680 1514; x_wconf 90' lang='lat' dir='ltr'><strong>et</strong></span> <span class='ocrx_word' id='word_1_87' title='bbox 747 1455 828 1515; x_wconf 84' lang='lat' dir='ltr'><strong>ad</strong></span> <span class='ocrx_word' id='word_1_88' title='bbox 860 1478 863 1484; x_wconf 50' lang='lat'>¹</span> <span class='ocrx_word' id='word_1_89' title='bbox 897 1455 1344 1515; x_wconf 88' lang='lat' dir='ltr'><strong>conciliandam</strong></span> <span class='ocrx_word' id='word_1_90' title='bbox 1402 1455 1522 1514; x_wconf 90' lang='lat' dir='ltr'><strong>sibi</strong></span> <span class='ocrx_word' id='word_1_91' title='bbox 1575 1454 1762 1515; x_wconf 88' lang='lat' dir='ltr'><strong>fidem</strong></span> <span class='ocrx_word' id='word_1_92' title='bbox 1817 1465 1994 1515; x_wconf 85' lang='lat' dir='ltr'><strong>antra</strong></span> 
     </span>
     <span class='ocr_line' id='line_1_14' title="bbox 198 1553 1994 1635; baseline -0.003 -17"><span class='ocrx_word' id='word_1_93' title='bbox 198 1558 406 1631; x_wconf 83' lang='lat' dir='ltr'><strong>Idaea,</strong></span> <span class='ocrx_word' id='word_1_94' title='bbox 452 1556 776 1635; x_wconf 76' lang='lat' dir='ltr'><strong>OlympoS‚</strong></span> <span class='ocrx_word' id='word_1_95' title='bbox 820 1555 1128 1633; x_wconf 80' lang='lat' dir='ltr'><strong>OrtygiaS‚</strong></span> <span class='ocrx_word' id='word_1_96' title='bbox 1174 1553 1443 1632; x_wconf 79' lang='lat' dir='ltr'><strong>CreteaS‚</strong></span> <span class='ocrx_word' id='word_1_97' title='bbox 1488 1554 1773 1621; x_wconf 84' lang='lat' dir='ltr'><strong>Tritones</strong></span> <span class='ocrx_word' id='word_1_98' title='bbox 1809 1565 1994 1634; x_wconf 88' lang='lat' dir='ltr'><strong>atque</strong></span> 
     </span>
     <span class='ocr_line' id='line_1_15' title="bbox 203 1652 1515 1735; baseline -0.004 -16"><span class='ocrx_word' id='word_1_99' title='bbox 203 1659 478 1719; x_wconf 86' lang='lat' dir='ltr'><strong>Oceanos</strong></span> <span class='ocrx_word' id='word_1_100' title='bbox 525 1655 895 1716; x_wconf 88' lang='lat' dir='ltr'><strong>domesticos</strong></span> <span class='ocrx_word' id='word_1_101' title='bbox 942 1657 1405 1716; x_wconf 87' lang='lat' dir='ltr'><strong>ementientium</strong></span> <span class='ocrx_word' id='word_1_102' title='bbox 1423 1652 1515 1735; x_wconf 68' lang='grc' dir='ltr'><strong>[Ἴ.</strong></span> 
     </span>
    </p>
   </div>
   <div class='ocr_carea' id='block_1_3' title="bbox 1001 1901 1197 1980">
    <p class='ocr_par' dir='ltr' id='par_1_3' title="bbox 1001 1901 1197 1980">
     <span class='ocr_line' id='line_1_16' title="bbox 1001 1901 1197 1980; baseline 0 -22"><span class='ocrx_word' id='word_1_103' title='bbox 1001 1902 1052 1980; x_wconf 60' lang='grc' dir='ltr'><strong>ξ.</strong></span> <span class='ocrx_word' id='word_1_104' title='bbox 1140 1901 1197 1959; x_wconf 88' lang='grc'><strong>4.</strong></span> 
     </span>
    </p>
   </div>
   <div class='ocr_carea' id='block_1_4' title="bbox 202 2052 1998 3249">
    <p class='ocr_par' dir='ltr' id='par_1_4' title="bbox 202 2052 1998 3249">
     <span class='ocr_line' id='line_1_17' title="bbox 375 2052 1994 2149; baseline -0.002 -18"><span class='ocrx_word' id='word_1_105' title='bbox 375 2073 706 2131; x_wconf 85' lang='lat' dir='ltr'><strong>Pausanias</strong></span> <span class='ocrx_word' id='word_1_106' title='bbox 776 2071 847 2128; x_wconf 86' lang='lat' dir='ltr'><strong>V.</strong></span> <span class='ocrx_word' id='word_1_107' title='bbox 906 2073 963 2128; x_wconf 88' lang='lat'><strong>7.</strong></span> <span class='ocrx_word' id='word_1_108' title='bbox 1025 2052 1236 2129; x_wconf 81' lang='lat' dir='ltr'><strong>narrat</strong></span> <span class='ocrx_word' id='word_1_109' title='bbox 1303 2071 1489 2129; x_wconf 88' lang='lat' dir='ltr'><strong>Eleos</strong></span> <span class='ocrx_word' id='word_1_110' title='bbox 1560 2070 1994 2149; x_wconf 87' lang='lat' dir='ltr'><strong>Olympiorum</strong></span> 
     </span>
     <span class='ocr_line' id='line_1_18' title="bbox 207 2168 1995 2252; baseline -0.003 -20"><span class='ocrx_word' id='word_1_111' title='bbox 207 2175 476 2252; x_wconf 90' lang='lat' dir='ltr'><strong>primam</strong></span> <span class='ocrx_word' id='word_1_112' title='bbox 521 2171 997 2234; x_wconf 81' lang='lat' dir='ltr'><strong>institutionem,</strong></span> <span class='ocrx_word' id='word_1_113' title='bbox 1020 2169 1101 2230; x_wconf 86' lang='lat' dir='ltr'><strong>ad</strong></span> <span class='ocrx_word' id='word_1_114' title='bbox 1143 2169 1361 2229; x_wconf 89' lang='lat' dir='ltr'><strong>Idaeos</strong></span> <span class='ocrx_word' id='word_1_115' title='bbox 1405 2169 1633 2229; x_wconf 86' lang='lat' dir='ltr'><strong>referre</strong></span> <span class='ocrx_word' id='word_1_116' title='bbox 1674 2168 1995 2245; x_wconf 84' lang='lat' dir='ltr'><strong>Dactylos‚</strong></span> 
     </span>
     <span class='ocr_line' id='line_1_19' title="bbox 205 2267 1998 2352; baseline -0.003 -20"><span class='ocrx_word' id='word_1_117' title='bbox 205 2275 470 2352; x_wconf 90' lang='lat' dir='ltr'><strong>quinque</strong></span> <span class='ocrx_word' id='word_1_118' title='bbox 514 2272 736 2331; x_wconf 87' lang='lat' dir='ltr'><strong>fratres</strong></span> <span class='ocrx_word' id='word_1_119' title='bbox 779 2291 812 2329; x_wconf 89' lang='lat' dir='ltr'><strong>e</strong></span> <span class='ocrx_word' id='word_1_120' title='bbox 842 2268 1023 2330; x_wconf 90' lang='lat' dir='ltr'><strong>Creta</strong></span> <span class='ocrx_word' id='word_1_121' title='bbox 1052 2269 1132 2330; x_wconf 89' lang='lat' dir='ltr'><strong>ad</strong></span> <span class='ocrx_word' id='word_1_122' title='bbox 1178 2269 1650 2330; x_wconf 84' lang='lat' dir='ltr'><strong>custodiendum</strong></span> <span class='ocrx_word' id='word_1_123' title='bbox 1693 2267 1915 2331; x_wconf 80' lang='lat' dir='ltr'><strong>Jovem</strong></span> <span class='ocrx_word' id='word_1_124' title='bbox 1960 2287 1998 2327; x_wconf 94' lang='lat' dir='ltr'><strong>a</strong></span> 
     </span>
     <span class='ocr_line' id='line_1_20' title="bbox 202 2370 1996 2451; baseline -0.003 -20"><span class='ocrx_word' id='word_1_125' title='bbox 202 2374 372 2432; x_wconf 87' lang='lat' dir='ltr'><strong>Rhea</strong></span> <span class='ocrx_word' id='word_1_126' title='bbox 428 2374 778 2442; x_wconf 78' lang='lat' dir='ltr'><strong>arcessitos„</strong></span> <span class='ocrx_word' id='word_1_127' title='bbox 843 2371 1202 2444; x_wconf 84' lang='lat' dir='ltr'><strong>Herculem,</strong></span> <span class='ocrx_word' id='word_1_128' title='bbox 1272 2371 1690 2442; x_wconf 89' lang='lat' dir='ltr'><strong>Paeonaeum‚</strong></span> <span class='ocrx_word' id='word_1_129' title='bbox 1745 2370 1996 2451; x_wconf 90' lang='lat' dir='ltr'><strong>Epime-</strong></span> 
     </span>
     <span class='ocr_line' id='line_1_21' title="bbox 205 2468 1996 2543; baseline -0.001 -14"><span class='ocrx_word' id='word_1_130' title='bbox 205 2470 378 2540; x_wconf 85' lang='lat' dir='ltr'><strong>dem,</strong></span> <span class='ocrx_word' id='word_1_131' title='bbox 434 2470 638 2530; x_wconf 90' lang='lat' dir='ltr'><strong>Iasum</strong></span> <span class='ocrx_word' id='word_1_132' title='bbox 684 2481 746 2529; x_wconf 91' lang='lat' dir='ltr'><strong>et</strong></span> <span class='ocrx_word' id='word_1_133' title='bbox 788 2470 939 2528; x_wconf 90' lang='lat' dir='ltr'><strong>Idan</strong></span> <span class='ocrx_word' id='word_1_134' title='bbox 983 2472 1150 2542; x_wconf 88' lang='lat' dir='ltr'><strong>sive,</strong></span> <span class='ocrx_word' id='word_1_135' title='bbox 1206 2479 1277 2528; x_wconf 91' lang='lat' dir='ltr'><strong>ut</strong></span> <span class='ocrx_word' id='word_1_136' title='bbox 1318 2470 1424 2529; x_wconf 92' lang='lat' dir='ltr'><strong>alii</strong></span> <span class='ocrx_word' id='word_1_137' title='bbox 1465 2470 1801 2543; x_wconf 79' lang='lat' dir='ltr'><strong>vocabant,</strong></span> <span class='ocrx_word' id='word_1_138' title='bbox 1844 2468 1996 2529; x_wconf 87' lang='lat' dir='ltr'><strong>Ace-</strong></span> 
     </span>
     <span class='ocr_line' id='line_1_22' title="bbox 204 2566 1996 2648; baseline -0.002 -19"><span class='ocrx_word' id='word_1_139' title='bbox 204 2570 382 2629; x_wconf 90' lang='lat' dir='ltr'><strong>sidan</strong></span> <span class='ocrx_word' id='word_1_140' title='bbox 443 2590 489 2628; x_wconf 91' lang='lat' dir='ltr'><strong>c.</strong></span> <span class='ocrx_word' id='word_1_141' title='bbox 543 2571 635 2628; x_wconf 90' lang='lat'><strong>14.</strong></span> <span class='ocrx_word' id='word_1_142' title='bbox 699 2588 851 2648; x_wconf 91' lang='lat' dir='ltr'><strong>quos</strong></span> <span class='ocrx_word' id='word_1_143' title='bbox 907 2569 1158 2629; x_wconf 89' lang='lat' dir='ltr'><strong>eosdem</strong></span> <span class='ocrx_word' id='word_1_144' title='bbox 1209 2566 1465 2628; x_wconf 88' lang='lat' dir='ltr'><strong>Curetes</strong></span> <span class='ocrx_word' id='word_1_145' title='bbox 1526 2571 1755 2631; x_wconf 86' lang='lat' dir='ltr'><strong>vocari.</strong></span> <span class='ocrx_word' id='word_1_146' title='bbox 1861 2569 1996 2627; x_wconf 91' lang='lat' dir='ltr'><strong>De-</strong></span> 
     </span>
     <span class='ocr_line' id='line_1_23' title="bbox 205 2667 1994 2749; baseline -0.002 -19"><span class='ocrx_word' id='word_1_147' title='bbox 205 2689 336 2730; x_wconf 90' lang='lat' dir='ltr'><strong>cem</strong></span> <span class='ocrx_word' id='word_1_148' title='bbox 383 2680 526 2748; x_wconf 88' lang='lat' dir='ltr'><strong>post</strong></span> <span class='ocrx_word' id='word_1_149' title='bbox 570 2670 1010 2730; x_wconf 89' lang='lat' dir='ltr'><strong>Deucalionem</strong></span> <span class='ocrx_word' id='word_1_150' title='bbox 1057 2670 1264 2729; x_wconf 87' lang='lat' dir='ltr'><strong>lustris</strong></span> <span class='ocrx_word' id='word_1_151' title='bbox 1318 2670 1602 2731; x_wconf 87' lang='lat' dir='ltr'><strong>Herculis</strong></span> <span class='ocrx_word' id='word_1_152' title='bbox 1658 2667 1825 2729; x_wconf 87' lang='lat' dir='ltr'><strong>illius</strong></span> <span class='ocrx_word' id='word_1_153' title='bbox 1883 2686 1994 2749; x_wconf 90' lang='lat' dir='ltr'><strong>po-</strong></span> 
     </span>
     <span class='ocr_line' id='line_1_24' title="bbox 204 2767 1993 2847; baseline -0.002 -17"><span class='ocrx_word' id='word_1_154' title='bbox 204 2780 436 2830; x_wconf 86' lang='lat' dir='ltr'><strong>sterum</strong></span> <span class='ocrx_word' id='word_1_155' title='bbox 497 2767 862 2847; x_wconf 84' lang='lat' dir='ltr'><strong>Clymenum</strong></span> <span class='ocrx_word' id='word_1_156' title='bbox 908 2791 942 2829; x_wconf 94' lang='lat' dir='ltr'><strong>e</strong></span> <span class='ocrx_word' id='word_1_157' title='bbox 988 2767 1270 2846; x_wconf 88' lang='lat' dir='ltr'><strong>Cydonia</strong></span> <span class='ocrx_word' id='word_1_158' title='bbox 1313 2770 1559 2831; x_wconf 90' lang='lat' dir='ltr'><strong>Elidem</strong></span> <span class='ocrx_word' id='word_1_159' title='bbox 1605 2771 1849 2833; x_wconf 88' lang='lat' dir='ltr'><strong>venisse</strong></span> <span class='ocrx_word' id='word_1_160' title='bbox 1892 2769 1993 2827; x_wconf 88' lang='lat' dir='ltr'><strong>VI.</strong></span> 
     </span>
     <span class='ocr_line' id='line_1_25' title="bbox 205 2869 1993 2953; baseline -0.002 -22"><span class='ocrx_word' id='word_1_161' title='bbox 205 2869 310 2931; x_wconf 75' lang='lat'><strong>21.</strong></span> <span class='ocrx_word' id='word_1_162' title='bbox 377 2884 670 2950; x_wconf 82' lang='lat' dir='ltr'><strong>aramque</strong></span> <span class='ocrx_word' id='word_1_163' title='bbox 734 2871 986 2931; x_wconf 90' lang='lat' dir='ltr'><strong>Herculi</strong></span> <span class='ocrx_word' id='word_1_164' title='bbox 1042 2871 1409 2953; x_wconf 78' lang='grc' dir='ltr'><em>παραστάτῃ</em></span> <span class='ocrx_word' id='word_1_165' title='bbox 1468 2872 1802 2950; x_wconf 85' lang='lat' dir='ltr'><strong>ceterisque</strong></span> <span class='ocrx_word' id='word_1_166' title='bbox 1862 2883 1993 2928; x_wconf 82' lang='lat' dir='ltr'><strong>&#39;ere-</strong></span> 
     </span>
     <span class='ocr_line' id='line_1_26' title="bbox 203 2955 1988 3051; baseline -0.001 -23"><span class='ocrx_word' id='word_1_167' title='bbox 203 2973 366 3030; x_wconf 84' lang='lat' dir='ltr'><strong>xisse</strong></span> <span class='ocrx_word' id='word_1_168' title='bbox 411 2966 756 3042; x_wconf 79' lang='lat' dir='ltr'><strong>CuretibuS,</strong></span> <span class='ocrx_word' id='word_1_169' title='bbox 802 2972 1123 3051; x_wconf 87' lang='lat' dir='ltr'><strong>expulsum</strong></span> <span class='ocrx_word' id='word_1_170' title='bbox 1169 2980 1390 3051; x_wconf 91' lang='lat' dir='ltr'><strong>postea</strong></span> <span class='ocrx_word' id='word_1_171' title='bbox 1433 2972 1510 3032; x_wconf 91' lang='lat' dir='ltr'><strong>ab</strong></span> <span class='ocrx_word' id='word_1_172' title='bbox 1550 2955 1796 3031; x_wconf 74' lang='lat' dir='ltr'><strong>Aetlilio</strong></span> <span class='ocrx_word' id='word_1_173' title='bbox 1830 2969 1988 3028; x_wconf 78' lang='lat' dir='ltr'><strong>VIII.</strong></span> 
     </span>
     <span class='ocr_line' id='line_1_27' title="bbox 204 3068 1990 3148; baseline -0.001 -20"><span class='ocrx_word' id='word_1_174' title='bbox 204 3069 303 3128; x_wconf 86' lang='lat'><strong>31.</strong></span> <span class='ocrx_word' id='word_1_175' title='bbox 389 3068 559 3128; x_wconf 87' lang='lat' dir='ltr'><strong>Haec</strong></span> <span class='ocrx_word' id='word_1_176' title='bbox 604 3069 722 3129; x_wconf 86' lang='lat' dir='ltr'><strong>fuit</strong></span> <span class='ocrx_word' id='word_1_177' title='bbox 766 3071 1061 3130; x_wconf 91' lang='lat' dir='ltr'><strong>Eleorum</strong></span> <span class='ocrx_word' id='word_1_178' title='bbox 1118 3074 1388 3131; x_wconf 86' lang='lat' dir='ltr'><strong>narratio</strong></span> <span class='ocrx_word' id='word_1_179' title='bbox 1445 3069 1659 3148; x_wconf 72' lang='lat' dir='ltr'><strong>graeca</strong></span> <span class='ocrx_word' id='word_1_180' title='bbox 1715 3071 1990 3131; x_wconf 89' lang='lat' dir='ltr'><strong>vanitate</strong></span> 
     </span>
     <span class='ocr_line' id='line_1_28' title="bbox 205 3169 1992 3249; baseline 0 -21"><span class='ocrx_word' id='word_1_181' title='bbox 205 3170 477 3241; x_wconf 89' lang='lat' dir='ltr'><strong>conficta,</strong></span> <span class='ocrx_word' id='word_1_182' title='bbox 521 3171 624 3248; x_wconf 91' lang='lat' dir='ltr'><strong>qui</strong></span> <span class='ocrx_word' id='word_1_183' title='bbox 669 3189 854 3249; x_wconf 88' lang='lat' dir='ltr'><strong>quum</strong></span> <span class='ocrx_word' id='word_1_184' title='bbox 894 3170 1070 3232; x_wconf 89' lang='lat' dir='ltr'><strong>Jovis</strong></span> <span class='ocrx_word' id='word_1_185' title='bbox 1112 3173 1345 3232; x_wconf 82' lang='lat' dir='ltr'><strong>natales</strong></span> <span class='ocrx_word' id='word_1_186' title='bbox 1382 3189 1530 3230; x_wconf 86' lang='lat' dir='ltr'><strong>suae</strong></span> <span class='ocrx_word' id='word_1_187' title='bbox 1574 3169 1992 3230; x_wconf 89' lang='lat' dir='ltr'><strong>vindicassent</strong></span> 
     </span>
    </p>
   </div>
   <div class='ocr_carea' id='block_1_5' title="bbox 202 3323 1985 3442">
    <p class='ocr_par' dir='ltr' id='par_1_5' title="bbox 202 3323 1985 3442">
     <span class='ocr_line' id='line_1_29' title="bbox 312 3323 1985 3382; baseline -0.001 -16"><span class='ocrx_word' id='word_1_188' title='bbox 312 3324 393 3381; x_wconf 80' lang='lat' dir='ltr'><strong>[k]</strong></span> <span class='ocrx_word' id='word_1_189' title='bbox 452 3323 643 3367; x_wconf 80' lang='lat' dir='ltr'><strong>Montem</strong></span> <span class='ocrx_word' id='word_1_190' title='bbox 676 3325 1017 3382; x_wconf 87' lang='lat' dir='ltr'><strong>Berecynthum‚</strong></span> <span class='ocrx_word' id='word_1_191' title='bbox 1059 3341 1183 3382; x_wconf 88' lang='lat' dir='ltr'><strong>quem</strong></span> <span class='ocrx_word' id='word_1_192' title='bbox 1214 3327 1433 3369; x_wconf 86' lang='lat' dir='ltr'><strong>Diodorus</strong></span> <span class='ocrx_word' id='word_1_193' title='bbox 1477 3327 1637 3371; x_wconf 85' lang='lat' dir='ltr'><strong>Cretae</strong></span> <span class='ocrx_word' id='word_1_194' title='bbox 1678 3326 1832 3380; x_wconf 72' lang='lat' dir='ltr'><strong>infert,</strong></span> <span class='ocrx_word' id='word_1_195' title='bbox 1875 3323 1985 3367; x_wconf 80' lang='lat' dir='ltr'><strong>ficti-</strong></span> 
     </span>
     <span class='ocr_line' id='line_1_30' title="bbox 202 3377 1546 3442; baseline 0.001 -17"><span class='ocrx_word' id='word_1_196' title='bbox 202 3382 344 3426; x_wconf 77' lang='lat' dir='ltr'><strong>ticium</strong></span> <span class='ocrx_word' id='word_1_197' title='bbox 377 3396 470 3425; x_wconf 85' lang='lat' dir='ltr'><strong>esse</strong></span> <span class='ocrx_word' id='word_1_198' title='bbox 500 3377 788 3438; x_wconf 84' lang='lat' dir='ltr'><strong>probabiliter</strong></span> <span class='ocrx_word' id='word_1_199' title='bbox 819 3386 1009 3442; x_wconf 79' lang='lat' dir='ltr'><strong>disputat</strong></span> <span class='ocrx_word' id='word_1_200' title='bbox 1039 3385 1260 3428; x_wconf 83' lang='lat' dir='ltr'><strong>Hoeckius</strong></span> <span class='ocrx_word' id='word_1_201' title='bbox 1292 3386 1347 3427; x_wconf 88' lang='grc' dir='ltr'><strong>Τ.</strong></span> <span class='ocrx_word' id='word_1_202' title='bbox 1379 3385 1414 3428; x_wconf 89' lang='lat' dir='ltr'><strong>I.</strong></span> <span class='ocrx_word' id='word_1_203' title='bbox 1448 3385 1546 3428; x_wconf 70' lang='lat'><strong>280.</strong></span> 
     </span>
    </p>
   </div>
  </div>
 </body>
</html>
