2150 3814
245 201 412 264 1088
778 169 1536 260 1.1131·:11s13:cu·N1›1}s.⁸'

239 345 417 407 nobis
462 344 934 426 Spitzkt‘ipfe
976 352 1288 405 vocantur.
1355 342 1537 405 Hunc
1577 347 1765 424 igitur
1805 348 2010 409 caudi-

243 466 395 520 cem,
437 447 504 504 in
548 464 668 524 quo
712 452 934 502 natura
974 445 1150 523 quasi
1181 443 1519 506 ludibunda
1552 446 1772 507 faciem
1794 446 2011 506 adum-

238 545 528 607 braverat
569 580 654 590 --
707 543 826 600 nisi
881 541 1002 600 fuit
1053 542 1280 602 veteris
1323 554 1560 605 statuae
1603 547 2014 625 fragmentum

237 646 305 704 in
371 662 544 701 mare
597 642 903 719 abjectum
931 642 999 718 [⁰]
1043 677 1146 696 —-.
1169 641 1393 718 Pythia
1444 646 1712 724 Dionysi
1765 647 2015 704 nomine

241 743 579 803 consecrari
626 742 814 819 jussit
869 750 931 799 et
983 739 1234 819 quidem
1278 740 1563 822 Φάλητος
1614 746 1720 807 vel
1765 752 2015 824 Φαλλῆ-

236 866 345 912 νος
359 887 381 916 ,
424 843 568 920 quia
611 841 904 900 alterutra
945 858 1088 921 pars
1130 842 1198 899 in
1239 840 1517 921 phallum
1559 843 1781 904 exibat.

411 939 708 1014 Quintum
764 941 1077 1000 oraculum
1133 949 1226 1000 est
1279 940 1358 999 de
1410 950 1830 1022 temperatura
1883 944 2015 1003 vini

237 1043 306 1100 in
361 1040 559 1101 Schol.
615 1040 770 1099 vict.
824 1039 907 1100 ad
958 1042 1028 1100 ll.
1080 1039 1183 1100 VI.
1232 1039 1369 1100 136.
1414 1040 1521 1100 ubi
1562 1041 1707 1119 fuga
1747 1042 2018 1119 Dionysi

238 1143 411 1203 Varie
455 1142 820 1221 explicatur:
875 1139 914 1220 ἢ
950 1142 1046 1203 ὅτι
1081 1141 1362 1224 χρησμὸς
1403 1139 1600 1221 ἐδόθη
1645 1139 1906 1206 ἁλιεύειν
1949 1146 2017 1206 ἐν

237 1239 410 1323 τόπῳ
479 1240 793 1306 Διόνυσον
862 1241 1031 1303 ἁλιέα
1083 1241 1474 1323 βαπτίζοιτε,
1533 1241 1617 1310 ὥς
1675 1240 2016 1324 Φιλόχορος

240 1341 507 1420 (Fragm.
550 1359 610 1419 p.
660 1340 826 1420 loo.)
878 1339 1097 1418 quibus
1143 1335 1405 1418 adJunge
1449 1338 1615 1419 quod
1657 1341 2016 1400 Plutarchus

243 1437 490 1512 Quaest.
535 1439 748 1501 Natur.
793 1440 860 1497 in
902 1440 1166 1499 lemnate
1212 1437 1358 1519 Cap.
1402 1440 1480 1500 X.
1523 1440 1742 1500 refert:
1792 1442 1915 1505 Δία
1956 1442 2020 1504 τὶ

236 1547 327 1622 τῷ
370 1544 521 1623 οἴνῳ
562 1537 897 1603 θάλασσαν
939 1541 1352 1622 παραχέουσι,
1413 1540 1518 1601 καὶ
1551 1538 1838 1623 χρησμόν
1880 1565 2018 1605 τινα

236 1641 522 1725 λέγουσιν
564 1640 750 1709 ἁλιεῖς
787 1643 1170 1721 κομισθῆναι
1203 1636 1664 1723 προςτοίττοντα
1695 1640 2019 1721 βαπτίζειν

236 1741 350 1803 τὸν
393 1738 703 1803 Διόνυσον
747 1739 902 1822 πρὸς
942 1739 1057 1818 τὴν
1100 1738 1452 1804 θάλασσαν.
1518 1739 1642 1799 Hic
1676 1740 1883 1811 Ἁλιεῖς
1922 1760 2020 1800 re-

235 1838 592 1919 ponendum
635 1849 697 1898 et
738 1841 804 1897 in
846 1838 1225 1898 Scholiastae
1267 1839 1474 1900 verbis
1510 1842 1791 1922 χρησμὸς
1823 1839 2018 1920 ἐδόθη

230 1939 545 2002 Ἁλιεῦσιν.
633 1938 895 2015 Pythiae
950 1937 1141 2000 verba
1194 1957 1328 1999 esse
1371 1938 1662 2000 videntur
1703 1939 2018 2006 Διόνυσον

242 2036 595 2122 ἆλιβὸύοιτε
640 2038 944 2118 (τουτέστι
984 2038 1364 2120 βαπτίζοιτε)
1409 2038 1718 2120 θαλάσσῃ.

409 2138 667 2198 Sextum
718 2137 836 2196 hoc
890 2137 1056 2216 quod
1113 2135 1395 2196 Clemens
1452 2140 1647 2215 tangit
1704 2139 1928 2200 Strom.
1971 2143 2018 2201 Ι.

241 2238 384 2299 349.
423 2240 664 2324 λέγεται
707 2241 774 2301 ἐν
807 2245 1073 2321 χρησμῷ
1115 2261 1240 2301 τινι
1285 2245 1503 2308 στῦλος
1550 2239 1840 2321 Θηβαίοις
1871 2240 2020 2305 Διό-

239 2359 428 2408 νυσος
488 2338 846 2421 (Θηβαίοισι
887 2336 1237 2418 Διώνυσος)
1281 2336 1668 2424 πολυγηθής
1717 2341 1870 2403 αλλὰ
1914 2342 2020 2404 καὶ

238 2437 579 2520 Εὐριπίδης
646 2442 747 2501 ἐν
775 2435 1060 2517 Ἀντιόπη
1123 2445 1438 2518 Κομῶντα
1504 2447 1721 2500 κισσοῦ
1792 2449 2019 2505 στῦλον

239 2539 436 2602 Εῦΐου
491 2541 678 2600 θεοῦ·
737 2536 815 2595 de
859 2554 979 2616 quo
1022 2536 1159 2595 loco
1204 2535 1381 2595 docte
1425 2537 1733 2598 disserunt
1774 2538 2017 2622 Antiqq.

237 2638 675 2700 HerculanenS.
719 2636 986 2697 editores
1030 2635 1099 2695 T.
1142 2635 1245 2696 lv.
1288 2657 1348 2717 p.
1393 2638 1495 2697 82.
1540 2656 1626 2717 sq.

255 2867 257 2870 ,
359 2825 428 2882 [⁶]
462 2822 728 2880 Stephanus·
759 2817 987 2866 Διονύσου
1017 2818 1146 2871 πόλις
1168 2821 1226 2894 {v
1252 2823 1315 2879 τῷ
1343 2819 1522 2879 Πόντῳ,
1552 2840 1580 2865 r
1610 2817 1831 2892 πρότερον
1859 2828 2014 2895 Κρου-

241 2886 327 2928 νοί.
387 2884 693 2926 Διονυσιακοῦ
724 2880 775 2925 δὲ
805 2877 1133 2950 προςπεσόντος
1163 2878 1354 2950 ὕστερον
1383 2883 1433 2925 ἐκ
1462 2884 1543 2951 τῆς
1572 2876 1794 2935 θαλάττης
1822 2898 1890 2926 τοι
1875 2887 1914 2931 ἴς
1935 2881 2014 2927 τό-

240 2958 320 2986 ποι
323 2958 343 2991 ς
371 2937 641 3013 ἀγάλματος
659 2938 797 2990 οὕτως
826 2936 1006 3010 ἐκλήθη.
1066 2936 1294 2983 Διονύσου
1337 2936 1443 2983 πόλι
1429 2957 1468 2989 ις
1503 2935 1543 2994 β
1577 2943 1806 3015 Φρυγίας,
1840 2945 2013 3010 κτίσμα

235 2995 444 3045 Ἀττάλου
473 3001 550 3043 καὶ
578 2997 814 3058 Εὐμένους
845 2994 1010 3048 ξόανον
1038 2994 1262 3056 εὑρόντων
1285 2995 1512 3043 Διονύσου
1543 3001 1649 3057 περὶ
1678 2996 1780 3048 τοὺς
1802 2995 1979 3050 τόπους.

856 3209 1149 3216 ——v—-m
1154 3209 1379 3216 ..r-”m
