2150 3814
826 217 1297 263 carrucas
1781 207 1941 274 1101

162 353 517 434 Simplicius
558 353 626 411 in
665 348 846 426 Phys.
889 346 959 407 L.
1001 340 1048 408 1'.
1092 367 1154 429 Ρ.
1198 346 1258 408 6.
1301 366 1354 408 a.
1397 347 1483 408 Et
1514 349 1691 410 Philo
1729 348 1947 425 Quod

159 452 406 514 Mund.
445 455 721 513 incorr.
757 467 820 530 Ρ.
853 446 998 509 958.
1029 447 1107 509 Α.
1149 449 1619 510 ἰεοιιοιηίαηι
1656 452 1944 527 mundi,

157 555 390 633 inquit,
444 551 798 612 continet
863 547 1354 633 ὖπερβάλλορσά.
1397 575 1491 622 τις
1527 556 1677 615 ’τῶν
1728 552 1946 617 τεττά-

159 677 292 735 ρων
334 653 674 721 ἅντέκτισις
715 647 1073 733 δυνάμεων,
1118 648 1400 731 ἰσότητος
1445 650 1666 716 ιὶάνόσι
1698 654 1805 716 καὶ
1833 654 1944 717 ὃι-

154 750 540 832 καιοσύνη
556 777 589 822 ς
641 752 1122 834 σταθμωμένων
1173 751 1288 822 τὰς
1331 750 1619 837 ἀμοιβάς.
1706 753 1778 814 In
1821 754 1943 832 Py-

152 851 444 930 thagorae
510 852 798 929 symbolo
863 871 963 934 ap.
1028 850 1351 913 Jamblich.
1379 853 1712 935 Protrept.
1769 853 1940 916 XXI.

151 951 299 1012 312.
355 952 702 1036 ἀποδημῶν
755 961 865 1034 τῆς
908 951 1105 1023 οἰκίας
1146 952 1233 1034 μὴ
1276 955 1664 1037 ἐπιστρέφου.
1743 956 1946 1041 Ἔριν-

149 1050 293 1123 νύες
334 1053 459 1139 γὰρ
501 1055 920 1138 μετέρχονται·
965 1053 1340 1131 significatur
1377 1052 1436 1132 ἡ
1460 1051 1781 1134 μετάνοια.

333 1585 1392 1667 Erlmn'rnum
1509 1559 1744 1665 xx4

479 1770 561 1821 ad
609 1768 887 1827 e.-vl11.
944 1775 994 1837 ς.
1032 1769 1080 1824 6.
1139 1779 1302 1838 post
1365 1779 1502 1822 not.
1540 1766 1616 1821 b..

308 1950 670 2014 Herodotus
695 1955 1050 2032 Dionysum
1094 1955 1312 2015 statuit
1349 1953 1536 2013 deum
1559 1952 1939 2035 Aegyptium

137 2055 395 2134 proprio
449 2057 702 2116 nomine
757 2055 965 2116 Osirin
1024 2055 1258 2116 dictum
1303 2073 1436 2114 esse
1480 2055 1939 2135 ejusquevnoti-

140 2155 294 2213 tiam
338 2155 723 2236 Melampum
780 2175 823 2215 a
865 2154 1085 2232 Cadmi
1141 2157 1451 2234 accepisse
1504 2155 1831 2215 comitibus
1878 2166 1940 2215 et

141 2253 362 2314 dehinc
403 2274 575 2315 sacra
600 2256 980 2334 Dionysiaca
1022 2257 1364 2315 instituisse
1408 2273 1530 2314 non
1573 2257 1758 2335 plane
1793 2275 1939 2335 qua-

141 2354 230 2414 lia
294 2354 590 2437 Aegyptii
659 2357 992 2430 celebrent,
1065 2356 1174 2416 sed
1243 2360 1450 2416 tamen
1517 2357 1612 2415 his
1681 2358 1935 2415 similia:

142 2457 441 2538 ἀτρεκέως
482 2457 603 2538 μὲν
644 2458 720 2520 οὗ
762 2456 969 2520 πάντα
1016 2456 1355 2537 συλλαβών
1397 2455 1511 2518 τὸν
1556 2454 1743 2540 λόγον
1788 2460 1936 2537 ἔφη·

140 2580 210 2620 νε
220 2601 244 2630 ,
291 2557 418 2619 ἀλλ’
465 2558 525 2620 οἱ
566 2553 1020 2642 ἐπιγιγνόμεναι
1066 2556 1360 2640 σοφισταὶ
1403 2553 1679 2635 μεζόνως
1725 2558 1936 2636 355<an-

139 2680 263 2721 ναν
306 2655 380 2715 Π.
425 2655 527 2716 49.
572 2674 731 2737 quae
773 2658 967 2733 verba>
1007 2657 1158 2716 nihil
1206 2656 1372 2715 aliud
1420 2654 1757 2734 significare
1794 2675 1936 2736 pos-

139 2766 313 2831 sunt,
381 2776 564 2837 quam
628 2757 741 2818 hos
796 2741 1104 2839 sophistas
1161 2758 1432 2835 Dionysi
1488 2775 1662 2816 sacra
1699 2767 1782 2814 et
1837 2757 1934 2817 his

140 2856 460 2936 adiunctas
505 2857 748 2919 fabulas
793 2858 1246 2941 aMelampode
1290 2867 1571 2938 acceptas
1599 2857 1937 2938 Aegyptia]-

142 2960 228 3019 cis
287 2959 590 3020 similiora
641 2958 1006 3021 reddidisse.
1091 2951 1566 3041 Melampodem'
1599 2959 1803 3039 prima
1838 2957 1935 3036 je-

142 3061 299 3119 cisse
350 3061 442 3119 rei
498 3059 906 3121 fundamenta
963 3060 1322 3121 Herodotus
1377 3058 1691 3140 concludit
1733 3077 1810 3119 ex
1855 3076 1930 3118 eo

144 3157 310 3237 quod
364 3159 687 3239 Dionysus
742 3161 1024 3225 Semelae
1077 3163 1242 3223 filius
1294 3160 1723 3242 perhibeatur,
1780 3149 1930 3222 deo·

141 3277 282 3318 rum
348 3269 558 3322 autem
624 3263 862 3326 natales
918 3261 1001 3323 ad
1055 3261 1214 3323 illud
1266 3272 1513 3344 tempus
1543 3261 1932 3334 referantur,

141 3376 266 3439 quo
335 3361 458 3441 ipsi
504 3364 796 3442 -primum
863 3364 1247 3425 innotuerint
1312 3361 1390 3425 Π.
1444 3362 1548 3425 46.
1607 3360 1774 3424 unde
1832 3378 1934 3422 se-

213 3461 273 3512 n,
1504 3463 1583 3525 21
