2150 3814
756 234 1332 280 sAMoTuRAmA.
1762 221 1924 282 1305

147 379 322 449 paret
366 390 400 428 e
443 369 720 445 Diogene
765 364 1044 436 Laertio,
1102 364 1207 441 qui
1262 361 1645 422 Arcesilaum
1699 377 1928 440 narrat,

145 471 456 530 hominem
500 470 737 527 lautum
800 474 862 524 et
899 464 1301 522 commerciis
1355 461 1657 523 nobilium
1713 463 1930 524 floren-

146 580 302 642 tem,
371 587 560 647 quum
620 565 781 624 forte
846 565 914 622 in
971 559 1315 642 Cercopum
1373 564 1513 624 foro
1570 573 1931 644 conspectus

145 679 335 741 esset,
389 667 500 744 ,his
567 664 774 727 verbis
835 682 874 722 a
925 662 1205 740 Diogene
1264 659 1496 738 Cynico
1562 664 1929 745 increpitum

145 786 307 826 esse:
362 766 428 828 τί
470 766 550 828 σὺ
593 766 797 848 δεῦρο·
825 761 1103 845 §maimo
1145 762 1318 844 ἡμεῖς
1362 766 1422 826 οἱ
1463 761 1786 848 ἐλεύθεροι
1821 763 1929 826 ΙΧ·.·

152 867 287 926 114.
351 884 472 947 quo
518 865 862 926 declaratur
905 864 1022 923 hoc
1065 863 1258 922 fuisse
1299 863 1656 942 plebeculae
1699 870 1935 946 panno-⁶

143 986 248 1026 sae
305 965 796 1039 diversorium,
819 984 1009 1025 verae
1063 963 1366 1023 libertatis
1424 963 1871 1039 domicilium,
1885 982 1937 1025 a

145 1066 410 1128 divitum
457 1067 870 1136 commerciis,
931 1063 1152 1143 quibus
1209 1062 1365 1120 alter
1416 1063 1544 1121 ille
1575 1065 1935 1186 Aristippus

146 1186 212 1226 se
257 1169 784 1246 emancipaverat,
828 1165 1019 1239 longe
1065 1161 1366 1220 exclusae.

311 1266 412 1324 De
453 1281 713 1324 numero
759 1260 1105 1343 Cercopum
1146 1261 1276 1320 fere
1322 1262 1712 1322 consentiunt
1763 1273 1938 1325 *vete-

145 1384 274 1438 res,
332 1364 458 1424 duo
503 1364 727 1436 fuisse,
760 1369 1042 1442 excepto
1086 1360 1404 1436 Diodoro,
1453 1365 1560 1442 qui
1603 1383 1790 1443 quum
1836 1382 1939 1424 eoa

145 1484 283 1524 rum
329 1473 572 1546 partem
615 1464 700 1525 ah
737 1463 1007 1541 Hercule
1050 1465 1352 1536 occisam,
1403 1462 1569 1523 'alios
1615 1465 1682 1523 in
1725 1461 1939 1526 vinca-³

151 1567 214 1625 la
282 1566 590 1644 conjectos
661 1562 855 1623 tradit
913 1562 1016 1621 IV.
1075 1562 1177 1624 31.
1248 1568 1562 1624 catervam
1630 1565 1941 1644 quandam

149 1677 564 1743 grassatorum
644 1663 936 1724 inducere
1014 1662 1282 1723 videtur.
1411 1664 1512 1722 De
1587 1665 1941 1725 nominibus

149 1784 550 1846 summopere
593 1764 920 1845 discrepata
1007 1762 1324 1822 Diotimus
1369 1762 1557 1822 Olum
1620 1775 1682 1824 et
1735 1764 1943 1843 Eury-

149 1865 365 1924 batum
436 1873 775 1937 memorat,
829 1862 1140 1926 ,Aeschrio
1189 1861 1511 1922 Andulum
1553 1865 1652 1945 [qq]
1715 1874 1779 1924 et
1831 1865 1945 1926 At-

147 1966 423 2039 lantum,
477 1965 635 2024 sicut
674 1965 743 2022 in
785 1961 992 2022 Photii
1035 1981 1278 2042 quoque
1333 1963 1560 2024 Lexico
1619 1965 1842 2043 legitur
1884 1986 1944 2046 p.
2006 1955 2010 1962 ¹

155 2064 294 2126 158.
396 2064 637 2126 Suidas
688 2062 1094 2140 Xenagoran,
1164 2073 1233 2122 ut
1285 2063 1566 2137 videtur,
1602 2076 1945 2146 sequutuS,

154 2164 505 2226 Candulum
588 2172 652 2222 et
729 2162 1079 2236 Atlantem,
1164 2161 1427 2223 Tzetzes
1491 2164 1844 2226 Passalum
1868 2178 1948 2230 et

154 2266 589 2338 Aclemonem,
647 2263 907 2324 Luciani
948 2265 1253 2344 interpres
1312 2264 1533 2324 Sillum
1590 2274 1654 2324 et
1709 2266 1949 2345 Tribal7·

155 2363 304 2440 lum,
349 2376 611 2446 quorum
654 2367 978 2424 nominum
1021 2364 1313 2444 pleraque
1357 2366 1598 2425 factitia
1631 2377 1775 2426 sunt
1787 2352 1949 2458 Cer*

157 2483 383 2547 copum
426 2464 705 2526 moribus
755 2466 1096 2554 aptissima.
1185 2464 1495 2525 Triballus
1553 2469 1717 2527 enim
1763 2456 1950 2550 syco'-

155 2568 455 2648 phantam
512 2567 810 2655 significat
861 2566 1039 2646 Hesy
1024 2566 1132 2625 ⁷ch.
1191 2567 1379 2626 Sillus
1437 2586 1782 2642 scurram,
1812 2577 1950 2628 san-

155 2669 440 2740 nionem,
480 2664 869 2739 derisorem,
925 2665 1091 2725 unde
1145 2668 1505 2741 σιλλαίνὲιν,
1556 2670 1827 2741 simare
1845 2683 1951 2729 na-

159 2787 298 2833 sum
343 2769 479 2834 sive
523 2766 823 2846 crispare,
881 2766 1140 2828 Glossae
1184 2777 1425 2830 veteres
1479 2766 1536 2830 N
1550 2771 1717 2829 ario
1774 2755 1949 2830 sub-

164 2878 569 2942 sannator3‘
621 2872 803 2950 ῥινᾷν
858 2885 1039 2928 nare
1095 2867 1576 2950 suspendere
1609 2871 1699 2952 [Ἴ.
1786 2868 1951 2932 Mar-

287 3035 384 3096 [qq]
444 3038 693 3095 Hesychius
721 3034 982 3096 Κάνδωλος,
1026 3041 1291 3099 κακοῦργος,
1324 3038 1495 3110 λῃστής.

286 3095 358 3152 [1']
399 3095 520 3139 Unus
559 3097 872 3170 parasitorum,
907 3111 1018 3170 quos
1049 3099 1290 3142 Menander
1328 3099 1373 3141 in
1417 3114 1587 3142 scenam
1625 3099 1816 3152 induxit,
1856 3100 1954 3157 glo-

168 3155 306 3197 rietus
345 3160 413 3197 est
461 3151 528 3198 ὅτι
600 3158 712 3199 ινῶν
763 3153 1035 3214 ἀνθρώπους
1079 3155 1258 3217 φάτνην
1303 3157 1464 3208 αὐτοὺς
1512 3161 1711 3209 ἐκείνους
1762 3154 1852 3216 εἶχε
1905 3174 1950 3204 v.

168 3214 344 3271 Fragm.
371 3228 417 3282 p.
448 3212 623 3258 278.1d
651 3219 718 3257 est
759 3214 1108 3270 ludificans,
1151 3231 1251 3274 per
1290 3218 1721 3261 simulationem
1749 3222 1952 3260 assen-

169 3272 419 3314 tationis
450 3273 767 3316 contemtim
797 3273 1078 3319 deridens.
1126 3276 1251 3344 Apud
1284 3275 1449 3319 Suidan
1480 3291 1513 3318 s.
1554 3273 1839 3345 Θεόπομπος,
1871 3288 1951 3333 pro

173 3327 300 3390 φθόη
331 3325 584 3388 ῥινώμενον
612 3333 689 3375 καὶ
717 3328 985 3388 λειβόμενον
1027 3335 1172 3378 nescio
1214 3348 1268 3377 an
1307 3337 1532 3393 ΐνωμένοι
1574 3335 1718 3392 potius
1758 3336 1950 3378 scriben-

173 3390 270 3433 dum
302 3389 359 3431 sit
388 3402 514 3444 quam
544 3386 869 3447 ῥικνούμενον,
904 3395 1018 3449 quod
1053 3394 1296 3438 Meinekius
1327 3394 1551 3451 proposuit
1580 3394 1734 3437 Scenn.
1769 3395 1950 3446 Quaest
