2150 3814
706 210 739 253 ,ς
833 201 1281 246 carruca,
1815 193 1941 253 997

59 412 63 418 1
171 334 283 393 bus
341 335 653 407 collectaS,
708 335 776 395 ἓν
831 331 922 402 οἷς
976 331 1080 419 καὶ
1133 332 1171 411 ἡ
1227 331 1624 414 Κεφαλίωνος
1681 336 1935 417 ἱστορία.

169 431 372 506 Quum
426 442 632 493 autem
687 428 982 511 Cephalio
1043 440 1286 514 praeter
1337 431 1514 491 illum
1560 430 1938 510 Gergithium

164 534 367 594 nullus
409 533 775 604 innotuerit,
834 551 1031 612 neque
1074 533 1238 592 hunc
1281 532 1358 591 de
1399 530 1750 592 Alexandro
1796 535 1937 602 scri-

166 634 364 713 psisse
420 640 687 704 constet,
743 631 1108 693 Sancrucius
1162 633 1379 692 Exam.
1439 629 1583 691 Crit.
1641 631 1748 691 des
1807 649 1934 693 anc.

161 731 395 791 Histor.
438 751 499 811 p.
522 731 624 790 60.
669 728 1159 812 Cephalaeonem
1203 733 1568 792 Photianum
1613 731 1932 791 historiam

158 829 494 891 Alexandri
549 833 752 910 primo
808 836 1139 914 separatim
1197 831 1496 906 edidisse,
1555 841 1699 911 post
1753 849 1935 909 angu-

159 933 314 990 stius
405 941 779 993 contractam
869 934 1201 993 summario
1284 933 1614 990 inseruisse
1701 933 1932 991 statuit.

157 1030 440 1091 Eundem
482 1050 694 1113 rursus
718 1032 971 1092 Photius
998 1030 1437 1110 Cephalionem
1461 1039 1644 1090 vocat
1671 1027 1930 1090 CLXVI.

162 1131 301 1190 177.
360 1131 475 1205 ubi,
509 1130 589 1188 de
633 1130 883 1210 Sopatri
924 1129 1165 1207 Eclogis
1207 1148 1538 1208 earumque
1582 1128 1819 1187 decimo
1862 1129 1933 1187 li-

156 1231 298 1291 bro:
372 1230 814 1312 συνηθροίσθη
883 1233 949 1291 {u
1014 1237 1122 1310 τῆς
1186 1229 1586 1313 Κεφαλίωνος
1646 1231 1932 1311 ’Ἐρατοῦς

154 1328 705 1412 διαλαμβανούσης
759 1330 839 1393 τὰ
895 1330 1054 1393 κατὰ
1091 1331 1548 1412 {agneramus
1585 1327 1750 1408 quod
1795 1347 1933 1388 cum

152 1429 460 1511 prioribus
517 1429 827 1488 conciliari
894 1431 1154 1510 poterit,
1229 1433 1284 1489 si
1343 1428 1678 1489 Alexandri
1744 1428 1934 1488 histo-

151 1532 308 1591 riam
353 1528 526 1588 ‘libro
569 1538 790 1590 octavo
837 1540 1148 1610 coeptam,
1201 1547 1366 1589 nono
1410 1529 1755 1589 absolutam
1802 1548 1933 1605 esse

153 1639 511 1690 statuamus,
612 1625 974 1708 Quanquam
1034 1639 1243 1689 autem
1303 1648 1527 1688 nomen
1581 1628 1781 1701 idem,
1826 1629 1952 1706 ho-¹

153 1732 348 1790 mines
402 1739 607 1787 tamen
663 1727 944 1789 diversos
998 1729 1189 1788 fuisse
1241 1728 1464 1787 Vossio
1513 1729 1656 1804 jure
1700 1730 1933 1786 assensi

153 1840 295 1891 sunt
347 1829 681 1887 Kuesterus
738 1826 820 1886 ad
876 1826 1046 1887 Suid.
1108 1845 1155 1886 S.
1213 1846 1271 1890 v.
1314 1826 1613 1904 fleynius
1657 1827 1738 1886 ad
1780 1826 1931 1886 Aen.

151 1931 224 1990 Π.
283 1929 427 1988 Exc.
482 1928 555 1986 Π.
599 1925 861 2009 aliique,
917 1927 1132 1987 relicta
1187 1946 1399 1987 eorum
1452 1928 1782 2000 sententia,
1829 1917 1931 2006 qui

149 2032 296 2110 quia
349 2012 602 2087 suida&
631 2025 1045 2109 Cephalonem
1100 2029 1234 2088 sive
1290 2025 1728 2108 Cephalionem
1786 2027 1932 2086 Ger-

151 2130 408 2207 githium
463 2127 727 2188 Adriani
770 2128 1151 2208 temporibus
1195 2129 1424 2190 vixisse
1467 2126 1687 2200 tradit,
1742 2133 1929 2186 unum

153 2226 583 2290 tantummodo
642 2229 823 2305 hujus
867 2229 1133 2287 nominis
1176 2228 1534 2307 scriptorem
1581 2226 1931 2298 admittunt,

153 2331 288 2391 sive
357 2326 620 2388 Adriani
688 2329 1039 2408 aequalem,
1104 2337 1174 2387 ut
1228 2326 1461 2386 Pinedo
1530 2328 1746 2387 statuit
1801 2325 1930 2386 Ind.

150 2428 328 2489 Auct.
385 2448 446 2508 p.
488 2424 634 2486 759.
691 2430 826 2489 sive
880 2426 1056 2485 illum
1113 2429 1552 2507 antiquiorem,
1608 2436 1678 2485 ut
1717 2426 1931 2486 Frere-

153 2531 274 2588 tius
317 2530 382 2587 in
425 2526 610 2586 Mem.
637 2525 826 2586 Acad.
856 2528 1043 2587 Paris.
1073 2526 1141 2587 T.
1170 2528 1299 2587 VII.
1326 2548 1386 2609 p.
1416 2524 1558 2588 567.
1593 2533 1654 2586 et
1680 2526 1752 2586 V.
1788 2527 1928 2587 360.

151 2629 362 2708 Neque
414 2629 556 2689 huic
609 2629 949 2688 sententiae
1005 2627 1238 2703 obstat,
1308 2628 1473 2708 quod
1530 2628 1784 2688 Vossius
1852 2627 1929 2686 de

152 2730 375 2790 Philos.
446 2750 493 2788 c.
563 2727 724 2789 XIII.
783 2728 1088 2803 defendit,
1175 2748 1383 2807 graece
1437 2728 1766 2788 scribentes
1822 2727 1927 2786 diu

153 2840 293 2890 ante
338 2828 668 2890 Caesarum
724 2838 989 2889 aetatem
1033 2829 1293 2890 dialecto
1336 2830 1537 2888 ionica
1578 2830 1672 2887 uti
1716 2828 1929 2887 desiis-

152 2949 248 3006 se3
291 2949 411 3011 quo
455 2938 813 3008 argumento
856 2932 961 2991 ille
996 2931 1261 3014 probare
1287 2936 1556 3003 conatur,
1598 2929 1927 2989 Aretaeum

159 3170 401 3215 Boeckhius
431 3172 486 3216 ad
515 3173 641 3217 Pind.
672 3174 749 3218 Fr.
811 3205 822 3217 .
854 3173 953 3219 655.
985 3175 1280 3232 corrigendum
1311 3177 1484 3230 putant3
1530 3172 1702 3216 Ariston
1744 3177 1789 3215 et
1826 3172 1922 3214 Ari-

160 3234 275 3272 steas
301 3245 344 3272 v.
375 3231 574 3288 Rutgers.
605 3232 734 3292 Varr.
764 3189 908 3277 fiectt.
940 3234 1018 3277 IV.
1054 3234 1121 3277 18.
1186 3234 1357 3275 Ariston
1398 3235 1443 3274 et
1478 3232 1667 3275 Aristion
1709 3246 1750 3274 v.
1798 3231 1923 3285 Wyt—

161 3288 357 3331 tenbach.
388 3290 444 3332 ad
472 3291 587 3334 Plut.
617 3291 666 3336 S.
696 3292 757 3335 N.
787 3292 842 3335 V.
882 3307 924 3350 p.
956 3291 1026 3336 57.
1089 3293 1281 3336 Aristeas
1311 3297 1355 3334 et
1384 3291 1578 3336 Aristeus
1609 3306 1649 3333 v,
1681 3288 1920 3334 Hemsterh.

163 3346 232 3389 ad.
265 3345 443 3391 Lucian.
483 3348 598 3393 Dial.
629 3349 765 3393 Mort.
796 3349 875 3394 XI.
913 3350 1007 3394 167.
