2150 3814
231 195 396 256 1286
798 208 1034 254 LIBER
1078 210 1444 255 TERTlus.

220 345 355 405 veri
406 342 610 405 similo
665 351 757 401 est
809 342 900 402 in*
933 339 1029 399 his
1082 336 1262 402 rebus
1308 348 1368 400 et
1409 340 1475 398 in
1518 339 1849 407 traditione
1889 362 1995 412 nd-

219 445 475 516 minum,
520 440 737 521 quibus
782 439 932 501 deos
978 438 1435 499 Samothracios
1478 442 1768 504 invocare
1813 460 1995 522 opor,

221 552 407 616 teret,
463 549 524 601 et
577 542 644 601 in
698 538 1112 620 praedicanda
1168 555 1381 603 eorum
1423 549 1729 618 potestate
1773 539 1997 600 doctri-

217 662 335 704 nae
377 642 678 718 mysticae
720 659 1027 701 summam
1070 640 1338 717 positam
1382 638 1587 701 fuisse.
1672 640 1769 699 De
1811 640 1997 700 Lem-

217 745 336 802 niis
381 740 629 821 quidem
674 749 737 799 et
778 741 1022 801 Imbriis
1068 735 1305 798 Cabiris
1348 736 1574 803 diserte
1616 739 1995 817 Pherecydes

217 863 315 923 ap.
363 841 562 901 Strab.
606 839 681 900 X.
719 841 861 901 210.
904 840 984 902 τὰ
1029 836 1310 919 ὀνόματα
1355 840 1569 902 αὐτῶν
1613 842 1739 902 ἐστι
1772 861 1995 920 μυστι-

214 942 311 1006 κᾶ.
349 950 412 1001 et
443 940 807 1001 Dardanum
829 941 1035 1019 ipsum
1057 939 1400 1015 Dionysius
1419 938 1607 998 refert
1634 957 1996 1016 magnorum

215 1042 471 1102 deorum
516 1043 580 1101 in
627 1040 1020 1101 Samothrace
1064 1039 1452 1105 constituisse
1494 1057 1666 1099 sacra
1701 1036 1997 1119 ἇῤῥήτους

212 1151 342 1214 τοῖς
398 1145 605 1210 ἄλλοις
659 1148 960 1203 ποιοῦντα
1014 1140 1128 1209 τὰς
1182 1139 1346 1209 ἰδίας
1401 1141 1613 1209 αὐτῶν
1655 1139 1995 1222 ὀνομασίας

211 1242 281 1302 L.
325 1241 370 1300 Ι.
416 1240 516 1299 68.
543 1240 735 1316 -cujus
781 1240 1080 1300 cautionis
1124 1241 1283 1301 ratio
1329 1258 1518 1320 supra
1548 1239 1851 1319 explicata
1885 1248 1994 1304 est.

209 1340 375 1401 Num
433 1337 511 1396 de
569 1347 708 1397 ortu
753 1339 973 1397 horum
1020 1338 1278 1399 deorum
1322 1349 1384 1402 et
1426 1337 1609 1399 rebus
1653 1341 1837 1418 gestis
1881 1340 1996 1398 ini-

210 1441 351 1499 tiati
432 1436 664 1516 aliquid
735 1438 1107 1521 acceperint,
1193 1439 1258 1500 in
1327 1437 1712 1506 dubitatione,
1786 1456 1994 1499 versa-

210 1549 327 1600 tur.
413 1537 730 1602 Diodorus
774 1537 845 1596 V.
890 1536 991 1597 49.
1034 1536 1139 1596 ubi
1185 1536 1262 1596 de
1306 1556 1618 1605 sacrorum
1660 1520 1997 1607 institutio-

207 1659 287 1700 ne
342 1640 539 1700 multa
593 1640 803 1718 inepte
857 1637 1198 1710 fabulatur,
1257 1636 1433 1702 addit
1487 1637 1566 1700 τὰ
1609 1638 1769 1705 κατὰ
1810 1638 1997 1721 μέρος

207 1747 316 1819 τῆς
356 1747 597 1819 τελετῆς
642 1743 708 1802 ἐν
753 1737 1112 1819 ἆπορῤήτοις
1155 1736 1492 1818 τελούμενα
1534 1735 1751 1819 μόνοις
1778 1762 1996 1820 «παρα-

206 1840 452 1903 δίδοται
493 1844 621 1908 τοῖς
662 1842 982 1919 μυηθεῖσι,
1024 1839 1179 1898 ritus
1223 1840 1431 1918 potius
1457 1857 1772 1904 sacrorum
1811 1856 1995 1918 quam

206 1939 447 2005 fabulas
501 1956 702 1997 sacras
758 1938 1095 2014 significare
1148 1937 1414 2002 videtur.
1503 1937 1628 2001 Sed
1670 1940 1734 1997 in
1779 1941 1993 2017 quinto

207 2040 366 2103 libro
426 2060 473 2098 c.
530 2039 632 2103 77.
690 2035 768 2101 de
823 2038 1104 2116 sepulcro
1149 2036 1326 2101 Jovis
1372 2038 1605 2110 Gnosio
1650 2039 1738 2096 sic
1782 2037 1994 2117 dispu-

208 2148 329 2198 tat:
390 2137 457 2202 id
515 2136 676 2215 quod
726 2138 823 2197 hic
868 2138 1152 2198 omnibus
1196 2146 1408 2216 aperte
1451 2145 1778 2216 appareat,
1823 2136 1994 2209 deos,

206 2258 358 2319 quos
410 2238 627 2305 Graeci
674 2246 1071 2310 venerentur,
1126 2237 1408 2299 homines
1453 2236 1665 2310 fuisse,
1710 2245 1868 2305 tecte
1911 2238 1992 2296 si-

207 2340 474 2417 gnificari
530 2339 842 2415 mysteriis
901 2336 1218 2417 OrphiciS,
1275 2337 1611 2399 Eleusiniis
1672 2346 1734 2404 et
1777 2335 1993 2398 Samo-

207 2440 485 2511 thraciis3
530 2439 746 2519 hisque
791 2437 995 2499 ver-bis
1037 2438 1146 2499 illa
1186 2435 1446 2498 denotat
1489 2435 1746 2503 deorum
1791 2435 1991 2516 πάθη,

207 2539 612 2619 Proserpinae
678 2547 958 2618 raptum,
1020 2554 1256 2600 errores
1315 2534 1575 2599 Cereris.
1613 2544 1676 2602 et
1725 2546 1990 2611 mortem

208 2639 452 2717 Zagrei,
512 2659 667 2719 quae
725 2657 912 2719 quum
969 2637 1286 2699 hominum
1330 2635 1739 2708 imbecillitati
1768 2638 2029 2720 petius
2102 2666 2107 2674 κ

209 2759 393 2819 quam
442 2740 703 2804 *deorum
763 2748 1017 2803 naturae
1077 2737 1576 2817 perfectissimae·
1602 2738 1989 2810 conveniant,

206 2841 348 2899 hinc
415 2860 490 2900 ex
556 2842 710 2920 ipsis
783 2836 1021 2898 Cereris
1090 2837 1427 2921 Bacchique
1483 2839 1675 2906 initiis
1729 2837 1989 2914 intelligi

206 2960 392 3021 posse
449 2939 740 3013 affirmat,
800 2958 936 3012 eos,
996 2955 1273 3021 quorum
1309 2955 1481 3012 casus
1540 2938 1603 2996 in
1647 2938 1834 2997 sacris
1881 2935 1985 3002 de-

205 3041 553 3121 plorentur,
597 3041 878 3118 homines
920 3040 1142 3111 fuisse,
1185 3056 1307 3099 non
1353 3037 1518 3118 (leos2
1602 3035 1724 3111 Hic
1777 3037 1831 3106 si
1875 3035 1986 3107 Saf-

206 3135 682 3211 mothraciorum
726 3142 977 3215 nomine
1017 3157 1141 3198 non
1183 3139 1250 3197 in
1292 3155 1521 3206 vanum
1566 3154 1711 3195 usus
1757 3145 1877 3209 est,
1920 3137 1984 3194 in

211 3240 554 3300 confessum
601 3242 790 3315 venit,
836 3243 899 3301 in
942 3241 1106 3304 hisce
1148 3226 1385 3318 quoque
1427 3237 1738 3314 mysteriis
1774 3234 1983 3307 πάθος

211 3337 519 3421 quoddam
591 3339 846 3408 deorum
917 3339 1387 3409 domesticorum
1457 3346 1564 3399 aut
1634 3345 1977 3410 enarratum
2073 3363 2080 3373 .

2142 2874 2150 2929 ἑ,

2142 2931 2150 2968 l

2140 2969 2150 3082 Ι
