2150 3814
771 202 1224 281 οιιΡΗΙοᾼ.
1763 195 1888 254 929

108 339 443 416 gravitate,
497 337 599 416 qui
642 333 885 392 etiamsi
929 329 1236 397 mundum!
1274 330 1488 394 divina
1530 344 1735 393 mente
1776 354 1889 413 per

109 456 323 497 omnes
360 437 494 513 ejus
537 440 745 516 partes
788 432 1127 511 aequaliter
1167 431 1306 492 fusa
1349 443 1411 492 et
1434 435 1687 493 vintenta
1716 434 1891 494 velut

105 556 299 596 unum
345 551 566 614 corpus
608 532 735 608 regi
767 535 1145 601 statuerent,
1199 540 1409 592 tamen
1451 552 1766 613 nunquam
1811 532 1895 593 ad

106 635 690 714 sympatheticorum
751 640 814 690 et
855 633 1427 697 mathematicorum
1471 634 1743 694 fallacias
1788 633 1894 693 de-

104 734 267 814 lapsi
311 743 487 806 sunt,
531 732 761 812 illaque
802 733 943 812 ipsa
987 731 1066 792 de
1107 731 1425 812 Analogiis
1471 734 1768 807 doctriua,
1812 733 1897 794 ad

109 852 259 912 quas
323 834 531 894 omnia
572 843 867 892 revocant
910 844 972 891 et
1015 852 1174 911 quae
1217 834 1331 893 sub
1375 831 1622 894 sensum
1668 834 1898 895 cadunt

109 943 171 992 et
228 953 383 1012 quae
427 942 632 992 mente
675 932 1131 1008 intelliguntur,
1187 950 1314 990 non
1358 952 1432 990 ex
1475 935 1595 992 isto
1639 936 1900 1013 praesti-

107 1035 316 1110 giosae
359 1032 812 1113 superstitionis
856 1030 1030 1088 fonte
1075 1029 1344 1089 decurrit
1396 1031 1508 1091 sed
1551 1033 1628 1092 ab
1674 1044 1805 1092 arte
1839 1044 1902 1092 et

106 1135 346 1192 ratione
401 1120 745 1191 scrutandis
803 1148 1008 1188 rerum
1064 1131 1384 1210 principiis
1444 1132 1724 1211 profecta
1781 1142 1902 1207 est3

110 1232 272 1312 quod
319 1234 524 1312 ipsum
570 1231 633 1289 in
678 1237 1004 1309 progressu
1049 1228 1485 1311 disputationis
1531 1235 1727 1311 magis
1771 1251 1938 1312 ma-¹

110 1334 317 1412 gisque
361 1340 649 1412 patescet.
708 1384 725 1401 N

909 1575 962 1655 ξ.
1054 1575 1108 1635 5.

285 1749 707 1810 Mathematici
787 1758 1028 1808 veteres
1108 1746 1434 1807 duodecim
1516 1751 1690 1827 signa
1777 1760 1909 1808 tum

118 1852 256 1910 aliis
314 1850 496 1908 rebus
558 1858 685 1906 tum
742 1865 923 1906 sexus
981 1845 1345 1908 diversitate
1390 1848 1801 1928 distinguunt:
1851 1851 1913 1920 ἓξ

116 1950 233 2032 μὲν
302 1957 434 2013 τῶν
487 1946 740 2010 ’δώδεκα
796 1946 1038 2030 μορίων
1095 1948 1435 2032 ἀπένειμαν
1489 1958 1564 2031 τῇ
1628 1953 1912 2031 ἄῤῥενικῇ

122 2048 306 2132 φύσει
348 2049 455 2113 καὶ
495 2047 789 2130 ἡμερίνῃ,
832 2050 910 2111 τὰ
957 2049 1027 2111 δὲ
1071 2053 1177 2111 ἴσα
1220 2057 1295 2130 τῇ
1339 2054 1586 2130 θηλυκῇ
1631 2052 1737 2112 καὶ
1769 2075 1917 2114 mm>

121 2151 327 2231 τερίγῃ
385 2149 640 2207 Ptolem.
687 2147 932 2207 Tetrab.
977 2149 1046 2207 L.
1091 2149 1137 2206 1.
1182 2168 1242 2226 p.
1288 2149 1345 2207 9.
1392 2149 1560 2228 quod
1604 2151 1914 2208 somnium

120 2270 158 2309 a
212 2246 655 2308 recentioribus
714 2247 1059 2327 Astrologis
1113 2246 1563 2330 resumtu1n[f]
1610 2268 1735 2308 una
1778 2269 1918 2308 cum

121 2352 337 2409 ceteris
381 2349 565 2425 hujus
610 2358 811 2411 sectae
855 2348 1277 2408 deliramentis
1323 2358 1633 2408 contemtu
1679 2360 1740 2408 et
1764 2349 1918 2409 obli-

122 2451 309 2510 vione
353 2447 792 2508 vindicandum
839 2457 1028 2521 esset,
1071 2450 1194 2507 nisi
1238 2451 1442 2526 gravis
1479 2458 1722 2528 auctor,
1769 2449 1919 2509 Sex-

121 2560 241 2622 tuS‚
286 2546 618 2608 affirmaret
659 2548 1078 2628 Pythagoreos
1121 2550 1272 2609 haec
1316 2544 1770 2610 Chaldaeorum
1816 2549 1920 2608 de-

123 2659 289 2709 creta
322 2658 613 2729 sequutos
652 2667 785 2709 esse
829 2670 877 2709 c.
921 2649 1149 2710 Astrol.
1177 2649 1248 2708 V.
1287 2649 1430 2710 339.
1476 2651 1769 2734 ἀρσενικὰ
1815 2651 1922 2712 καὶ

123 2751 373 2830 θηλυκὰ
430 2747 712 2832 (ζῴδια),
770 2750 924 2833 ἅπερ
980 2752 1286 2837 συνεργὸν
1343 2753 1459 2830 ἔχει
1515 2749 1710 2832 φύσιν
1765 2750 1920 2831 πρὸς

128 2851 579 2936 ἄρσενογονίαν
630 2851 738 2912 καὶ
791 2852 1185 2937 θηλυγονίαν
1240 2888 1325 2898 —-
1380 2852 1501 2932 ἀφ’
1561 2845 1652 2913 ὧν
1712 2851 1818 2912 καὶ
1862 2852 1921 2912 οἱ

131 2949 568 3036 Πυθαγόρειοι
635 2953 993 3030 κινηθέντες
1059 2953 1177 3032 τὴν
1228 2939 1358 3033 μὲν
1411 2949 1665 3032 μονάδα
1737 2953 1921 3031 ἄῤῥεν

129 3050 676 3136 προςαγορεύουσι,
714 3052 830 3131 τὴν
864 3051 932 3115 δὲ
968 3051 1178 3116 δυάδα
1218 3057 1403 3130 θῆλυ,
1437 3051 1552 3131 τὴν
1586 3050 1655 3113 δὲ
1689 3049 1920 3133 τριάδα

132 3149 317 3214 πάλιν
378 3153 593 3232 ἄῤῥεν,
648 3152 776 3241 καὶκ
811 3150 1158 3238 ἀναλόγους
1199 3152 1346 3221 τοὺς
1391 3152 1639 3221 λοιποὺς
1680 3159 1810 3214 τῶν
1853 3176 1919 3212 τε

253 3344 328 3404 [s]
375 3362 415 3389 v.
447 3348 618 3392 Nabod.
650 3349 854 3395 Enarrat.
885 3351 1023 3395 Elem.
1058 3351 1214 3395 Astrol.
1247 3365 1287 3408 p.
1318 3349 1388 3393 92.
1561 3356 1563 3358 ’

213 3422 270 3473 ΙΙ.
1505 3422 1583 3481 10
