2150 3814
269 212 437 276 1264
726 202 729 207 ’
857 225 1078 269 LIBER
1119 223 1468 267 TERTIUS.

188 422 193 428 ,
266 359 446 423 δυοῖν
521 356 641 419 ἀπὸ
710 356 926 440 γένους
994 354 1468 435 προςαχθέντων
1533 353 1742 421 αὐτοῖς
1811 355 1870 414 οἱ
1930 354 2042 432 μὲν

267 456 592 542 ᾑμαγμένῃ
646 461 722 533 τῇ
777 451 1054 534 μαχαίρᾳ
1110 459 1223 513 τοῦ
1277 450 1562 532 μετώπου
1607 449 2045 536 θιγγάνουσιν,

274 560 466 637 ἕτεροι
521 553 590 615 δὲ
647 550 1114 634 οἷπομάττουσιν
1126 597 1147 623 ,
1208 549 1277 609 id
1330 551 1473 611 licet
1528 552 1681 611 dicis
1739 569 1924 610 causa
1967 551 2048 610 ad

270 650 728 732 significandam
782 651 1274 710 immolationem
1328 661 1691 731 usurpatum
1746 650 2049 722 videatur,

271 764 479 814 tamen
522 751 600 810 ab
644 753 991 811 imitatione
1021 748 1343 809 homicidii
1377 759 1618 809 tantum
1654 751 1829 810 abest
1862 770 2050 831 quan-

269 863 404 913 tum
446 852 711 911 Romani
750 853 874 932 ipsi
916 850 994 910 ab
1037 851 1419 910 immanitate
1462 849 1880 911 barbarorum.
1927 849 2052 910 Sed

271 952 527 1012 deorum
572 953 857 1032 aliquem,
903 952 999 1010 cui
1040 950 1286 1030 publice
1330 969 1474 1008 arae
1518 959 1580 1008 et
1623 948 1883 1009 delubra
1905 969 2052 1008 con-

272 1062 510 1114 secrata
554 1061 786 1125 essent,
843 1069 1026 1130 quem
1069 1068 1282 1109 omnes
1326 1051 1491 1111 votis
1537 1057 1599 1107 et
1640 1048 1921 1128 precibus
1963 1050 2055 1108 in-

272 1161 595 1225 vocarent,
680 1170 923 1211 caesum
977 1149 1222 1209 credere
1275 1148 1577 1228 foedeque
1631 1149 2056 1208 obtruncatum

231 1257 234 1261 ⁴
275 1263 338 1312 et
380 1253 609 1312 Attinis
654 1261 761 1310 aut
801 1248 1108 1309 Adonidis
1149 1251 1369 1308 instar&
1386 1248 1768 1309 muliebriter
1810 1249 2057 1329 plange-

274 1371 373 1423 re,
415 1349 484 1409 id
526 1351 837 1426 Phrygum
881 1349 1144 1407 similius
1187 1367 1372 1427 quam
1419 1349 1789 1408 Graecorum
1809 1392 1827 1421 ,
1871 1349 1976 1428 qui
2020 1367 2057 1406 a

276 1449 532 1510 deorum
597 1447 1040 1508 immortalium
1107 1446 1276 1505 cultu
1331 1449 1645 1506 tristitiam
1701 1458 1763 1506 et
1817 1465 2056 1507 moero-

274 1569 406 1611 rem
451 1568 634 1630 quam
675 1549 944 1608 maxime
988 1545 1414 1625 segregabant,

415 1677 491 1726 Ne
526 1678 643 1725 fletu
677 1679 858 1725 violate
896 1693 1111 1736 sacrum,
1147 1692 1209 1723 ne
1245 1677 1461 1739 plangite
1501 1675 1636 1723 divos
1651 1675 1720 1738 [¹¹¹]
1771 1698 1773 1700 ·

279 1808 353 1849 ea
406 1791 581 1869 quasi
637 1790 883 1871 publica
938 1808 1064 1850 vox
1120 1798 1213 1847 est
1269 1788 1437 1846 illius
1494 1788 1721 1849 veteris
1766 1797 1829 1847 et
1858 1798 2056 1850 'verae

279 1888 605 1959 Graeciae,
662 1907 818 1968 quae
875 1887 1024 1947 deos
1084 1894 1215 1967 ῥεῖα
1272 1886 1544 1962 ζώοντας
1600 1887 1817 1948 decore
1874 1905 2056 1950 vene-

280 1997 418 2047 rata
461 1998 569 2046 est.

1049 2215 1102 2296 §·
1194 2215 1288 2275 14.

444 2386 563 2445 His
608 2389 925 2446 transactis
969 2395 1298 2466 supersunt
1342 2383 1547 2447 Cabiri
1590 2384 1963 2465 Pergameni
1996 2397 2058 2445 et

278 2486 678 2562 Berytenses,
747 2504 1007 2564 quorum
1066 2487 1159 2544 illi
1215 2489 1427 2565 paucis
1483 2486 1727 2548 absolvi
1779 2496 2055 2567 possunt,

276 2584 341 2643 hi
394 2585 732 2662 longiorem
776 2583 1256 2664 disputationem
1300 2584 1667 2646 desiderant.
1722 2586 2056 2646 Pausanias

276 2683 321 2742 I.
362 2683 423 2743 4.
478 2686 559 2764 ἢν
601 2685 893 2764 νέμονται
949 2686 1007 2747 οἱ
1049 2687 1455 2770 Περγαμηνοὶ
1495 2686 1825 2769 Καβείρων
1881 2684 2055 2769 ἱεράν

280 2803 475 2865 φασιν
536 2785 694 2848 εἶναι
748 2784 819 2846 τὸ
879 2785 1140 2867 ἀρχαῖον
1171 2787 1242 2864 [¹¹]
1289 2787 1468 2849 αὐτοὶ
1510 2787 1579 2848 δὲ
1616 2783 1899 2868 Ἀρκάδες
1939 2775 2054 2849 19⁸²—
2148 2826 2150 2862 ÷

279 2890 493 2946 λουσιν
550 2884 707 2947 εἶναι
747 2891 878 2947 τῶν
922 2884 1081 2966 ὁμοῦ
1132 2887 1386 2969 Τηλέφῳ
1429 2873 1793 2967 διαβάντων
1835 2890 1895 2956 ἐς
1935 2886 2051 2966 τὴν
2108 2870 2111 2873 ¹

272 2981 495 3045 Ἀσίαν.
597 2982 686 3042 Hi
741 2984 954 3061 igitur,
1011 2985 1066 3043 si
1119 2985 1309 3046 verba
1363 2985 1599 3063 singula
1652 2986 2050 3064 pensitamus,

400 3149 492 3206 [¹¹¹]
545 3151 711 3194 Statius
742 3152 884 3195 Theb.
915 3152 969 3194 V.
999 3151 1098 3196 750.

395 3236 470 3292 [Β]
524 3237 742 3281 Welckeri
770 3239 1067 3296 interpretatio
1107 3254 1149 3296 p.
1189 3239 1288 3285 317.
1336 3241 1422 3283 ein
1463 3239 2045 3296 Kabirencollegium

275 3294 613 3338 beherschte
666 3297 720 3339 in
758 3298 919 3341 alten
963 3297 1167 3341 Zeiten
1210 3299 1307 3341 das
1358 3299 1842 3354 Pergamenische
1880 3298 2045 3349 Laud,

275 3352 421 3409 paullo
451 3352 629 3398 liberior
658 3362 737 3398 est.
