2150 3814
834 153 1290 215 q-fflpnch.
1831 148 1953 212 935

167 310 308 350 mae
352 311 390 350 a
434 302 598 351 terra
637 287 964 365 redeuntes
1002 286 1394 366 singulasque
1430 288 1722 365 sphaeras
1763 299 1954 351 trans-

169 402 382 451 euntes
425 391 574 454 deos
615 389 1014 469 planetarum.
1061 385 1346 446 dominos
1386 385 1661 446 delinire
1715 393 1956 467 possint

166 512 226 552 v.
271 491 593 550 Mosheim.
651 487 868 551 Gesch.
927 486 986 546 d.
1031 484 1603 564 Schlangenbriider
1647 486 1700 568 ξ.
1744 489 1846 547 47.
1893 509 1951 568 p.

163 592 263 651 89.
308 599 369 648 et
410 589 553 648 huic
595 606 719 647 non
772 587 1081 666 dissimile
1125 585 1503 666 Philologiae
1559 587 1642 648 ad
1695 606 1954 668 superos

163 688 482 750 evadentis
528 690 649 748 iter
703 707 742 748 a
795 688 1104 747 Martiano
1164 684 1419 767 Capella
1475 699 1825 759 enarratum
1883 690 1951 749 L.

160 790 234 848 Π.
278 809 340 868 p.
383 788 486 847 41.
546 789 651 868 qui
698 791 887 848 etiam
933 789 1166 847 formas
1212 787 1472 850 deorum
1530 789 1766 869 aliquot
1818 790 1953 869 pla-
1992 822 1994 826 ν

158 891 541 948 netariorum
585 897 648 947 et
690 907 811 968 qua
863 890 1142 952 oratione
1195 890 1369 966 virgo
1427 890 1642 959 divina
1697 890 1951 967 singulis

159 990 623 1069 supplicaverit,
668 990 939 1067 exponit.
1023 988 1120 1046 Ex
1158 986 1406 1057 diverso
1447 989 1752 1055 Firmieus
1786 990 1950 1048 Astr.

159 1092 204 1148 I.
251 1090 307 1149 3.
353 1109 414 1168 p.
459 1088 626 1163 7.,et
667 1087 1049 1166 Porphyrius
1095 1086 1173 1145 de
1215 1086 1290 1149 A.
1333 1088 1407 1147 N.
1453 1110 1502 1148 e.
1540 1087 1775 1170 ΧΧΙΧ.
1821 1092 1948 1147 ani-

98 1266 105 1275 *
156 1207 294 1248 mas
338 1209 449 1268 per
493 1186 702 1246 orbem
750 1186 913 1249 Solis
958 1185 1350 1261 descendere,
1392 1209 1505 1269 per
1546 1189 1761 1253 Lunae
1795 1209 1947 1250 vero

155 1287 482 1357 ascendere
526 1287 805 1361 tradunt3
862 1288 1008 1366 quin
1051 1289 1188 1366 ipse
1219 1289 1600 1367 Pythagoras
1631 1290 1770 1349 loco
1816 1290 1947 1350 Ho-

155 1391 383 1462 merico
431 1387 547 1448 od.
585 1386 812 1447 XXIV.
855 1388 949 1446 12.
992 1388 1150 1447 hanc
1192 1392 1565 1450 sententiam
1612 1390 1947 1469 subjecisse

157 1490 408 1550 dicitur:
466 1494 677 1570 Δῆμος
721 1487 985 1570 ὀνείρων
1019 1490 1186 1575 κατὰ
1233 1489 1641 1574 Πυθαγόραν
1696 1493 1762 1552 αἱ
1819 1511 1946 1573 Γψυ-

151 1591 286 1670 χαὶ,
323 1591 396 1659 ἃς
422 1587 817 1674 συνάγεσθαί
850 1609 1043 1670 φησιν
1066 1595 1150 1658 εἷς
1177 1589 1291 1652 τὸν
1314 1591 1618 1675 γαλαξίαν
1641 1593 1755 1654 τὸν
1781 1592 1946 1654 οὕτω

153 1688 766 1775 προςαγορευόμενον
789 1689 910 1751 ἀπὸ
937 1696 1068 1751 τῶν
1079 1687 1342 1773 γάλακτι
1355 1693 1778 1772 τρεφομένων,
1791 1694 1947 1779 ὅταν

152 1797 237 1861 εἰς
258 1793 500 1875 γένεσιν
525 1790 755 1851 πέσωσι
778 1787 1077 1866 Porphyr.
1113 1788 1153 1846 l.
1179 1809 1226 1847 c.
1248 1787 1539 1850 XXVIII.
1578 1800 1640 1849 et
1661 1791 1948 1856 similiter

157 1889 632 1971 Empedotimus
652 1885 750 1967 [b]‚
786 1889 892 1967 qui
916 1886 1192 1965 ejusdem
1231 1899 1433 1948 sectae
1457 1891 1652 1953 fuisse
1676 1891 1946 1965 videtur,

151 2010 249 2070 ap.
295 1990 619 2069 Philopon.
661 1990 727 2047 in
762 1989 1034 2068 Met-aph.
1068 1990 1114 2048 I.
1159 2009 1219 2068 p.
1256 1991 1394 2050 104.
1422 1991 1477 2050 b.
1525 1993 1558 2054 ὃ
1584 1990 1946 2074 Ααμάσκιος

153 2093 266 2171 τὴν
319 2089 765 2172 Ἑμπεδοτίμου
837 2090 977 2170 περὶ
1040 2098 1155 2152 τοῦ
1222 2090 1529 2175 γάλακτος
1593 2099 1944 2165 οἰκειοῦται,

155 2192 354 2276 ἀργὸν
404 2191 796 2274 (183.,ἔργον)
844 2189 1041 2268 αὐτὴν
1091 2191 1166 2251 οὐ
1219 2195 1439 2271 μῦθον
1495 2199 1732 2255 καλῶν·
1784 2194 1946 2274 ,φησὶ

153 2292 277 2376 γὰρ
335 2295 559 2360 ἐκεῖνος
625 2289 779 2352 ὁδὸν
846 2290 1005 2353 εἶναι
1071 2298 1298 2371 ψυχῶν
1350 2292 1421 2353 τὸ
1479 2291 1642 2376 γάλα
1695 2301 1825 2354 τῶν
1878 2297 1944 2355 ἐν

155 2392 278 2471 ἅδῃ
330 2392 444 2453 τὸν
501 2393 567 2451 ἐν
625 2391 877 2470 οὐρανῷ
917 2391 990 2466 [⁰]
1050 2389 1634 2472 διαπορευομένων,
1702 2394 1808 2454 καὶ
1868 2395 1942 2454 οὐ

270 2559 358 2623 [b]-
390 2559 550 2603 Suidas
588 2574 622 2602 s.
656 2556 919 2610 Ἰουλιανός·
965 2556 1281 2619 Ἐμπεδοτίμῳ
1323 2563 1400 2605 καὶ
1437 2560 1698 2622 Πυθαγόρᾳ
1737 2561 1940 2608 πιστεύο-

152 2634 264 2679 μεν,
306 2624 374 2668 οἱς
400 2633 448 2662 τε
477 2618 656 2663 ἐκεῖθεν
685 2615 837 2673 λαβὼν
861 2615 1156 2678 ‘Hpankelffnc
1184 2616 1207 2663 ὃ
1239 2619 1460 2670 Ποντικὸς
1490 2623 1595 2680 ἔφη.
1634 2624 1721 2675 hic,
1748 2629 1871 2679 puto,
1899 2623 1944 2664 in

154 2680 403 2738 libm'mql
432 2679 522 2720 τῶν
552 2676 603 2721 ἐν
633 2676 748 2733 ᾅδου
777 2676 894 2720 Plut.
935 2677 1034 2720 adv.
1077 2676 1172 2719 Col.
1212 2679 1329 2722 XIV.
1370 2680 1468 2723 556.
1537 2681 1604 2723 De
1642 2681 1943 2739 Empedotimo

151 2737 258 2781 nihil
288 2738 447 2780 afferre
476 2750 648 2792 possum
708 2742 853 2778 meter
883 2735 1118 2779 Clementis
1148 2740 1194 2779 et
1223 2737 1431 2793 Gregorii
1468 2740 1738 2793 testimonia,
1778 2756 1805 2783 a
1828 2741 1942 2783 -Mu-

151 2797 315 2840 raterio
345 2795 529 2839 collecta
568 2795 622 2838 ad
711 2809 800 2850 reg.
845 2794 989 2851 Carm.
1024 2794 1265 2840 LXXXVI.
1304 2799 1347 2840 in
1385 2797 1581 2840 Raccolt.
1623 2799 1675 2840 F.
1716 2798 1858 2841 XXII.
1899 2815 1941 2856 p.

152 2853 221 2897 47.
267 2854 470 2898 Galland.
521 2869 563 2911 p.
602 2851 702 2896 377.
741 2853 867 2896 modo
905 2858 1030 2911 patet
1064 2854 1273 2899 hominem
1314 2856 1634 2912 Syracusanum
1669 2858 1805 2901 fuisse
1843 2857 1941 2900 dolo

152 2914 335 2970 quodam
363 2912 701 2956 immortalitatis
730 2914 886 2955 famam
916 2919 1248 2969 consequutum‚
1286 2929 1420 2971 quare
1452 2930 1546 2958 cum
1576 2917 1790 2970 Hercule,
1823 2917 1940 2959 Tro-

150 2972 309 3029 phonio
340 2979 386 3015 et
414 2971 593 3014 Aristea-
619 2971 888 3028 componitur
918 2973 974 3016 ab
1001 2972 1103 3015 illis.

270 3072 344 3129 [⁰]
386 3072 452 3115 Le
488 3103 498 3114 .
527 3069 607 3116 ‘tor
637 3068 753 3128 ᾅδην
781 3063 861 3117 τὸν
890 3071 941 3117 ἐν
971 3067 1165 3131 οὐρανῷ.
1226 3073 1456 3117 Turnebus
1496 3073 1548 3117 L.
1590 3074 1715 3119 XIII.
1753 3075 1866 3119 Adv.
1896 3077 1939 3118 2.

154 3145 197 3188 p.
226 3127 268 3173 3.
298 3131 422 3174 addit
523 3130 582 3173 id.
613 3130 723 3174 Met.
754 3128 791 3174 I.
826 3129 925 3175 169.
984 3127 1088 3174 Est
1124 3133 1218 3174 via
1255 3133 1510 3176 sublimis
1541 3158 1590 3165 —-
1636 3135 1824 3178 lactea
1854 3138 1937 3177 etc.

155 3190 391 3245 Sequentia
421 3190 485 3232 sic
515 3188 742 3233 scribenda
771 3195 816 3232 et
843 3190 1209 3249 interpungendaz
1272 3190 1426 3236 Αὐτὸν
1458 3195 1615 3250 μέντοι
1655 3192 1736 3243 τὸν
1773 3190 1940 3237 κύκλον

156 3243 369 3303 οὐράνιον
410 3243 525 3292 εἶναι
563 3251 687 3293 θεῶν
726 3246 1030 3309 διακόσμησιν
1067 3248 1392 3324 ὁμολοῖητέον,
1439 3255 1525 3295 εἴτε
1572 3250 1685 3297 κατὰ
1732 3251 1782 3296 τὸ
1820 3248 1939 3309 γάλα

155 3307 229 3357 τῆς
246 3301 390 3361 Ἥρας
420 3304 683 3352 ὖποστᾶσαν
714 3307 811 3363 (διὸ
843 3311 920 3353 καὶ
948 3307 1064 3369 πρὸς
1091 3305 1173 3361 τὴν
1203 3307 1448 3367 αναγωγὴν
1474 3314 1564 3355 τῶν
1582 3314 1746 3369 ψυχῶν
1769 3312 1941 3358 οἰκείως
