2150 3814
781 196 1230 245 carrucis⁰
1766 182 1892 244 905

129 359 278 402 num
331 332 671 416 frequentia·
723 325 998 399 crebroS,
1052 326 1335 404 provecti
1387 340 1626 401 sumus;
1681 327 1757 385 ab
1801 329 1897 389 his

131 457 338 501 rursus
405 449 605 495 sermo
670 426 752 487 ad
785 425 1217 506 philosophos
1283 423 1534 484 defluxit
1601 445 1738 499 eoS,
1779 431 1901 507 vqui

132 555 292 616 vago
357 535 605 593 nomine
658 527 1026 604 Pythagorei
1078 534 1405 598 vocantur,
1461 543 1629 605 quas
1670 525 1903 605 Orphei

134 649 196 698 et
238 632 478 694 dicendi
519 646 706 708 genus
751 626 1157 703 symbolicum
1202 635 1263 683 et
1315 626 1646 684 sententias
1690 627 1906 703 mysti-

134 754 234 797 cas
278 733 618 793 aemulatos
663 746 796 787 esse
820 725 1150 787 veteribus
1194 744 1306 805 pro
1352 737 1516 785 certo
1561 727 1752 785 stetit.⁴
1787 724 1908 785 Ve-

131 855 267 895 rum
324 834 401 892 de
455 832 574 890 hoc
626 846 773 888 mox
817 844 892 886 ex
934 825 1212 905 professo
1257 824 1556 900 dicemus3
1614 845 1774 886 nunc
1815 846 1910 887 se·

133 935 256 996 mel
312 935 497 993 etiam
543 927 625 989 ad
666 927 1006 1005 Aegyptios
1048 926 1474 1002 respiciamus,
1538 944 1911 1001 commune&

135 1044 206 1093 ut
246 1034 338 1092 illi
381 1031 627 1101 volunt,
687 1025 916 1103 Orphei
962 1032 1144 1101 atque
1187 1022 1568 1100 Pythagorae
1613 1024 1912 1099 doctoreS,

138 1144 201 1193 et
244 1132 324 1191 ad
377 1139 583 1200 rotam
638 1122 1042 1202 symbolicam
1099 1123 1165 1179 in
1224 1140 1436 1182 eorum
1495 1126 1776 1206 templis,
1844 1135 1915 1185 ut

110 1230 417 1291 ¹Clemens
459 1231 578 1299 ait,
620 1231 948 1286 versatam.
1045 1221 1208 1281 Huic
1250 1223 1572 1301 aptissime
1617 1222 1917 1285 Causinus

140 1330 218 1389 de
262 1327 473 1406 Symh.
517 1325 665 1402 Aeg.
712 1323 856 1403 Sap.
916 1326 978 1402 p.
1026 1321 1165 1381 130.
1221 1326 1482 1403 apponit
1523 1325 1917 1385 Plutarchum

139 1433 205 1490 in
248 1428 321 1487 V.
375 1427 558 1489 Num.
599 1423 766 1484 XIV.
823 1428 952 1491 τοῖς
1007 1423 1372 1507 Αἰγυπτίοις
1423 1432 1666 1508 τροχοῖς
1719 1426 1918 1490 αἰνίτ-

140 1554 310 1593 τεται
364 1523 793 1608 παραπλήσιον
846 1522 886 1600 ἡ
929 1523 1238 1603 μεταβολὴ
1280 1532 1393 1587 τοῦ
1438 1524 1779 1607 σχήματος,
1837 1527 1921 1597 ὥς

147 1630 401 1698 οὐδενὸς
471 1630 732 1693 ἑστῶτος
799 1629 928 1684 τῶν
1003 1622 1428 1702 ἀνθρωπίνων
1453 1626 1548 1703 [Ἲ.
1625 1626 1922 1686 Rotarum

145 1731 401 1789 istarum
457 1726 591 1804 quis
646 1739 792 1781 usus
844 1719 1061 1791 fuerit,
1127 1719 1400 1780 indicare
1454 1710 1702 1783 'videtur
1752 1725 1925 1785 Hero

146 1831 212 1888 in
266 1827 334 1887 L.
378 1827 424 1885 Ι.
461 1823 679 1912 βρίιὶε.
735 1840 796 1902 p.
841 1819 983 1879 229.
1027 1819 1286 1899 spondei
1324 1823 1628 1882 versatilis
1670 1834 1928 1885 structu-

148 1947 280 1988 ram
326 1942 669 2006 exponens:
722 1925 1054 2002 θησαυροῦ
1097 1923 1442 2001 κατασκευὴ
1484 1924 1725 2006 τροχὸν
1756 1928 1930 2006 ἔχον-

151 2053 257 2098 τος
302 2023 722 2108 στρεφόμενον
757 2019 1041 2101 χάλκεον,
1087 2022 1154 2090 ὃς
1196 2030 1467 2085 καλεῖται
1510 2023 1929 2109 ἇγνιστήριον,

152 2136 336 2192 τοῦτο
380 2127 501 2211 γὰρ
547 2121 850 2185 εἰώθασιν
893 2124 952 2183 οἱ
994 2127 1077 2190 εἰς
1120 2122 1199 2183 τὰ
1245 2124 1374 2204 ἱεροὶ
1431 2123 1711 2194 εἰςιόντες
1757 2128 1931 2207 στρέ-

157 2252 315 2312 φειν.
370 2226 455 2283 Et
505 2243 588 2303 p.⁶
627 2219 765 2281 185.
827 2224 893 2284 ἓν
950 2227 1079 2290 τοῖς
1134 2223 1498 2306 Αἰγυπτίοις
1553 2226 1735 2302 ἱεροῖς
1779 2226 1934 2305 πρὸς

157 2334 293 2397 ταῖς
352 2319 704 2406 παραστάσι
758 2321 971 2403 τροχοὶ
1006 2319 1253 2400 χάλκεοι
1297 2323 1677 2405 ἐπίστρεπτοι
1721 2326 1933 2411 γίνον-

157 2451 293 2499 ται,
349 2424 502 2504 πρὸς
553 2423 624 2484 τὸ
683 2422 830 2490 τοὺς
886 2423 1336 2502 εἰςερχομένους
1392 2426 1774 2508 ἐπιστρέφειν
1819 2428 1933 2489 αὐ-

159 2526 305 2595 τοὺς
347 2522 454 2586 διὰ
497 2522 568 2585 τὸ
613 2521 820 2584 δοκεῖν
861 2520 975 2583 τὸν
1010 2521 1252 2600 χαλκὸν
1295 2522 1586 2607 ἄγνίζειν.
1675 2523 1798 2583 Sed
1842 2526 1936 2584 illi

164 2625 341 2685 orbes
398 2621 565 2702 apud
618 2620 873 2681 Aristot.
918 2618 1166 2693 Quaest.
1210 2621 1403 2681 Mech.
1429 2642 1489 2702 p.
1515 2623 1658 2683 760.
1702 2625 1774 2683 Ε.
1817 2651 1937 2688 πα-

167 2721 616 2810 ρασκευάζουσί
654 2746 814 2792 τινες
869 2722 1014 2792 ὥςτε
1073 2722 1192 2784 ἀπὸ
1247 2732 1393 2804 μιᾶς
1453 2723 1745 2803 κινήσεως
1788 2734 1937 2789 πολ-

170 2827 311 2896 λούς
376 2821 782 2892 ὑπεναντίους
837 2822 967 2905 ἅμα
1030 2828 1341 2888 κινεῖσθαι
1394 2822 1684 2899 κύκλους,
1745 2827 1937 2911 ὥςπερ

290 2994 352 3052 [³]
403 2993 533 3036 Vitae
581 3008 633 3036 ae
681 2994 878 3036 fortunae
918 3008 1011 3037 cum
1051 2998 1148 3037 rota
1190 2993 1450 3051 comparatio
1490 2998 1576 3037 tam
1615 2995 1722 3038 trita
1762 2998 1829 3037 est
1874 2996 1938 3052 (v.
2003 3020 2005 3023 f

175 3053 319 3097 mach.
351 3052 406 3095 ad
435 3053 589 3096 Anacr.
620 3051 696 3094 IV.
727 3052 792 3107 7.)
833 3059 880 3095 ut
907 3054 1126 3109 proverbii
1155 3054 1248 3096 loco
1281 3054 1449 3095 dicatur
1491 3053 1621 3108 δίκην
1661 3057 1826 3112 τροχοῦ
1869 3069 1938 3112 ap.

177 3112 462 3168 Herminium,
513 3111 626 3167 quod
664 3109 823 3166 injuria
862 3111 1144 3164 sollicitatur3
1196 3126 1292 3154 nam
1345 3118 1389 3155 et
1428 3111 1670 3168 Hesychius
1710 3114 1941 3170 proverbia

208 3170 301 3212 lura
330 3169 440 3212 nude
468 3169 668 3226 nullaque
697 3184 791 3212 cum
820 3169 1172 3228 interpretatione
1203 3171 1380 3228 apponit
1417 3177 1462 3213 et
1499 3171 1544 3214 in
1583 3171 1726 3229 Epist.
1764 3171 1820 3214 ad
1849 3172 1942 3214 Eu·

199 3227 335 3283 egium
374 3228 483 3271 idem
513 3228 822 3285 Diogenianum
851 3229 1004 3273 fecisse
1034 3229 1196 3272 scribit.
1255 3230 1501 3285 Subjectam
1530 3229 1637 3274 deae
1669 3230 1844 3274 Nemesi
1872 3244 1943 3273 ro-

183 3286 547 3386 ῑειιιαβὲιοιιαῐοῑιὶ
576 3287 750 3331 Osserv.
781 3302 817 3334 s.
847 3287 927 3331 alc.
969 3288 1084 3331 Med.
1115 3302 1157 3345 p.
1186 3286 1286 3331 245.
1318 3288 1439 3332 nimis
1467 3288 1595 3346 longe
1624 3289 1679 3332 ab
1706 3287 1943 3345 astrologia

185 3356 258 3400 rep
304 3358 320 3385 ι
