2150 3814
247 222 409 283 1018
774 236 1009 281 numa
1051 237 1473 283 SECUNDUS.

242 382 589 445 quenquam
634 366 905 426 virorum
949 384 1022 424 eo
1067 365 1311 427 admitti
1354 368 1634 443 solitum3
1693 368 1997 433 Pacullam

239 463 621 524 sacerdotem
678 465 915 536 omnia,
973 474 1262 549 tanquam
1317 466 1499 527 deum
1551 470 1822 541 monitu,
1886 472 1999 530 im-

241 574 538 637 mutasse3
583 580 724 620 nam
769 571 830 619 et
872 565 1039 624 viros
1081 567 1355 626 initiasse
1398 577 1459 626 et
1500 578 1864 629 nocturnum
1891 586 2000 628 *sa—

236 682 405 721 crum
450 662 666 720 fecisse
711 679 786 718 ex
830 659 1068 723 diurno.
1128 664 1423 725 Similiter
1464 668 1530 726 in
1572 677 1779 729 vetere
1813 668 2001 727 Grae-

235 763 328 820 cia
369 759 769 820 Bacchanalia
823 761 1008 820 modo
1064 764 1242 822 mixti
1295 767 1418 826 viri
1474 765 1752 840 feminis,
1811 767 1998 827 modo

233 859 546 936 Thyiades*
585 877 858 919 seorsum
904 862 1302 924 celebravere.
1388 864 1566 938 Item,
1611 885 1765 945 quae
1807 867 1997 926 Athe-

231 961 330 1019 nis
374 961 622 1019 nomine
663 959 835 1018 Deae
872 958 1091 1020 Matris
1124 960 1367 1040 publice
1403 974 1548 1024 sunt
1582 975 1863 1045 suscepta
1892 984 2000 1025 sa-

229 1080 361 1135 cra,
422 1059 587 1120 haud
656 1057 911 1118 dubium
968 1059 1253 1134 habetur,
1319 1065 1467 1143 quin
1527 1066 1773 1138 ceteris,
1808 1083 1999 1144 *quae

226 1180 341 1243 pro
397 1159 630 1241 populo
685 1160 917 1231 fierent,
974 1171 1375 1222 consentanea
1431 1173 1494 1223 et
1548 1163 1626 1224 ab
1681 1167 1850 1224 omni
1893 1164 2038 1224 de-·

228 1262 447 1321 decore
502 1268 740 1319 remota
792 1258 1048 1334 fuerint;
1118 1271 1182 1320 at
1239 1265 1488 1342 privata
1545 1261 1998 1341 Cybelistarum

225 1360 646 1423 conventicula
713 1376 897 1418 nemo
964 1359 1174 1437 paullo
1243 1362 1555 1423 honestior
1619 1363 1790 1424 adire
1858 1383 1996 1424 sus-

223 1462 427 1520 tinuit.

390 1558 515 1620 Sed
546 1561 682 1638 jam
727 1557 958 1619 dudum
1002 1578 1238 1634 vereor,
1280 1580 1358 1620 ne
1400 1563 1522 1622 viri
1566 1561 1730 1624 docti
1770 1581 1995 1643 parum

218 1660 609 1733 attenderint,
653 1660 767 1720 hac
809 1662 874 1718 in
917 1662 1290 1739 quaestione,
1333 1681 1489 1741 quae
1532 1671 1627 1722 est
1669 1662 1748 1723 de
1781 1659 1994 1738 Cotyt-

219 1762 353 1833 tiis,
421 1760 577 1819 duas
634 1778 732 1818 res
792 1758 1241 1821 diversissimas
1311 1761 1668 1843 disceptari,
1740 1780 1994 1842 quarum

219 1879 343 1920 una
399 1869 582 1919 testes
640 1860 879 1938 plureS,
947 1859 1347 1920 dubitationis
1405 1863 1732 1922 minimum
1790 1861 1994 1934 habet,

219 1959 413 2018 altera
467 1959 598 2017 solo
654 1957 980 2038 Eupolidis
1036 1961 1391 2018 testimonio
1448 1963 1665 2019 nititur
1719 1971 1812 2039 et,
1869 1979 1992 2039 quo

159 2104 162 2108 .
223 2058 612 2130 invidiosior,
654 2058 771 2116 hoc
813 2057 894 2116 ad
935 2057 1122 2117 fidem
1166 2061 1506 2138 suspectior
1536 2059 1738 2121 videri
1769 2069 1992 2140 potest.

217 2155 415 2232 Certe,
472 2160 526 2218 si
582 2157 842 2238 Eupolis
898 2158 1054 2216 nihil
1110 2157 1281 2216 aliud
1336 2157 1634 2232 dixisset,
1698 2162 1820 2218 nisi
1874 2161 1991 2219 hoo

214 2259 543 2332 tantillum,
586 2257 992 2317 Athenienses
1039 2257 1219 2316 deam
1263 2258 1572 2337 quandam
1619 2259 1850 2334 colere,
1893 2261 1991 2318 eui

212 2377 436 2418 nomen
480 2355 755 2434 Cotytto,
799 2376 981 2417 nemo
1022 2357 1330 2418 dubitaret
1364 2359 1603 2418 homini
1637 2361 1823 2418 attico
1859 2369 1991 2418 tan-

214 2471 346 2520 tum
393 2457 666 2530 credere,
720 2467 1015 2536 quantum
1060 2458 1162 2518 vel
1197 2457 1445 2516 Tzetzis
1479 2455 1825 2536 Ulpianove
1866 2478 1990 2517 cre-

215 2559 452 2619 diturus
497 2566 672 2616 esset.
759 2555 1034 2616 Sed-hoc
1065 2558 1354 2615 nimirum
1390 2557 1748 2617 incredibile
1791 2566 1854 2616 et
1895 2560 1987 2617 in-

214 2658 468 2719 fandum
523 2655 800 2729 videtur,
861 2655 1290 2729 AthenienseS,
1344 2675 1467 2715 non
1522 2657 1826 2717 Triballos
1882 2669 1989 2717 aut

215 2760 473 2841 OpicoS,
531 2775 606 2817 eo
660 2755 984 2818 vecordiae
1026 2758 1298 2830 venisse,
1353 2765 1423 2816 ut
1464 2759 1870 2837 spurcissimis
1913 2758 1988 2816 li-

211 2859 524 2920 bidinibus
579 2857 710 2916 dies
766 2857 988 2930 festoS,
1044 2876 1246 2929 sacra,
1304 2857 1647 2917 sacerdotes
1701 2857 1987 2937 profana-

212 2968 366 3019 rent.
450 2960 546 3019 Ita
589 2961 692 3037 qui
733 2960 1030 3031 sentiunt,
1090 2960 1357 3037 primum
1411 2977 1523 3036 per
1577 2959 1730 3016 scire
1773 2957 1984 3030 velim,

214 3060 294 3119 de
339 3059 703 3140 quibusnam
759 3060 944 3119 sacris
996 3058 1358 3137 loquantur'.l
1445 3058 1513 3117 si
1571 3056 1646 3115 de
1702 3055 1983 3137 publicis,

212 3179 393 3219 nemo
436 3169 527 3218 est
567 3169 693 3219 tam
737 3162 1013 3240 ineptuS,
1071 3161 1174 3238 qui
1226 3157 1454 3236 flagitia
1507 3157 1614 3216 illa
1649 3157 1790 3234 jure
1831 3175 1983 3236 pon-

214 3261 398 3319 tificio
455 3261 715 3332 sancita,
783 3260 959 3319 fastis
1013 3259 1336 3341 inscripta,
1408 3266 1468 3315 et
1524 3256 1603 3315 ad
1659 3274 1795 3314 eam
1849 3274 1980 3313 rem

217 3371 506 3421 certum
552 3371 612 3418 et
655 3359 1043 3440 peculiare
1089 3357 1478 3419 cinaedorum
1525 3357 1847 3433 collegium
1890 3356 1979 3413 in-
