2150 3814
798 189 1251 233 ournrcA.
1783 178 1906 240 925

143 322 248 383 καὶ
291 319 618 400 αὐξητικήν
660 328 770 377 etc.
814 316 1305 396 quod-exemplo
1349 328 1460 391 est,
1507 332 1687 399 quam
1730 319 1909 379 facila

141 423 289 480 scite
333 409 496 479 dicta
536 419 728 478 nimio
773 418 938 476 cultu
980 425 1466 495 corrumpantur⁶
1552 416 1705 490 Quis
1749 420 1909 478 enim

138 538 261 577 non
304 517 640 598 applaudat
681 517 936 576 Manilio
982 519 1249 579 canenti:

806 633 957 682 Nobis
996 642 1069 680 est
1103 634 1305 681 mundus
1342 635 1392 679 in
1428 634 1545 695 ipsis

347 721 702 784 exemplumque
739 718 816 766 dei
851 721 1049 782 quisque
1086 728 1160 766 est
1194 720 1245 764 in
1280 720 1488 783 imagine
1527 734 1686 780 parva.

134 814 236 874 lv.
263 815 406 874 893.
450 815 559 875 sed
603 819 738 897 quis
781 815 945 875 idem
992 835 1114 874 non
1158 815 1435 875 fastidiat
1476 816 1754 875 homines
1797 835 1909 895 pu-

136 913 527 990 tidiuscu10s‚
581 919 685 996 qui
727 918 882 976 hanc
925 917 1290 974 sententiam
1335 918 1399 972 in
1446 932 1656 972 omnes
1701 927 1907 994 partes

133 1014 431 1074 vertendo
485 1035 675 1095 usque
729 1034 802 1075 eo
848 1013 1233 1072 deduxerunt
1272 1021 1343 1070 ut
1384 1013 1652 1090 singulas
1695 1014 1911 1074 mundi

135 1113 332 1174 divini
386 1114 756 1174 substantias
815 1123 876 1171 et
929 1122 1266 1191 potestates
1320 1113 1385 1171 in
1439 1113 1757 1172 hominum
1799 1133 1907 1173 na-

132 1223 267 1271 tura
306 1215 505 1273 inesse
547 1213 667 1272 sibi
708 1210 1162 1294 persuaderent.
1250 1211 1371 1271 Sed
1417 1213 1708 1293 quoniam
1753 1215 1909 1274 circa

133 1311 390 1372 eundem
448 1331 694 1372 sensum
751 1313 1058 1393 permulta
1113 1311 1276 1372 dicta
1331 1320 1505 1385 sunt,
1567 1331 1722 1392 quae
1777 1315 1907 1394 qui-

131 1411 270 1471 dem
312 1413 502 1472 semel
545 1412 757 1472 audita
799 1433 925 1473 non
969 1412 1348 1494 displiceant,
1395 1411 1624 1472 diutius
1659 1416 1905 1473 tractari

130 1513 260 1571 sine
324 1532 552 1573 nausea
606 1533 729 1572 non
787 1515 1055 1592 possint,
1123 1514 1187 1571 in
1256 1512 1599 1592 potioribus
1653 1514 1905 1574 subsisti

27 1643 39 1647 -
128 1628 373 1672 necesse
416 1623 524 1673 est.
609 1613 700 1684 Ae
740 1614 1009 1694 primum
1055 1610 1328 1672 dicamus
1374 1611 1451 1671 de
1498 1613 1792 1688 planetis,
1838 1624 1906 1674 ut

128 1713 562 1792 principalibus
605 1716 669 1772 in
711 1713 827 1772 hac
871 1730 1066 1771 causa.

914 1929 982 2022 §q
1054 1940 1112 2000 4.

293 2111 584 2171 Proculus
652 2102 719 2171 in
775 2111 934 2171 Tim.
989 2112 1035 2171 1.
1090 2110 1232 2170 348.
1302 2111 1400 2173 δεῖ
1450 2111 1533 2181 ὥς
1589 2113 1701 2174 τὸν
1755 2113 1899 2178 ὅλον

126 2206 364 2290 κόσμον
408 2211 570 2273 οὕτω
611 2213 717 2274 καὶ
768 2213 883 2276 τὸν
926 2214 1272 2292 ἄνθρωπον
1316 2212 1769 2294 ἐπισκέψασθαι
1802 2240 1900 2275 τε*

129 2307 329 2381 λείως,
400 2308 562 2373 διότι
624 2310 843 2394 μικρός
895 2316 1022 2374 ἐστι
1073 2311 1178 2374 καὶ
1233 2305 1411 2380 οὗτος
1464 2309 1723 2393 κόσμος·
1783 2316 1900 2393 ἔχει

124 2408 248 2493 γὰρ
291 2409 397 2470 καὶ
438 2419 595 2474 νοῦν
636 2412 742 2474 καὶ
784 2410 971 2497 λόγον
1013 2412 1118 2474 καὶ
1159 2415 1340 2472 θεῖον
1384 2417 1563 2491 σῶμα
1598 2412 1703 2473 καὶ
1734 2417 1898 2494 θνη-

125 2507 239 2570 τὸν
294 2508 488 2592 ὥςπερ
544 2510 615 2573 τὸ
671 2519 832 2585 πᾶν,
888 2511 992 2574 καὶ
1047 2508 1333 2594 διῄρηται
1388 2511 1511 2575 ἄνα
1567 2509 1755 2597 λόγον
1807 2522 1897 2596 τῷ

123 2608 327 2671 παντί.
398 2610 598 2675 ’Όθεν
632 2610 718 2698 ,δὴ
763 2613 956 2697 λέγειν
997 2610 1158 2681 τινὲς
1202 2609 1504 2674 εἰώθασιν
1551 2611 1633 2681 ὥς
1674 2612 1745 2675 τὸ
1780 2614 1898 2695 μὲν

124 2708 344 2791 νοερὸν
387 2712 582 2773 αὐτοῦ
625 2719 700 2791 τῇ
747 2713 1008 2776 ἅπλανεῖ
1043 2713 1327 2787 τέτακται
1371 2710 1493 2773 οἷνοὶ
1529 2710 1736 2796 λόγον,
1781 2723 1895 2777 τοῦ

126 2805 310 2894 λόγου
365 2810 436 2873 τὸ
491 2810 610 2892 μὲν
669 2813 1054 2894 θεωρητικὸν
1108 2820 1198 2895 τῷ
1242 2808 1499 2894 Κρόνῳ,
1540 2811 1610 2873 τὸ
1665 2811 1733 2874 δὲ
1779 2839 1893 2877 πο-

126 2910 357 2974 λιτικὸν
409 2918 501 2993 τῷ
556 2912 689 2973 Διΐ·
747 2919 860 2975 τοῦ
914 2911 982 2976 δὲ
1042 2911 1270 3000 ἀλόγου
1330 2911 1399 2972 τὸ
1458 2911 1576 2992 μὲν
1629 2916 1892 2994 θυμοει-

123 3007 226 3079 δὲς
254 3011 447 3091 Ἄρει,
490 3011 561 3073 τὸ
606 3010 675 3074 δὲ
719 3014 1071 3095 φωνητικὸν
1106 3014 1312 3095 Ἑρμῇ,
1356 3010 1425 3073 τὸ
1471 3010 1540 3073 δὲ
1584 3015 1892 3096 ἐπιθυμη-

126 3108 298 3172 τικὸν
344 3108 530 3192 Ἡλίῳ
541 3156 563 3184 ,
619 3112 690 3175 τὸ
748 3112 818 3176 δὲ
875 3114 1141 3196 φυτικὸν
1194 3108 1468 3192 Σελήνῃ,
1513 3112 1618 3175 καὶ
1658 3114 1728 3176 τὸ
1772 3114 1892 3196 μὲν

124 3208 438 3291 αὐγοειδὲς
480 3212 681 3293 ὄχημα
724 3221 814 3296 τῷ
858 3215 1139 3297 οὐρανῷ,
1194 3213 1264 3275 τὸ
1309 3210 1377 3274 δὲ
1421 3212 1660 3292 θνητὸν
1704 3222 1888 3277 τοῦτο

126 3312 212 3385 τῷ
265 3306 383 3369 ὑπὸ
442 3308 711 3390 σελήνην,
811 3309 932 3385 Qui
988 3313 1156 3372 locus
1201 3311 1376 3373 nobis
1419 3313 1482 3372 in
1527 3315 1888 3374 memoriam
