2150 3814
717 190 1263 238 SAMoTHnAclA.
1721 177 1884 240 1237

126 324 241 383 cile
313 322 597 398 Curetes,
662 321 944 398 Dactyli,
1005 317 1326 399 Cabirique
1375 329 1444 378 -et
1495 320 1654 379 inter
1708 339 1774 379 se
1828 333 1888 381 et

117 443 252 484 cum
295 425 552 485 Laribus
564 466 582 497 ,
641 422 959 482 Dioscuris
1015 419 1269 499 aliisque
1323 420 1503 498 hujus
1548 418 1781 479 ordinis
1826 431 1888 479 et

115 526 472 603 provinciae
515 523 634 582 diis
677 521 1059 582 commisceri
1083 522 1440 599 potuerint,
1457 522 1891 600 quantumvis

115 642 336 699 magna
393 630 555 682 esset
610 634 672 681 et
713 623 947 700 generis
992 629 1055 680 et
1095 623 1334 680 numeri
1377 620 1718 682 diversitas.
1779 621 1894 680 *Ac

114 725 386 801 primum
442 724 718 782 animum
775 721 854 780 ad
906 721 1048 780 illos
1101 721 1436 781 referamus
1488 723 1604 802 qui·
1632 721 1893 780 Penates

114 822 426 882 Romanos
481 841 521 881 a
577 821 695 881 diis
748 823 987 900 magnis
1045 820 1511 881 Samothracum
1567 821 1722 880 nihil
1777 820 1893 880 dif-

112 922 272 981 ferre
315 930 662 983 statuerunt
704 932 835 981 tum
879 922 957 981 ob
1002 922 1154 980 alias
1197 923 1486 995 rationeS,
1527 939 1678 1001 quas
1707 925 1895 1001 suPra

114 1023 412 1102 explicui,
470 1031 603 1082 tum
657 1025 924 1081 maxime
965 1022 1130 1100 quia.
1153 1023 1425 1099 utrisque
1468 1029 1530 1078 et
1573 1038 1896 1079 commune

113 1141 370 1182 nomen:
444 1121 556 1180 dii
619 1122 896 1202 patrii,
971 1120 1274 1198 magni,
1327 1118 1765 1192 salutiferi,
1833 1128 1897 1178 et

114 1240 229 1300 par
293 1221 529 1280 nomini
582 1221 892 1299 potentia.
989 1218 1151 1278 Nam
1206 1218 1464 1278 Penates
1491 1267 1496 1271 ,
1521 1216 1706 1278 deos
1759 1237 1896 1299 pas.-

113 1322 317 1380 trios
375 1319 498 1379 dici
554 1319 824 1396 vulgaris
864 1320 1144 1378 ‚notitiae
1197 1329 1291 1377 est
1331 1338 1392 1379 v.-
1438 1318 1783 1379 Tzschuck
1812 1318 1899 1379 ad

114 1419 364 1479 Melam.
419 1420 466 1478 Ι.
509 1419 568 1478 8.
603 1418 874 1499 *In-216.
957 1415 1284 1478 Constat
1326 1429 1587 1478 autem
1633 1437 1897 1479 omnes

115 1521 193 1578 in'
236 1519 830 1597 periculis-suis
865 1515 1048 1578 deos
1083 1521 1386 1598 patrios
1419 1521 1789 1580 invocare
1823 1527 1900 1579 et

116 1618 298 1678 ideo
353 1618 526 1679 illis
570 1628 758 1679 vota
801 1619 1143 1692 solvere,
1200 1637 1522 1698 querum
1562 1619 1901 1680 familia-

114 1721 282 1778 rius
337 1719 1047 1799 nemenzopitulari
1090 1718 1243 1776 sibi
1290 1718 1721 1799 credantffl.
1808 1717 1900 1778 Ac

114 1817 452 1877 Dioscuros
479 1868 483 1872 .
510 1819 748 1897 quoque
789 1819 952 1876 inter
994 1816 1250 1876 Penates
1284 1818 1628 1879 ‘familiares
1671 1819 1900 1878 relatos

118 1934 251 1975 esse
294 1915 474 1987 docet
516 1915 939 1977 Theodoretus
984 1917 1244 1998 Therap.
1289 1917 1449 1978 VIII.
1484 1938 1545 1999 p.
1587 1917 1684 1979 15.
1729 1918 1899 1996 Sylb.

118 2017 204 2096 (p.
248 2016 419 2098 907.)
462 2017 579 2081 125ch
632 2019 863 2097 μέντοι»
896 2018 1003 2080 καὶ
1055 2018 1202 2088 τοὺς
1265 2006 1660 2102 Τυνδαρίδας
1712 2020 1902 2090 θεοὺς

123 2114 416 2180 ἐκάλεσαν
457 2116 896 2195 Ἕλληνεςᾊκαὶ
930 2116 1361 2199 ἸΔιοςκούρους
1416 2118 1758 2201 ὠνόμασαν
1797 2121 1904 2182 καὶ

120 2216 467 2297 Ἐφεστίους
509 2217 616 2278 καὶ
641 2218 943 2285 ’‘Am-aas.
991 2216 1252 2275 Glossae
1295 2217 1398 2276 Gr.
1432 2217 1567 2277 Lat.
1604 2220 1903 2302 Ἐφέστιοι

119 2315 295 2388 θεοί,
361 2315 753 2375 Ροιιειῐεεω
810 2314 1152 2393 Dionysius
1224 2326 1432 2377 autem
1496 2317 1646 2377 dicit
1699 2320 1746 2378 Ι.
1802 2319 1903 2378 67.

117 2433 344 2474 nomen
403 2416 700 2476 Penatum
744 2433 868 2475 non
913 2414 1131 2475 eodem
1174 2436 1391 2494 graeco
1413 2419 1688 2476 nomine
1727 2416 1905 2476 reddi

118 2515 230 2575 sed
273 2515 352 2574 ab
394 2516 532 2575 aliis
575 2499 905 2599 πατρῴους
949 2517 1158 2582 vocari
1178 2536 1203 2589 ‚⁴
1239 2516 1316 2576 ab
1343 2517 1501 2576 *aliis
1546 2517 1906 2603 γενεθλίους

123 2626 233 2675 aut
288 2616 597 2696 κτησίους·
629 2625 737 2675 aut
777 2615 1039 2698 μυχίους
1083 2624 1198 2675 aut.
1232 2616 1533 2699 ἑρκείους,
1579 2625 1641 2675 et
1685 2635 1906 2675 unum·

123 2735 423 2797 quemque
480 2735 723 2790 eorum,
783 2717 888 2796 qui
929 2720 1021 2774 ita
1062 2716 1570 2795 interpretentur,
1613 2734 1757 2774 suas
1801 2715 1906 2774 ha-

125 2815 267 2874 bere
308 2817 608 2892 rationes3
666 2834 821 2896 quae
864 2815 941 2876 ab
986 2815 1097 2874 illo
1143 2813 1390 2893 quidem
1434 2815 1906 2894 praetermissae

127 2913 237 2973 sed
315 2918 657 2995 excogitatu
699 2915 944 2994 faciles
1015 2922 1173 2974 sunt.
1226 2983 1228 2985 ,
1281 2915 1545 2973 Romani
1614 2916 1905 2985 vicissim,

128 3034 316 3095 quum
361 3015 438 3075 de
481 3017 855 3077 Graecorum
884 3015 1213 3075 Penatibus
1259 3024 1320 3073 et
1346 3015 1619 3075 Laribus¹
1651 3015 1906 3095 loquun-

130 3123 262 3186 tur,
305 3134 428 3175 non
471 3135 658 3178 unum
706 3115 960 3177 deorum
1003 3104 1190 3193 genus
1234 3098 1528 3175 denctant
1571 3113 1681 3175 sed
1715 3113 1904 3179 modo

256 3342 328 3397 {a}
373 3343 511 3385 Servii
546 3346 675 3387 verba
705 3351 803 3388 sunt
833 3358 962 3403 supra
994 3345 1127 3387 allata
1157 3358 1196 3401 p.
1229 3341 1326 3385 277.
1360 3342 1414 3384 Τ.
1445 3343 1480 3384 1.
