2150 3814
228 205 352 266 994
762 214 1000 259 cumn
1042 210 1524 256 SECUNDUS..

230 368 324 423 re;
368 364 511 408 mox
553 343 770 404 eodem
814 340 1001 402 modo
1047 339 1124 399 de
1168 339 1288 398 diis
1333 338 1669 417 majoribus
1698 336 2002 417 disputari

232 458 515 528 coeptum
530 489 547 517 ‚
602 452 750 522 quot
809 439 846 500 J
848 458 996 502 oves
1012 483 1029 513 ‚
1086 438 1404 518 Apollines
1417 483 1434 512 ,
1502 438 1821 500 Minervae
1848 459 1851 463 ·
1875 437 2003 496 fue-

231 550 354 607 rint
368 568 382 621 ;
440 546 532 621 cuj
541 561 611 602 us
665 540 1101 619 disputationis
1157 547 1433 598 auctores
1489 536 1699 598 Cicero
1756 536 1859 595 IH.
1902 534 2003 595 21.

234 644 673 719 Theologos
741 641 1124 709 nominat,
1194 635 1503 697 Arnobius
1573 636 2006 714 Theologos

235 756 309 806 et
351 738 865 802 absconditae
908 738 1341 803 vetustatis
1397 736 1852 796 conditores
1902 734 2004 794 IV.

240 844 333 903 14.
400 859 521 921 quo
577 840 825 898 nomine
880 838 1082 915 Zoega
1134 835 1418 896 Bassirel.
1481 835 1550 894 Τ.
1606 837 1679 894 Π.
1740 855 1800 916 p.
1865 835 2003 896 102.

231 940 678 1003 Alexandrinos
745 938 1069 1018 sophistas
1136 936 1462 1014 significari
1527 943 1710 1014 putat
1723 954 1739 1009 3
1813 953 2009 1014 neque

235 1041 570 1103 admodum
636 1029 916 1119 antiquos
983 1055 1117 1096 esse
1183 1034 1453 1095 ostendit
1516 1034 1834 1094 Anterotis
1901 1050 2011 1091 no-

232 1163 374 1204 men
389 1163 404 1217 3
470 1138 680 1200 Cicero
735 1141 870 1218 ipse
924 1137 1026 1196 III.
1087 1136 1182 1196 16.
1238 1137 1390 1195 haec
1444 1134 1522 1194 ab
1576 1136 1654 1194 iis
1699 1132 1861 1194 tradi
1905 1133 2010 1204 ait,

236 1245 364 1324 qui
417 1242 837 1300 interiores
893 1245 1294 1296 scrutantu
1315 1256 1347 1294 r
1404 1244 1477 1294 et
1535 1233 2011 1317 reconditio-

236 1363 267 1400 r
281 1361 313 1400 e
326 1359 355 1400 s
398 1341 496 1399 lit
509 1359 542 1397 e
556 1359 587 1397 r
602 1357 681 1397 as
694 1381 712 1411 ‚
756 1336 919 1401 unde
962 1335 1342 1413 Augustinus
1388 1334 1465 1394 de
1511 1332 1645 1396 Civ.
1680 1333 1874 1393 XVII.
1916 1331 2011 1390 12.

236 1458 393 1520 quae
449 1437 526 1496 de
578 1436 788 1498 Liberi
841 1444 1039 1494 morte
1082 1435 1257 1493 affert
1299 1436 1591 1502 secreti
1607 1453 1736 1492 ore
1779 1433 1896 1492 his
1912 1440 2011 1490 to-

235 1542 353 1599 ria
397 1557 477 1598 co
492 1557 534 1596 n
548 1538 659 1596 tin
675 1535 788 1593 eri
843 1535 948 1593 ait.
1050 1533 1302 1594 Servius
1346 1532 1429 1592 ad
1470 1532 1622 1594 Aen.
1666 1530 1825 1590 VIII.
1876 1529 2012 1596 190.

235 1657 421 1719 quum
464 1644 772 1696 narrasset
814 1631 1042 1693 Cacum
1086 1632 1420 1694 secundum
1473 1632 1713 1693 fabulas
1757 1630 2016 1690 Vulcani

237 1739 430 1797 filium
456 1735 787 1816 perhiberi,
817 1743 1130 1813 postremo
1156 1732 1361 1792 addit:
1407 1731 1462 1791 V
1476 1753 1510 1791 e
1522 1753 1554 1791 r
1565 1733 1589 1791 i
1600 1742 1624 1791 t
1638 1750 1676 1791 a
1693 1749 1722 1790 s
1766 1748 1805 1790 a
1817 1749 1860 1789 u
1872 1740 1942 1789 te
1953 1748 2014 1816 m

240 1859 268 1899 s
286 1855 417 1898 ecu
435 1835 661 1895 ndum
727 1833 1176 1913 philologos
1243 1841 1314 1891 et
1381 1831 1846 1897 historicos,
1874 1829 2017 1891 hoc

239 1936 506 2009 habet,
543 1959 548 1962 ·
596 1936 794 1994 hunc
874 1933 1121 1992 fuisse
1207 1932 1416 1991 Euan
1436 1930 1557 1989 dri
1629 1930 2014 2009 nequissi-

239 2055 432 2097 mum
478 2052 786 2095 servum
830 2042 901 2091 et
942 2033 1204 2091 furem.
1251 2028 1533 2089 Clemens
1577 2029 1806 2090 similia
1832 2047 1988 2108 quae

240 2136 383 2195 dam
426 2132 687 2209 Didymi
705 2133 799 2212 [¹¹¹]
846 2141 908 2191 et
948 2129 1300 2190 Aristotelis
1343 2131 1547 2188 nescio
1591 2130 1763 2206 quus
1791 2129 2016 2208 placita

241 2236 415 2295 affert
458 2231 606 2293 Coh.
648 2232 722 2290 Π.
766 2230 866 2290 24.
941 2230 1266 2307 Stagiritae
1309 2228 1646 2308 discipulus
1690 2227 2018 2291 Clearchus

240 2335 460 2395 Athen.
503 2333 577 2391 H.
624 2329 722 2391 58.
765 2331 836 2390 F.
880 2329 1184 2390 Helenam
1228 2331 1575 2410 suspicatus
1619 2340 1713 2411 est
1753 2328 1898 2389 ideo
1929 2348 2018 2389 ‚ex

152 2451 155 2453 ’
240 2452 361 2494 ovo
433 2442 641 2491 natam
710 2429 901 2501 tradi,
979 2427 1146 2507 quod
1209 2430 1275 2486 in
1343 2428 1621 2488 cubiculo
1692 2429 2019 2488 orbiculari

240 2531 500 2592 educata
553 2539 728 2588 esset.
824 2525 1166 2606 Eidemque
1223 2545 1380 2589 aevo
1434 2527 1852 2595 Alexandrino
1911 2528 2016 2614 ad-

240 2628 544 2692 scribendi
613 2627 898 2690 videntur
962 2624 1301 2699 Dosiades,
1370 2616 1802 2708 Epimenides,
1859 2627 2016 2688 Lao-

242 2729 551 2791 sthenides
596 2736 658 2787 et
691 2726 1028 2787 Sosicrates
1045 2729 1138 2805 [¹¹],
1184 2743 1444 2805 quorum
1489 2747 1524 2786 e
1567 2726 1738 2793 libris
1759 2726 2013 2793 Diodo-

361 2913 433 2969 [m]
496 2911 790 2967 Chalcenteri,
823 2913 954 2968 put03
993 2909 1031 2952 is
1059 2923 1163 2951 vero
1204 2923 1273 2967 ap.
1314 2909 1476 2953 Euseb.
1507 2909 1668 2956 Chron.
1701 2910 1736 2952 1.
1769 2890 1836 2953 17.
1876 2886 2010 2967 Ι8)ἰι--

246 2970 339 3014 cell.
367 2985 412 3028 p.
448 2971 545 3013 162.
603 2971 767 3013 Persei.
785 2983 855 3011 res
884 2974 1028 3025 gestas
1059 2968 1115 3010 ad
1144 2967 1348 3011 historiae
1376 2968 1692 3012 similitudinem
1721 2969 1925 3012 traducit.

361 3056 430 3113 [n]
491 3056 696 3112 Ejusdem
757 3071 854 3099 esse
903 3054 1126 3106 videntur,
1186 3070 1296 3111 quae
1349 3055 1403 3098 de
1454 3054 1648 3111 Sphinge
1701 3054 1844 3098 Schol.
1897 3054 2005 3098 Eur.

245 3115 434 3158 Phoenn.
487 3114 558 3158 45.
607 3117 759 3168 affert,
807 3110 1045 3174 Σωκράτης
1081 3113 1199 3170 ἒγχω
1231 3119 1307 3157 ίαν
1345 3108 1483 3167 αὐτήν
1519 3126 1633 3170 φησι
1667 3110 2006 3173 χρησμολόγον,

245 3169 502 3229 δῦςγνωστα
542 3178 912 3232 μαντευομένην.
938 3172 1062 3229 Apud
1091 3172 1204 3213 Scho
1225 3204 1235 3215 .
1275 3172 1406 3214 Arist.
1447 3172 1556 3214 Avv.
1599 3170 1698 3214 521.
1769 3170 2011 3231 Σωκράτης

244 3233 294 3275 ἒν
322 3233 383 3288 τῷ
414 3229 649 3288 δωδεκάτῳ
687 3235 778 3275 τῶν
817 3234 1050 3291 Κρητικῶν
1090 3230 1319 3273 Fabricius
1360 3230 1418 3274 Τ.
1457 3229 1517 3272 ΙΙ.
1556 3227 1655 3272 403.
1723 3228 2009 3291 Σωσικράτης

242 3289 509 3332 scribendum
538 3296 682 3346 putat3
712 3291 788 3334 sed
816 3304 966 3334 nomen
994 3289 1104 3332 idem
1133 3294 1212 3331 est.
1242 3290 1446 3331 Socrates
1475 3286 1548 3343 qui
1577 3287 1634 3329 ad
1647 3287 1763 3344 qu.
1789 3288 1888 3331 959.
1913 3289 2007 3331 lau-

242 3348 382 3404 datur,
414 3348 725 3392 Grammaticus
754 3363 850 3391 esse
878 3349 1059 3392 videtur.
1090 3362 1131 3389 v.
1163 3346 1309 3402 Etym.
1338 3346 1401 3388 M.
1432 3361 1465 3386 s.
1495 3343 1671 3400 Εὐβοΐς,
