2150 3814
270 186 397 249 912
741 220 746 229 ι
818 201 1042 245 mmm
1085 199 1487 246 SECUNDUS.

267 329 663 391 adumbravit
703 329 1013 401 versibus,
1071 328 1252 387 deum
1296 327 1525 387 mundo
1571 327 1742 388 velut
1784 344 2037 406 corpore

266 429 549 490 indutum
593 438 1084 508 repraesentans,
1129 427 1442 487 stellarum
1489 428 1753 487 caesarie
1798 443 2037 485 coman-

266 539 426 603 tem,
470 532 766 601 auritum,
806 528 1142 599 oculatum,
1188 529 1518 607 ceterisque
1561 526 1870 598 membriS,
1913 526 2041 605 qui-

265 628 380 690 bus
426 630 758 689 animantia
802 635 1086 698 utuntur,
1131 625 1506 704 praeditum:

410 757 521 805 Τοῦ
555 750 619 819 δή
656 771 733 802 τοι
770 749 965 820 κεφαλὴ
999 751 1093 816 μὲν
1129 752 1251 802 ἰδεῖν
1285 753 1368 802 καὶ
1405 751 1536 802 καλὰ
1571 748 1822 821 πρόσωπα

406 835 624 904 οὐρανὸς
661 832 904 904 αἴγλήεις,
945 834 1003 886 ὃν
1032 832 1245 904 χρύσεαι
1283 834 1446 903 ἀμφὶς
1481 834 1676 904 ἔθειραι

405 920 612 991 ἄστρων
644 919 958 989 μαρμαρέων
993 919 1309 988 περικαλλέες
1343 917 1660 988 ἠερέθονται,

404 1003 616 1072 ὄμματα
652 1006 696 1056 ὸ’
735 1002 901 1073 ἠέλιός
934 1024 985 1056 τε
1023 1005 1106 1056 καὶ
1145 1002 1401 1056 ἀντιόωσα
1435 1001 1636 1071 σελήνη,

406 1084 494 1152 οἷς
532 1092 590 1143 δέ
624 1090 671 1142 οἳ
709 1088 930 1156 ἀψευδὲς
959 1087 1226 1156 βασιλήιος
1262 1087 1490 1159 ἄφθιτος
1526 1084 1705 1158 αἰθήρ,

406 1166 447 1248 ᾧ
484 1174 548 1243 δὴ
583 1172 750 1226 πάντα
786 1170 918 1226 κλύει
955 1175 1038 1225 καὶ
1076 1171 1320 1244 φράζεται
1362 1205 1421 1213 —
1460 1206 1529 1215 —

265 1305 483 1366 Verbis
548 1323 743 1385 prope
799 1292 1020 1362 iisdem
1078 1306 1443 1363 sententiam
1500 1304 1678 1382 longe
1733 1303 2043 1365 diversam

266 1406 483 1466 extulit
525 1403 938 1484 Xenophanes
982 1401 1166 1462 deum
1197 1403 1611 1463 ‘orbicularem
1655 1402 2014 1483 praedicans

412 1524 576 1593 Οὗλος
612 1528 726 1604 δρᾷ,
764 1523 913 1590 οῦλος
949 1530 1005 1581 δὲ
1041 1536 1158 1594 νοεῖ,
1199 1523 1346 1592 οὖλος
1382 1531 1442 1582 δέ
1473 1529 1513 1582 τ’
1546 1529 1711 1584 ἀκούει
1728 1536 1789 1598 [⁸]
2018 1539 2042 1566 θ

267 1657 328 1707 et
369 1666 578 1707 rursus
624 1646 808 1705 aliam
854 1646 1122 1723 vulgaris
1166 1654 1353 1728 poeta
1370 1642 1441 1725 [Β]

406 1771 569 1826 Πάντ’
611 1774 774 1847 ἐφορᾷ
811 1772 943 1833 Διὸς
976 1771 1255 1842 ὀφθαλμὸς
1289 1774 1372 1823 καὶ
1409 1769 1552 1824 πάντ’
1594 1771 1842 1826 ἐπακούει.

264 1890 389 1952 Sed
447 1892 700 1971 propius
757 1888 837 1948 ad
883 1889 1113 1970 Orphei
1171 1899 1436 1949 mentem
1489 1889 1721 1948 accedit
1773 1890 1910 1963 ine,
1969 1890 2045 1950 de

264 2010 385 2072 quo
441 1991 820 2069 Philoponus
877 1990 1148 2068 loquitur
1201 1991 1266 2048 in
1317 1989 1385 2048 L.
1441 1990 1488 2048 I.
1546 1988 1623 2048 de
1666 1989 1781 2050 An.
1824 1990 1894 2049 F.
1939 1991 2045 2050 ΠΙ.

264 2111 317 2151 a.
348 2091 406 2149 b.
451 2109 632 2169 quem
673 2099 872 2148 totum
906 2090 1108 2148 locum
1141 2089 1258 2146 huc
1302 2098 1701 2169 transponere
1744 2099 2044 2169 praestat:

262 2188 646 2269 ὑπενόησαν,
704 2190 887 2272 φησὶ,
956 2188 1117 2258 τινὲς
1170 2188 1381 2270 ψυχὴν
1438 2193 1504 2252 ἐν
1558 2189 1747 2253 παντὶ
1806 2186 2047 2271 σώματι

264 2290 576 2372 μεμίχθαι
619 2290 703 2359 ὥς
746 2297 874 2352 πᾶν
917 2290 1075 2352 εἶναι
1121 2296 1301 2370 σῶμα
1346 2291 1662 2372 ἔμψυχον,
1720 2293 1785 2351 ἐκ
1827 2288 1895 2352 δὲ
1934 2296 2046 2369 τῆς

264 2389 553 2469 τοιαύτης
590 2388 772 2467 δόξης
815 2390 920 2450 καὶ
961 2389 1074 2452 τὸν
1110 2395 1315 2466 Θαλῆν
1349 2388 1602 2471 νομίσαι
1644 2387 1851 2452 πάντα
1894 2374 2044 2467 πλή-

267 2514 344 2572 ρη
388 2494 563 2553 θεῶν
607 2489 761 2551 εἶναι
781 2484 903 2568 [bb],
946 2496 1210 2557 τοπικῶς
1244 2488 1663 2557 ὑπονοοῦντος
1695 2496 1808 2550 τοῦ
1841 2493 2045 2551 Θαλοῦ

263 2596 585 2669 πανταχοῦ
630 2589 788 2651 εἶναι
828 2586 899 2648 τὸ
943 2591 1155 2659 θεῖον,
1208 2585 1247 2667 ἢ
1311 2595 1392 2669 τῷ
1437 2587 1632 2666 αὐτὴν
1674 2588 1790 2668 τὴν
1833 2588 2043 2670 ψυχὴν

261 2690 420 2753 θεὸν
461 2689 752 2752 ὑπονοεῖν
794 2722 881 2732 -
942 2684 1240 2751 Τοιοῦτόν
1308 2690 1436 2749 ἐστι
1501 2687 1607 2749 καὶ
1652 2684 1910 2770 Ἀράτου
1966 2687 2038 2750 τὸ

261 2788 570 2852 Μεσταὶ
613 2787 692 2851 δὲ
731 2786 913 2856 Διὸς
959 2793 1203 2849 πᾶσαι
1243 2786 1383 2868 μὲν
1428 2787 1727 2872 ἄγυιαὶ,
1771 2787 1897 2876 καὶ
1939 2794 2041 2848 λι·-

261 2891 480 2968 μὲνες
535 2924 620 2934 -—-
678 2887 850 2953 Φασὶ
905 2885 974 2949 δὲ
1030 2887 1135 2950 καὶ
1190 2887 1336 2957 τοὺς
1380 2887 1700 2956 Στωικοὺς
1754 2884 2042 2967 τοιαύτης
2099 2903 2102 2906 ’

381 3059 456 3117 [⁸²]
502 3074 544 3102 v.
575 3059 760 3103 Brandis
798 3059 1030 3104 comment.
1071 3058 1215 3101 Eleat.
1258 3073 1300 3116 p.
1343 3056 1413 3100 36.
1472 3057 1511 3100 Α
1551 3055 1722 3112 Sibylla
1759 3055 2039 3113 praedicatur

266 3114 567 3218 deussss7ndvroe
614 3121 734 3163 νοῶν
775 3120 853 3162 καὶ
895 3114 1043 3165 πάντα
1087 3118 1268 3172 βλέπων
1318 3118 1396 3160 καὶ
1438 3113 1607 3165 παντὸς
1651 3112 1830 3159 ἀκούων
1873 3113 2036 3158 LVIII.

259 3189 302 3234 p.
433 3207 444 3217 .

379 3244 452 3304 [b]
504 3248 680 3293 Cornut.
710 3248 768 3294 N.
798 3250 852 3293 D.
881 3245 958 3293 xl.
989 3235 1087 3292 153.

379 3332 481 3392 [bb]
528 3351 568 3380 v·
598 3337 771 3380 Heeren
801 3337 856 3381 ad
885 3335 1008 3379 Stob.
1039 3334 1096 3378 Τ.
1126 3334 1162 3378 1.
1193 3349 1235 3392 p.
1266 3333 1337 3377 56.
