2150 3814
763 223 1329 268 sAMo‘rnRAclA.
1784 219 1943 282 1183

169 351 453 417 θάνατον
508 354 893 435 καταφοραί
971 351 1134 413 unde
1190 365 1451 436 apparet
1493 357 1942 441 ,Etymologum

165 471 289 512 non
358 472 599 514 casum·
632 452 877 513 letalem
935 454 998 534 (ἢ
1053 453 1212 516 κατὰ
1266 465 1562 539 κρημνῶν
1613 464 1943 546 καταφοροί

165 552 425 612 Hermes
481 554 630 626 Pim.
688 573 736 611 c.
780 552 888 612 IX.
933 551 986 633 ξ.
1032 553 1115 631 3.)
1169 553 1279 613 sed
1322 557 1512 621 ictum
1556 561 1943 639 mortiferum

158 652 623 726 assignificasse3
681 670 940 733 quorum
996 664 1323 734 utrumque
1385 676 1524 717 oum
1596 667 1941 738 scotomate

156 749 544 827 conjunctu-m
602 762 713 826 est,
769 757 1076 833 posterius
1119 756 1318 833 vergit
1359 757 1426 816 in
1469 758 1939 824 similitudinem

152 848 484 909 verborum
541 852 858 929 σκοτιονιάΔ
904 862 967 912 et
1010 853 1375 931 σκοτώνειν,
1431 858 1653 937 quibus
1698 861 1937 921 novitia

78 1016 84 1021 ,
155 949 470 1010 Graecitas
524 951 761 1012 cladem
793 964 880 1011 et
936 952 1185 1012 caedem
1242 956 1555 1031 significat.
1615 958 1934 1020 Secundus

153 1069 192 1109 a
236 1050 586 1110 Stesichoro
643 1053 812 1111 locus
869 1051 1118 1110 concedi
1179 1063 1384 1131 potest
1425 1057 1636 1131 ignoto
1682 1059 1938 1132 auctori,

154 1149 231 1208 de
288 1169 411 1230 quo
454 1151 805 1210 Athenaeus
850 1150 1009 1209 VIII.
1054 1150 1196 1209 282.
1250 1152 1322 1211 F.
1379 1154 1412 1215 ὅ
1456 1154 1586 1233 τὴν
1622 1162 1936 1235 Τελχινια-

148 1249 265 1329 κὴν
307 1250 588 1332 ἱστορίαν
631 1250 888 1320 συνθεὶς
931 1251 1033 1312 εἴτ’
1072 1252 1455 1333 Ἐπιμενίδης
1499 1255 1668 1319 ἐστὶν
1696 1255 1730 1318 ὅ
1762 1257 1931 1340 Κρὴς

148 1349 188 1428 ἢ
258 1349 648 1430 Τηλεκλείδης
715 1353 826 1413 εἴτ’
849 1403 854 1405 .
878 1351 1067 1419 ’ἄλλος
1120 1374 1213 1420 τις
1270 1351 1471 1436 ἱερούς
1528 1377 1720 1437 φησιν
1774 1357 1933 1420 εἶναι

149 1447 379 1528 ἰχθύας
421 1450 718 1533 δελφῖνας
759 1451 865 1513 καὶ
905 1450 1278 1532 πομπίλους·
1340 1455 1468 1515 ἔστι
1510 1454 1577 1515 δ’
1624 1456 1656 1516 ὃ
1700 1455 1931 1537 πομπί-

151 1557 253 1620 λος
310 1551 473 1625 ζῶον
528 1551 824 1634 ἐρωτικὸν
880 1551 964 1621 ὥς
1026 1550 1108 1613 ἂν
1164 1552 1270 1613 καὶ
1325 1553 1513 1622 αὐτὸς
1554 1555 1825 1640 γεγονώς
1867 1560 1933 1619 ἐκ

149 1658 264 1711 τοῦ
342 1651 656 1734 Οὐρανίου
718 1656 977 1733 αἳζιιατος
1032 1651 1161 1731 ἅμα
1217 1660 1291 1731 τῇ
1344 1653 1712 1739 ’ᾼφροὸίτῃ.
1812 1655 1927 1714 Te-·

150 1748 410 1808 leelidae
456 1752 688 1809 comico
734 1752 884 1808 haec
927 1760 1159 1808 temere
1203 1750 1389 1809 tribui
1425 1752 1558 1829 J‘am
1584 1751 1930 1813 Meinekius

149 1851 394 1907 monuit
438 1849 652 1908 Scenn.
701 1843 947 1921 Quaest.
991 1850 1037 1907 I.
1082 1869 1144 1930 p.
1190 1850 1288 1909 30.
1334 1869 1412 1909 ne
1456 1851 1533 1910 ab
1564 1851 1933 1931 Epimenide

147 1949 255 2008 illo
299 1957 509 2009 vetere
552 1951 780 2029 scripta
821 1958 1111 2029 putemus
1156 1948 1360 2008 obstat
1404 1949 1709 2011 scribendi
1743 1971 1931 2031 genus

148 2058 212 2107 et
266 2049 554 2109 nominis.
590 2050 831 2132 ἱστορία
889 2068 1036 2109 usus
1093 2052 1385 2110 novitius,
1425 2099 1429 2104 .
1472 2050 1681 2111 Nihilo
1724 2056 1931 2114 notior

147 2149 328 2209 nobis
370 2149 476 2208 ille
514 2149 833 2230 Ἑνομίὸης
878 2150 911 2210 ὅ
969 2149 1048 2211 τὰ
1113 2154 1255 2211 θεῖα
1309 2149 1562 2235 γράψας
1578 2148 1652 2231 [⁶]
1667 2197 1688 2224 ,
1747 2171 1929 2232 quem

146 2248 355 2324 Etym.
399 2248 482 2309 Μ.
540 2247 719 2307 docet
774 2247 1132 2307 Telchinum
1186 2267 1412 2308 nomen
1466 2269 1504 2309 a
1545 2249 1738 2309 verbo
1781 2253 1931 2314 θέλ-

146 2373 239 2433 γω
266 2349 337 2428 [⁸]
409 2347 755 2410 derivatum
825 2358 1092 2428 putasse.
1205 2347 1416 2428 Neque
1478 2350 1731 2409 omnino
1787 2360 1930 2411 ante

147 2447 599 2507 Alexandrinos
655 2458 875 2527 poetas
929 2448 1180 2507 fabulae
1240 2449 1421 2526 hujus
1475 2451 1698 2508 notitia
1741 2450 1930 2510 tradi-

147 2557 277 2622 tur;
321 2549 537 2628 quint
580 2566 795 2608 omnes
837 2549 1220 2628 antiquitatis
1245 2549 1481 2608 loculos
1517 2561 1927 2625 excusserunt,

147 2650 238 2708 ita
280 2650 468 2708 etiam
497 2647 856 2731 Telchinum
897 2650 1256 2725 memoriam
1301 2648 1430 2707 fere
1458 2650 1926 2711 intermortuam

147 2757 580 2809 restaurarunt.
665 2727 756 2808 Ae
807 2750 1079 2828 primum
1140 2746 1388 2827 quidem
1434 2748 1723 2809 Simmias
1764 2749 1926 2810 Rho-

152 2847 288 2909 dius
344 2868 451 2909 eos
507 2868 542 2908 e
594 2850 754 2908 mari
795 2857 1229 2929 progeneratos
1274 2866 1406 2908 esse
1450 2846 1606 2907 dixit
1648 2867 1746 2929 ap.
1791 2846 1926 2909 Cle-

271 3016 344 3073 [d]
383 3015 629 3077 Ἐνομήδης
671 3017 779 3061 eod.
821 3018 962 3064 Paris.
1002 3018 1192 3061 Bekkeri
1239 3032 1281 3060 v.
1324 3020 1413 3060 not.
1457 3031 1497 3074 p.
1536 3017 1635 3060 891.
1695 3017 1927 3076 Ἐνομίδης

154 3074 297 3131 Etym.
329 3076 445 3119 Gud.
467 3076 730 3136 Ἐννομίδης
759 3076 938 3132 corrigit
965 3077 1220 3119 Welckerus
1263 3076 1316 3117 de
1347 3075 1517 3132 Trilog.
1548 3075 1703 3118 Aesch.
1744 3089 1788 3132 p.
1823 3076 1920 3118 187.

154 3133 278 3188 quasi
307 3135 488 3178 referret
514 3149 591 3192 pro
619 3137 769 3192 ignoto
800 3135 989 3178 auctoris
1017 3135 1183 3177 nomine
1223 3148 1361 3190 aeque
1400 3134 1592 3189 ignotum
1633 3134 1919 3184 substituere3

154 3189 429 3247 Epimenides
456 3193 611 3251 aliquis
640 3194 696 3236 de
722 3194 876 3237 Rhodo
905 3194 1091 3251 scripsit.

274 3250 348 3306 [θ]
395 3251 601 3295 Similiter
641 3255 816 3322 Θρᾳκίω
845 3256 892 3295 et
925 3254 1199 3311 Τραχεῶτις,
1245 3251 1483 3294 Θέλπουσα
1523 3254 1566 3292 et
1610 3250 1921 3307 Τέλφουσαιν.

161 3307 480 3364 Schellenberg.
509 3310 566 3353 ad
594 3310 749 3354 Antim.
780 3326 824 3368 p.
855 3310 925 3354 62.
976 3306 1197 3363 ἀκάνθια,
1240 3304 1429 3364 ἀχάντια
1463 3307 1664 3354 Eustath.
1706 3307 1807 3352 468.
1849 3304 1919 3350 32.

159 3366 329 3422 aliaque
357 3380 488 3424 supra
518 3367 651 3412 allata
679 3369 805 3426 hujus
836 3368 1144 3413 antistoechiae
1180 3366 1389 3423 exempla.
1863 3380 1865 3384 ·

1447 3439 1531 3499 26
1559 3447 1585 3472 ¹*
