2150 3814
706 217 1266 265 sAmornaAclA.
1566 155 1567 158 Ἴ
1730 204 1896 267 1193

124 354 247 414 bile
323 353 690 433 exemplunm
704 383 707 393 =
716 357 859 427 gest*
901 346 1048 408 urbs
1102 345 1348 408 Sichem
1383 365 1442 409 a
1498 346 1901 413 Valckenario

123 466 468 514 memorata
497 451 576 512 ad
605 447 876 510 Herenn.
917 448 959 507 1.
986 456 1049 507 c.'
1066 450 1408 527 >repetitum
1438 449 1595 510 illud
1624 470 1664 511 a
1687 450 1902 511 Fride-

120 556 244 614 rico
289 553 662 613 Barbarossa
701 550 770 608 in
823 557 1169 629 expugnato
1212 547 1589 610 Mediolano.
1633 571 1694 613 v.
1737 551 1903 613 Nau-

122 655 259 712 cler'.
315 650 537 711 Chron.
592 648 730 710 vol.
772 649 848 708 Π.
891 647 1038 709 845.
1093 645 1320 710 Calvis.
1364 649 1527 730 Opp.
1573 649 1796 712 Clu-on.
1839 669 1901 734 p.

118 753 260 811 770.
304 749 371 810 Β.
415 749 696 810 Proinde
723 749 988 809 arbitror
1016 767 1123 809 eos
1153 751 1260 830 qui
1285 749 1644 813 Telchinnm
1667 753 1902 813 factum

119 851 419 909 miraculo
465 852 736 909 eximere
777 849 1110 923 studerent,
1153 861 1267 929 pro
1313 869 1471 930 aqua
1497 851 1715 931 Stygia
1737 852 1904 913 haud

118 951 315 1011 cuivis
359 950 623 1031 parabili
676 950 867 1010 salem
926 949 1350 1023 substituisse,
1416 970 1538 1029 quo
1582 971 1728 1029 gens
1772 953 1905 1013 fera

117 1049 195 1108 ab
238 1049 603 1110 Hellenibus
647 1051 818 1132 (nam
863 1050 975 1108 hos
1018 1050 1316 1125 significat
1356 1049 1736 1123 HerenniuS,
1779 1070 1904 1111 non

119 1151 377 1228 gentiles
434 1149 832 1220 Sicbemitas,
888 1156 960 1206 ut
1003 1146 1410 1209 Valckenario
1453 1149 1688 1231 visum)
1724 1151 1907 1231 pulsa

116 1268 293 1327 agros
348 1249 589 1308 steriles
645 1246 1017 1308 reddidisset
1070 1246 1174 1309 vel
1188 1288 1222 1320 ‚.
1267 1255 1339 1309 ut
1388 1248 1631 1311 steriles
1673 1251 1907 1326 fierent,

113 1351 455 1429 imprecata
506 1357 684 1408 esset,
781 1348 885 1408 De
937 1346 1331 1408 Telchinibus
1390 1358 1599 1411 autem
1645 1360 1716 1411 ut
1756 1351 1906 1413 haec

114 1449 508 1530 potissimum
553 1451 852 1530 accipiam
893 1447 1133 1511 inducit
1175 1467 1276 1512 me
1321 1449 1491 1529 quod
1533 1449 1904 1521 Ammonius

116 1549 333 1609 eadem
404 1549 677 1609 tradens:
746 1548 1127 1630 ἄλίσπαρτον
1188 1549 1305 1628 τὴν
1356 1550 1461 1613 ἁλὶ
1512 1553 1905 1636 ἐσπαρμένην

110 1649 365 1733 χώραν,
420 1648 600 1709 addit
655 1650 739 1720 ὥς
793 1657 988 1713 τινῶν
1033 1653 1374 1730 φθονερῶν
1415 1658 1601 1717 τοῦτο
1645 1651 1902 1717 ποιούν-

115 1775 276 1822 των,
333 1749 499 1830 quod
552 1768 776 1810 nomen
833 1753 891 1811 οἱ
945 1749 1255 1831 φθονεροί
1315 1751 1569 1828 proprie
1625 1749 1906 1812 adhaesit

115 1849 525 1913 Telchinibus.
627 1848 827 1915 Multa
879 1847 1026 1910 inde
1071 1847 1455 1926 conjectandi
1501 1859 1563 1908 et
1607 1850 1904 1930 opinandi

112 1950 322 2029 copia,
368 1950 423 2008 si
464 1950 601 2029 quis
647 1967 874 2030 operae
917 1948 1131 2022 ducat,
1188 1957 1259 2015 ut
1295 1950 1452 2013 vict-i
1494 1950 1780 2031 pulsique
1823 1951 1902 2012 ab

112 2048 372 2110 advenis
414 2050 481 2108 in
524 2049 824 2110 silvanum
876 2052 1300 2130 montiumque
1345 2049 1589 2112 deserta
1631 2070 1698 2111 se
1739 2072 1904 2112 rece-

112 2151 345 2229 perint;
388 2158 458 2208 ut
500 2149 640 2209 hinc
680 2151 749 2209 in
791 2150 1186 2210 latrocinium
1223 2152 1391 2210 versi
1417 2151 1667 2212 furtivis
1693 2169 1904 2213 excur-

117 2249 394 2309 sionibus
462 2248 544 2309 ad
610 2249 1012 2329 repetendas,
1074 2268 1228 2330 quas
1295 2260 1582 2332 possent,
1663 2269 1900 2331 poenas

112 2349 420 2429 progressi
484 2350 841 2430 expulsores
895 2369 1041 2411 suos
1083 2353 1257 2412 varie
1299 2353 1667 2413 vexaverint
1708 2350 1900 2411 modo

113 2467 290 2527 agros
366 2450 840 2530 perpopulando
897 2451 1086 2525 modo
1140 2454 1384 2512 incaute
1439 2462 1736 2530 vagantes
1793 2471 1903 2535 op-

110 2547 455 2629 primendo,
499 2559 856 2630 tantumque
898 2553 993 2611 sui
1038 2553 1327 2612 timorem
1360 2553 1793 2627 excitaverint,
1833 2564 1904 2614 ut

112 2649 450 2727 majoribus
509 2669 693 2730 quam
749 2651 1032 2711 humanis
1076 2652 1344 2730 viribUS,
1401 2654 1614 2732 utique
1659 2651 1743 2712 ad
1784 2671 1901 2712 no-

113 2747 403 2823 cendum,
447 2744 730 2811 instructi
775 2750 1192 2826 crederentur,
1237 2752 1433 2813 multa
1474 2761 1545 2815 ut
1586 2753 1686 2828 fit,
1731 2751 1901 2814 affin-

114 2857 289 2926 gente
330 2849 530 2925 fama,
573 2851 811 2911 formae
852 2852 1326 2933 mutabilitatem
1363 2841 1436 2912 >et
1479 2861 1682 2913 cetera
1723 2855 1898 2915 terri-

115 2945 472 3010 culamenta.
558 2951 732 3012 Haec
773 2955 958 3031 igitur
1000 2956 1055 3014 si
1100 2955 1233 3034 quis
1278 2954 1563 3032 conjiciat
1604 2955 1671 3012 in
1715 2973 1899 3016 causa

114 3047 335 3121 fuisse,
394 3068 500 3111 cur
555 3050 885 3114 Telchines
922 3064 983 3114 et
1025 3054 1352 3115 herbarum
1395 3052 1898 3117 fascinandarum

117 3150 434 3229 omnisque
475 3153 754 3214 veneficii
796 3164 1078 3234 potentes
1107 3165 1166 3214 et
1193 3154 1426 3216 alienae
1459 3153 1771 3220 felicitatis
1805 3158 1896 3217 in-

114 3246 440 3309 sidiatores
506 3249 851 3314 dicerentur
878 3255 954 3337 [⁹]
1022 3267 1083 3315 et
1137 3272 1323 3336 porro
1389 3253 1580 3322 addat
1634 3255 1895 3320 eandem

238 3388 316 3445 [V]
361 3388 503 3434 Nicet.
536 3394 645 3436 Anu.
678 3395 730 3438 V.
763 3397 832 3441 88.
862 3396 917 3440 D.
966 3400 1055 3454 ᾳεῦ
1085 3394 1366 3456 πραγμάτων
1409 3397 1659 3456 ἀναγκαίας
1700 3400 1893 3444 ἐπιπλο-
