<?xml version="1.0" encoding="UTF-8"?>
<!DOCTYPE html PUBLIC "-//W3C//DTD XHTML 1.0 Transitional//EN"
    "http://www.w3.org/TR/xhtml1/DTD/xhtml1-transitional.dtd">
<html xmlns="http://www.w3.org/1999/xhtml" xml:lang="en" lang="en">
 <head>
  <title>
</title>
<meta http-equiv="Content-Type" content="text/html;charset=utf-8" />
  <meta name='ocr-system' content='tesseract 3.04.00' />
  <meta name='ocr-capabilities' content='ocr_page ocr_carea ocr_par ocr_line ocrx_word'/>
</head>
<body>
  <div class='ocr_page' id='page_1' title='image "./aglaophamussived02lobeuoft_0551.png"; bbox 0 0 2150 3814; ppageno 0'>
   <div class='ocr_carea' id='block_1_1' title="bbox 737 246 1893 309">
    <p class='ocr_par' dir='ltr' id='par_1_1' title="bbox 737 246 1893 309">
     <span class='ocr_line' id='line_1_1' title="bbox 737 246 1893 309; baseline 0.009 -10"><span class='ocrx_word' id='word_1_1' title='bbox 737 246 1270 299; x_wconf 74' lang='lat' dir='ltr'><strong>SAMOTHRACIA.</strong></span> <span class='ocrx_word' id='word_1_2' title='bbox 1731 247 1893 309; x_wconf 84' lang='lat'>1327</span> 
     </span>
    </p>
   </div>
   <div class='ocr_carea' id='block_1_2' title="bbox 111 381 1916 1704">
    <p class='ocr_par' dir='ltr' id='par_1_2' title="bbox 111 381 1916 1662">
     <span class='ocr_line' id='line_1_2' title="bbox 117 381 1894 467; baseline 0.001 -20"><span class='ocrx_word' id='word_1_3' title='bbox 117 397 239 461; x_wconf 85' lang='lat' dir='ltr'><strong>ret,</strong></span> <span class='ocrx_word' id='word_1_4' title='bbox 284 385 448 467; x_wconf 90' lang='lat' dir='ltr'><strong>quod</strong></span> <span class='ocrx_word' id='word_1_5' title='bbox 478 387 691 444; x_wconf 57' lang='lat' dir='ltr'><strong>‘firmat</strong></span> <span class='ocrx_word' id='word_1_6' title='bbox 731 381 1037 442; x_wconf 75' lang='lat' dir='ltr'><strong>Herodoti</strong></span> <span class='ocrx_word' id='word_1_7' title='bbox 1079 381 1286 443; x_wconf 87' lang='lat' dir='ltr'><strong>verbis</strong></span> <span class='ocrx_word' id='word_1_8' title='bbox 1337 383 1440 443; x_wconf 85' lang='lat'><strong>111.</strong></span> <span class='ocrx_word' id='word_1_9' title='bbox 1479 383 1583 445; x_wconf 44' lang='lat'><strong>¹37.</strong></span> <span class='ocrx_word' id='word_1_10' title='bbox 1630 383 1894 467; x_wconf 88' lang='lat' dir='ltr'><strong>Camby-</strong></span> 
     </span>
     <span class='ocr_line' id='line_1_3' title="bbox 118 475 1895 564; baseline 0.001 -17"><span class='ocrx_word' id='word_1_11' title='bbox 118 507 248 547; x_wconf 92' lang='lat' dir='ltr'><strong>sem</strong></span> <span class='ocrx_word' id='word_1_12' title='bbox 307 484 667 545; x_wconf 74' lang='lat' dir='ltr'><strong>Gabii-&#39;orum</strong></span> <span class='ocrx_word' id='word_1_13' title='bbox 738 475 1083 564; x_wconf 24' lang='lat' dir='ltr'><strong>simulacra,</strong></span> <span class='ocrx_word' id='word_1_14' title='bbox 1131 482 1421 542; x_wconf 80' lang='lat' dir='ltr'>cubitalia</span> <span class='ocrx_word' id='word_1_15' title='bbox 1490 485 1895 549; x_wconf 82' lang='lat' dir='ltr'><strong>combussisse</strong></span> 
     </span>
     <span class='ocr_line' id='line_1_4' title="bbox 116 567 1895 674; baseline -0.001 -24"><span class='ocrx_word' id='word_1_16' title='bbox 116 587 308 650; x_wconf 76' lang='grc' dir='ltr'><em>πολλὰ</em></span> <span class='ocrx_word' id='word_1_17' title='bbox 341 567 878 666; x_wconf 11' lang='grc' dir='ltr'><strong>ἱκατασκώψαντα.</strong></span> <span class='ocrx_word' id='word_1_18' title='bbox 982 577 1102 642; x_wconf 75' lang='lat' dir='ltr'><strong>Sed</strong></span> <span class='ocrx_word' id='word_1_19' title='bbox 1161 602 1236 642; x_wconf 80' lang='lat' dir='ltr'><strong>ex</strong></span> <span class='ocrx_word' id='word_1_20' title='bbox 1290 584 1406 674; x_wconf 58' lang='lat' dir='ltr'><strong>lioc</strong></span> <span class='ocrx_word' id='word_1_21' title='bbox 1455 585 1591 644; x_wconf 82' lang='lat' dir='ltr'><strong>loco</strong></span> <span class='ocrx_word' id='word_1_22' title='bbox 1639 589 1895 648; x_wconf 85' lang='lat' dir='ltr'><strong>minime</strong></span> 
     </span>
     <span class='ocr_line' id='line_1_5' title="bbox 116 675 1895 766; baseline 0.002 -21"><span class='ocrx_word' id='word_1_23' title='bbox 116 695 374 766; x_wconf 91' lang='lat' dir='ltr'><strong>apparet</strong></span> <span class='ocrx_word' id='word_1_24' title='bbox 434 688 666 743; x_wconf 66' lang='lat' dir='ltr'><strong>utrum·</strong></span> <span class='ocrx_word' id='word_1_25' title='bbox 709 683 894 742; x_wconf 86' lang='lat' dir='ltr'><strong>homo</strong></span> <span class='ocrx_word' id='word_1_26' title='bbox 963 675 1187 755; x_wconf 52' lang='lat' dir='ltr'><strong>Persa.</strong></span> <span class='ocrx_word' id='word_1_27' title='bbox 1248 685 1350 762; x_wconf 87' lang='lat' dir='ltr'><strong>qui</strong></span> <span class='ocrx_word' id='word_1_28' title='bbox 1405 685 1706 747; x_wconf 76' lang='lat' dir='ltr'><strong>humanas</strong></span> <span class='ocrx_word' id='word_1_29' title='bbox 1763 707 1895 748; x_wconf 92' lang='lat' dir='ltr'><strong>esse</strong></span> 
     </span>
     <span class='ocr_line' id='line_1_6' title="bbox 115 783 1894 861; baseline 0.003 -17"><span class='ocrx_word' id='word_1_30' title='bbox 115 785 363 845; x_wconf 84' lang='lat' dir='ltr'><strong>formas&#39;</strong></span> <span class='ocrx_word' id='word_1_31' title='bbox 390 783 645 843; x_wconf 85' lang='lat' dir='ltr'><strong>deorum</strong></span> <span class='ocrx_word' id='word_1_32' title='bbox 684 790 973 861; x_wconf 78' lang='lat' dir='ltr'>negaret,</span> <span class='ocrx_word' id='word_1_33' title='bbox 1018 783 1243 860; x_wconf 85' lang='lat' dir='ltr'><strong>figurae</strong></span> <span class='ocrx_word' id='word_1_34' title='bbox 1288 783 1655 846; x_wconf 86' lang='lat' dir='ltr'><strong>brevitatem</strong></span> <span class='ocrx_word' id='word_1_35' title='bbox 1703 798 1763 848; x_wconf 86' lang='lat' dir='ltr'><strong>et</strong></span> <span class='ocrx_word' id='word_1_36' title='bbox 1796 808 1894 849; x_wconf 89' lang='lat' dir='ltr'><strong>ru-</strong></span> 
     </span>
     <span class='ocr_line' id='line_1_7' title="bbox 115 874 1894 966; baseline 0.003 -22"><span class='ocrx_word' id='word_1_37' title='bbox 115 884 193 944; x_wconf 92' lang='lat' dir='ltr'><strong>de</strong></span> <span class='ocrx_word' id='word_1_38' title='bbox 249 885 570 944; x_wconf 84' lang='lat' dir='ltr'><strong>artificium</strong></span> <span class='ocrx_word' id='word_1_39' title='bbox 632 903 708 943; x_wconf 89' lang='lat' dir='ltr'><strong>an</strong></span> <span class='ocrx_word' id='word_1_40' title='bbox 767 874 1101 942; x_wconf 79' lang='lat' dir='ltr'><strong>deformem</strong></span> <span class='ocrx_word' id='word_1_41' title='bbox 1158 887 1430 963; x_wconf 88' lang='lat' dir='ltr'><strong>corporis</strong></span> <span class='ocrx_word' id='word_1_42' title='bbox 1486 888 1752 966; x_wconf 84' lang='lat' dir='ltr'><strong>speciem</strong></span> <span class='ocrx_word' id='word_1_43' title='bbox 1799 909 1894 950; x_wconf 89' lang='lat' dir='ltr'><strong>ca-</strong></span> 
     </span>
     <span class='ocr_line' id='line_1_8' title="bbox 112 983 1893 1064; baseline 0.002 -20"><span class='ocrx_word' id='word_1_44' title='bbox 112 984 364 1046; x_wconf 84' lang='lat' dir='ltr'><strong>villatus</strong></span> <span class='ocrx_word' id='word_1_45' title='bbox 419 986 515 1044; x_wconf 91' lang='lat' dir='ltr'><strong>sit.</strong></span> <span class='ocrx_word' id='word_1_46' title='bbox 566 1026 569 1029; x_wconf 32' lang='grc'><em>,</em></span> <span class='ocrx_word' id='word_1_47' title='bbox 619 984 702 1042; x_wconf 91' lang='lat' dir='ltr'><strong>Et</strong></span> <span class='ocrx_word' id='word_1_48' title='bbox 754 993 824 1042; x_wconf 88' lang='lat' dir='ltr'><strong>ut</strong></span> <span class='ocrx_word' id='word_1_49' title='bbox 877 983 993 1042; x_wconf 87' lang='lat' dir='ltr'><strong>hoc</strong></span> <span class='ocrx_word' id='word_1_50' title='bbox 1047 1000 1285 1062; x_wconf 89' lang='lat' dir='ltr'><strong>quoque</strong></span> <span class='ocrx_word' id='word_1_51' title='bbox 1330 986 1386 1042; x_wconf 91' lang='lat' dir='ltr'><strong>ei</strong></span> <span class='ocrx_word' id='word_1_52' title='bbox 1431 984 1679 1060; x_wconf 87' lang='lat' dir='ltr'><strong>demus,</strong></span> <span class='ocrx_word' id='word_1_53' title='bbox 1724 1008 1893 1064; x_wconf 87' lang='lat' dir='ltr'><strong>num,</strong></span> 
     </span>
     <span class='ocr_line' id='line_1_9' title="bbox 116 1081 1895 1162; baseline 0.002 -18"><span class='ocrx_word' id='word_1_54' title='bbox 116 1086 287 1162; x_wconf 90' lang='lat' dir='ltr'><strong>cujus</strong></span> <span class='ocrx_word' id='word_1_55' title='bbox 343 1085 737 1144; x_wconf 83' lang='lat' dir='ltr'><strong>simulacrum</strong></span> <span class='ocrx_word' id='word_1_56' title='bbox 795 1081 1019 1142; x_wconf 88' lang='lat' dir='ltr'><strong>alicubi</strong></span> <span class='ocrx_word' id='word_1_57' title='bbox 1081 1091 1248 1140; x_wconf 85' lang='lat' dir='ltr'><strong>extat</strong></span> <span class='ocrx_word' id='word_1_58' title='bbox 1288 1083 1544 1142; x_wconf 83' lang='lat' dir='ltr'><strong>ridicule</strong></span> <span class='ocrx_word' id='word_1_59' title='bbox 1589 1085 1895 1148; x_wconf 87' lang='lat' dir='ltr'><strong>deforma-</strong></span> 
     </span>
     <span class='ocr_line' id='line_1_10' title="bbox 114 1180 1916 1264; baseline 0.002 -21"><span class='ocrx_word' id='word_1_60' title='bbox 114 1194 275 1258; x_wconf 80' lang='lat' dir='ltr'><strong>tum,</strong></span> <span class='ocrx_word' id='word_1_61' title='bbox 340 1187 544 1264; x_wconf 86' lang='lat' dir='ltr'><strong>ipsum</strong></span> <span class='ocrx_word' id='word_1_62' title='bbox 587 1182 914 1243; x_wconf 58' lang='lat' dir='ltr'><strong>ridiculum</strong></span> <span class='ocrx_word' id='word_1_63' title='bbox 962 1189 1024 1238; x_wconf 88' lang='lat' dir='ltr'><strong>et</strong></span> <span class='ocrx_word' id='word_1_64' title='bbox 1064 1180 1427 1264; x_wconf 69' lang='grc' dir='ltr'><strong>γελοιαστήν</strong></span> <span class='ocrx_word' id='word_1_65' title='bbox 1467 1189 1598 1242; x_wconf 83' lang='lat' dir='ltr'><strong>es&#39;se</strong></span> <span class='ocrx_word' id='word_1_66' title='bbox 1649 1203 1916 1254; x_wconf 46' lang='lat' dir='ltr'><strong>necesse¹</strong></span> 
     </span>
     <span class='ocr_line' id='line_1_11' title="bbox 112 1278 1892 1355; baseline 0.002 -11"><span class='ocrx_word' id='word_1_67' title='bbox 112 1285 245 1344; x_wconf 73' lang='lat' dir='ltr'><strong>est&#39;.²</strong></span> <span class='ocrx_word' id='word_1_68' title='bbox 288 1282 424 1343; x_wconf 90' lang='lat' dir='ltr'><strong>Hac</strong></span> <span class='ocrx_word' id='word_1_69' title='bbox 463 1283 704 1341; x_wconf 88' lang='lat' dir='ltr'><strong>ratione</strong></span> <span class='ocrx_word' id='word_1_70' title='bbox 745 1278 1035 1355; x_wconf 84' lang='lat' dir='ltr'><strong>Indorum</strong></span> <span class='ocrx_word' id='word_1_71' title='bbox 1082 1289 1143 1338; x_wconf 89' lang='lat' dir='ltr'><strong>et</strong></span> <span class='ocrx_word' id='word_1_72' title='bbox 1168 1278 1633 1342; x_wconf 86' lang='lat' dir='ltr'><strong>Mexicanorum</strong></span> <span class='ocrx_word' id='word_1_73' title='bbox 1681 1285 1771 1345; x_wconf 91' lang='lat' dir='ltr'><strong>dii</strong></span> <span class='ocrx_word' id='word_1_74' title='bbox 1814 1287 1892 1347; x_wconf 93' lang='lat' dir='ltr'><strong>ad</strong></span> 
     </span>
     <span class='ocr_line' id='line_1_12' title="bbox 111 1364 1896 1462; baseline 0.003 -20"><span class='ocrx_word' id='word_1_75' title='bbox 111 1400 299 1442; x_wconf 83' lang='lat' dir='ltr'><strong>unum</strong></span> <span class='ocrx_word' id='word_1_76' title='bbox 356 1397 568 1443; x_wconf 83' lang='lat' dir='ltr'><strong>omnes</strong></span> <span class='ocrx_word' id='word_1_77' title='bbox 620 1380 765 1462; x_wconf 83' lang='lat' dir='ltr'><strong>puri</strong></span> <span class='ocrx_word' id='word_1_78' title='bbox 787 1379 955 1460; x_wconf 56' lang='lat' dir='ltr'><strong>Lgiuti</strong></span> <span class='ocrx_word' id='word_1_79' title='bbox 999 1364 1215 1440; x_wconf 82' lang='lat' dir='ltr'><strong>Cobali</strong></span> <span class='ocrx_word' id='word_1_80' title='bbox 1260 1392 1453 1442; x_wconf 87' lang='lat' dir='ltr'><strong>erunt.</strong></span> <span class='ocrx_word' id='word_1_81' title='bbox 1543 1384 1666 1444; x_wconf 85' lang='lat' dir='ltr'><strong>Sed</strong></span> <span class='ocrx_word' id='word_1_82' title='bbox 1709 1387 1896 1448; x_wconf 78' lang='lat' dir='ltr'><strong>infert</strong></span> 
     </span>
     <span class='ocr_line' id='line_1_13' title="bbox 113 1476 1892 1562; baseline 0.003 -19"><span class='ocrx_word' id='word_1_83' title='bbox 113 1485 299 1543; x_wconf 87' lang='lat' dir='ltr'><strong>aliam</strong></span> <span class='ocrx_word' id='word_1_84' title='bbox 355 1483 615 1562; x_wconf 83' lang='lat' dir='ltr'><strong>plagam.</strong></span> <span class='ocrx_word' id='word_1_85' title='bbox 722 1476 1228 1557; x_wconf 79' lang='lat' dir='ltr'><strong>chrysostomus,</strong></span> <span class='ocrx_word' id='word_1_86' title='bbox 1295 1484 1518 1562; x_wconf 88' lang='lat' dir='ltr'><strong>inquit,</strong></span> <span class='ocrx_word' id='word_1_87' title='bbox 1582 1487 1647 1544; x_wconf 91' lang='lat' dir='ltr'><strong>in</strong></span> <span class='ocrx_word' id='word_1_88' title='bbox 1704 1486 1892 1548; x_wconf 90' lang='lat' dir='ltr'><strong>Hom.</strong></span> 
     </span>
     <span class='ocr_line' id='line_1_14' title="bbox 113 1579 1891 1704; baseline 0.003 -61"><span class='ocrx_word' id='word_1_89' title='bbox 113 1584 302 1644; x_wconf 85' lang='lat' dir='ltr'><strong>XVIl.</strong></span> <span class='ocrx_word' id='word_1_90' title='bbox 360 1584 424 1642; x_wconf 89' lang='lat' dir='ltr'><strong>in</strong></span> <span class='ocrx_word' id='word_1_91' title='bbox 476 1583 678 1704; x_wconf 85' lang='lat' dir='ltr'><strong>Epist.</strong></span> <span class='ocrx_word' id='word_1_92' title='bbox 735 1579 816 1640; x_wconf 84' lang='lat' dir='ltr'><strong>ad</strong></span> <span class='ocrx_word' id='word_1_93' title='bbox 874 1581 1099 1660; x_wconf 86' lang='lat' dir='ltr'><strong>Ephes.</strong></span> <span class='ocrx_word' id='word_1_94' title='bbox 1160 1601 1466 1658; x_wconf 83' lang='lat' dir='ltr'><strong>scurraS‚</strong></span> <span class='ocrx_word' id='word_1_95' title='bbox 1486 1584 1891 1649; x_wconf 89' lang='lat' dir='ltr'><strong>Samardacos</strong></span> 
     </span>
    </p>
   </div>
   <div class='ocr_carea' id='block_1_3' title="bbox 111 1682 1895 3066">
    <p class='ocr_par' dir='ltr' id='par_1_3' title="bbox 112 1682 1895 3066">
     <span class='ocr_line' id='line_1_15' title="bbox 112 1682 1892 1768; baseline 0.003 -23"><span class='ocrx_word' id='word_1_96' title='bbox 112 1694 324 1745; x_wconf 85' lang='lat' dir='ltr'><strong>vocat.</strong></span> <span class='ocrx_word' id='word_1_97' title='bbox 370 1685 482 1764; x_wconf 81' lang='grc' dir='ltr'><strong>οὐχ</strong></span> <span class='ocrx_word' id='word_1_98' title='bbox 526 1683 678 1764; x_wconf 79' lang='grc' dir='ltr'><strong><em>ὁρᾷς</em></strong></span> <span class='ocrx_word' id='word_1_99' title='bbox 710 1682 855 1752; x_wconf 83' lang='grc' dir='ltr'><em>τοὺς</em></span> <span class='ocrx_word' id='word_1_100' title='bbox 892 1683 1255 1766; x_wconf 75' lang='grc' dir='ltr'><em>λεγοιιένους</em></span> <span class='ocrx_word' id='word_1_101' title='bbox 1282 1687 1725 1768; x_wconf 74' lang='grc' dir='ltr'><strong>γελωτοποιοὺς</strong></span> <span class='ocrx_word' id='word_1_102' title='bbox 1753 1698 1892 1751; x_wconf 87' lang='grc' dir='ltr'><strong>Σα-</strong></span> 
     </span>
     <span class='ocr_line' id='line_1_16' title="bbox 111 1778 1892 1869; baseline 0.001 -21.003"><span class='ocrx_word' id='word_1_103' title='bbox 111 1782 507 1869; x_wconf 75' lang='grc' dir='ltr'><em>ααρὸἄκους,·</em></span> <span class='ocrx_word' id='word_1_104' title='bbox 560 1778 731 1846; x_wconf 81' lang='grc' dir='ltr'><strong>υῦτοι</strong></span> <span class='ocrx_word' id='word_1_105' title='bbox 771 1781 928 1844; x_wconf 64' lang='lat' dir='ltr'><strong>stabas</strong></span> <span class='ocrx_word' id='word_1_106' title='bbox 971 1784 1030 1844; x_wconf 83' lang='grc' dir='ltr'><strong>οἱ</strong></span> <span class='ocrx_word' id='word_1_107' title='bbox 1071 1780 1426 1864; x_wconf 78' lang='grc' dir='ltr'><em>εὖτραπελοι</em></span> <span class='ocrx_word' id='word_1_108' title='bbox 1448 1783 1538 1865; x_wconf 62' lang='lat' dir='ltr'><strong>[a]</strong></span> <span class='ocrx_word' id='word_1_109' title='bbox 1587 1786 1892 1865; x_wconf 86' lang='lat' dir='ltr'><strong>Augusti-</strong></span> 
     </span>
     <span class='ocr_line' id='line_1_17' title="bbox 112 1870 1892 1966; baseline 0.002 -21"><span class='ocrx_word' id='word_1_110' title='bbox 112 1904 226 1945; x_wconf 88' lang='lat' dir='ltr'><strong>nus</strong></span> <span class='ocrx_word' id='word_1_111' title='bbox 271 1884 347 1943; x_wconf 91' lang='lat' dir='ltr'><strong>de</strong></span> <span class='ocrx_word' id='word_1_112' title='bbox 392 1881 529 1944; x_wconf 80' lang='lat' dir='ltr'><strong>Civ.</strong></span> <span class='ocrx_word' id='word_1_113' title='bbox 569 1883 691 1941; x_wconf 90' lang='lat' dir='ltr'><strong>Dei</strong></span> <span class='ocrx_word' id='word_1_114' title='bbox 739 1883 888 1958; x_wconf 90' lang='lat' dir='ltr'><strong>(imo</strong></span> <span class='ocrx_word' id='word_1_115' title='bbox 932 1882 997 1939; x_wconf 90' lang='lat' dir='ltr'><strong>in</strong></span> <span class='ocrx_word' id='word_1_116' title='bbox 1035 1880 1103 1939; x_wconf 93' lang='lat' dir='ltr'><strong>L.</strong></span> <span class='ocrx_word' id='word_1_117' title='bbox 1149 1870 1361 1941; x_wconf 83' lang='lat' dir='ltr'><strong>contra</strong></span> <span class='ocrx_word' id='word_1_118' title='bbox 1393 1882 1612 1966; x_wconf 89' lang='lat' dir='ltr'><strong>Acad.)</strong></span> <span class='ocrx_word' id='word_1_119' title='bbox 1655 1888 1758 1947; x_wconf 90' lang='lat' dir='ltr'><strong>HI.</strong></span> <span class='ocrx_word' id='word_1_120' title='bbox 1799 1889 1892 1949; x_wconf 88' lang='lat'><strong>15.</strong></span> 
     </span>
     <span class='ocr_line' id='line_1_18' title="bbox 112 1981 1892 2065; baseline 0.003 -22"><span class='ocrx_word' id='word_1_121' title='bbox 112 1987 384 2065; x_wconf 86' lang='lat' dir='ltr'><strong>planus</strong></span> <span class='ocrx_word' id='word_1_122' title='bbox 441 1991 610 2042; x_wconf 86' lang='lat' dir='ltr'><strong>erat</strong></span> <span class='ocrx_word' id='word_1_123' title='bbox 665 1981 756 2040; x_wconf 90' lang='lat' dir='ltr'><strong>de</strong></span> <span class='ocrx_word' id='word_1_124' title='bbox 809 1982 909 2040; x_wconf 90' lang='lat' dir='ltr'><strong>iis</strong></span> <span class='ocrx_word' id='word_1_125' title='bbox 955 1999 1143 2060; x_wconf 89' lang='lat' dir='ltr'><strong>quos</strong></span> <span class='ocrx_word' id='word_1_126' title='bbox 1190 1981 1697 2046; x_wconf 83' lang='lat' dir='ltr'><strong>Sarmadocos</strong></span> <span class='ocrx_word' id='word_1_127' title='bbox 1732 1988 1892 2065; x_wconf 89' lang='lat' dir='ltr'><strong>jam</strong></span> 
     </span>
     <span class='ocr_line' id='line_1_19' title="bbox 112 2077 1892 2162; baseline 0.002 -17"><span class='ocrx_word' id='word_1_128' title='bbox 112 2086 396 2162; x_wconf 86' lang='lat' dir='ltr'><strong>vulgus</strong></span> <span class='ocrx_word' id='word_1_129' title='bbox 451 2077 913 2162; x_wconf 65' lang='lat' dir='ltr'><strong>app&#39;ellat[¹’].</strong></span> <span class='ocrx_word' id='word_1_130' title='bbox 1017 2080 1217 2140; x_wconf 89' lang='lat' dir='ltr'><strong>Schol.</strong></span> <span class='ocrx_word' id='word_1_131' title='bbox 1277 2078 1455 2161; x_wconf 85' lang='lat' dir='ltr'><strong>Cruq.</strong></span> <span class='ocrx_word' id='word_1_132' title='bbox 1514 2084 1594 2143; x_wconf 89' lang='lat' dir='ltr'><strong>ad</strong></span> <span class='ocrx_word' id='word_1_133' title='bbox 1650 2086 1803 2146; x_wconf 86' lang='lat' dir='ltr'><strong>Hor.</strong></span> <span class='ocrx_word' id='word_1_134' title='bbox 1847 2091 1892 2149; x_wconf 95' lang='lat' dir='ltr'><strong>I.</strong></span> 
     </span>
     <span class='ocr_line' id='line_1_20' title="bbox 114 2177 1895 2266; baseline 0.002 -21"><span class='ocrx_word' id='word_1_135' title='bbox 114 2185 239 2245; x_wconf 85' lang='lat' dir='ltr'><strong>Sat.</strong></span> <span class='ocrx_word' id='word_1_136' title='bbox 283 2185 341 2243; x_wconf 79' lang='lat'><strong>6.</strong></span> <span class='ocrx_word' id='word_1_137' title='bbox 391 2180 529 2241; x_wconf 84' lang='lat'><strong>115.</strong></span> <span class='ocrx_word' id='word_1_138' title='bbox 573 2181 931 2241; x_wconf 74' lang='lat' dir='ltr'><strong>fallacem</strong></span> <span class='ocrx_word' id='word_1_139' title='bbox 979 2179 1181 2239; x_wconf 86' lang='lat' dir='ltr'><strong>dixit</strong></span> <span class='ocrx_word' id='word_1_140' title='bbox 1227 2177 1531 2242; x_wconf 86' lang='lat' dir='ltr'><strong>Circum</strong></span> <span class='ocrx_word' id='word_1_141' title='bbox 1575 2197 1895 2266; x_wconf 86' lang='lat' dir='ltr'><strong>propter</strong></span> 
     </span>
     <span class='ocr_line' id='line_1_21' title="bbox 116 2272 1892 2359; baseline 0.002 -15"><span class='ocrx_word' id='word_1_142' title='bbox 116 2282 614 2358; x_wconf 63' lang='lat' dir='ltr'><strong>samardacogs</strong></span> <span class='ocrx_word' id='word_1_143' title='bbox 669 2289 743 2340; x_wconf 86' lang='lat' dir='ltr'><strong>et</strong></span> <span class='ocrx_word' id='word_1_144' title='bbox 799 2280 1229 2359; x_wconf 86' lang='lat' dir='ltr'><strong>sortilegos</strong></span> <span class='ocrx_word' id='word_1_145' title='bbox 1290 2272 1892 2348; x_wconf 66' lang='lat' dir='ltr'><strong>et‘mathemati-v</strong></span> 
     </span>
     <span class='ocr_line' id='line_1_22' title="bbox 118 2378 1892 2464; baseline 0.002 -20"><span class='ocrx_word' id='word_1_146' title='bbox 118 2404 272 2459; x_wconf 90' lang='lat' dir='ltr'><strong>cos;</strong></span> <span class='ocrx_word' id='word_1_147' title='bbox 329 2382 550 2464; x_wconf 85' lang='lat' dir='ltr'><strong>quibus</strong></span> <span class='ocrx_word' id='word_1_148' title='bbox 603 2383 707 2441; x_wconf 94' lang='lat' dir='ltr'><strong>Du</strong></span> <span class='ocrx_word' id='word_1_149' title='bbox 767 2378 1030 2459; x_wconf 84' lang='lat' dir='ltr'><strong>Gangius</strong></span> <span class='ocrx_word' id='word_1_150' title='bbox 1083 2383 1150 2441; x_wconf 89' lang='lat' dir='ltr'><strong>in</strong></span> <span class='ocrx_word' id='word_1_151' title='bbox 1209 2380 1407 2441; x_wconf 84' lang='lat' dir='ltr'><strong>Gloss.</strong></span> <span class='ocrx_word' id='word_1_152' title='bbox 1463 2383 1597 2444; x_wconf 88' lang='lat' dir='ltr'><strong>Lat.</strong></span> <span class='ocrx_word' id='word_1_153' title='bbox 1643 2405 1702 2464; x_wconf 91' lang='lat' dir='ltr'><strong>p.</strong></span> <span class='ocrx_word' id='word_1_154' title='bbox 1749 2387 1892 2448; x_wconf 76' lang='lat'><strong>692.</strong></span> 
     </span>
     <span class='ocr_line' id='line_1_23' title="bbox 118 2479 1894 2557; baseline 0.002 -13"><span class='ocrx_word' id='word_1_155' title='bbox 118 2484 293 2544; x_wconf 82' lang='lat' dir='ltr'><strong>addit</strong></span> <span class='ocrx_word' id='word_1_156' title='bbox 349 2503 425 2542; x_wconf 86' lang='lat' dir='ltr'><strong>ex</strong></span> <span class='ocrx_word' id='word_1_157' title='bbox 467 2483 637 2544; x_wconf 80' lang='lat' dir='ltr'><strong>Actis</strong></span> <span class='ocrx_word' id='word_1_158' title='bbox 684 2480 924 2557; x_wconf 71' lang='lat' dir='ltr'><strong>Quirini</strong></span> <span class='ocrx_word' id='word_1_159' title='bbox 968 2502 1015 2540; x_wconf 94' lang='lat' dir='ltr'><strong>c.</strong></span> <span class='ocrx_word' id='word_1_160' title='bbox 1062 2480 1117 2540; x_wconf 85' lang='lat'><strong>5.</strong></span> <span class='ocrx_word' id='word_1_161' title='bbox 1175 2479 1407 2542; x_wconf 86' lang='lat' dir='ltr'><strong>video</strong></span> <span class='ocrx_word' id='word_1_162' title='bbox 1451 2491 1525 2541; x_wconf 89' lang='lat' dir='ltr'><strong>te</strong></span> <span class='ocrx_word' id='word_1_163' title='bbox 1567 2489 1894 2548; x_wconf 85' lang='lat' dir='ltr'><strong>rustica-</strong></span> 
     </span>
     <span class='ocr_line' id='line_1_24' title="bbox 117 2571 1895 2664; baseline 0.002 -21"><span class='ocrx_word' id='word_1_164' title='bbox 117 2604 286 2644; x_wconf 91' lang='lat' dir='ltr'><strong>num</strong></span> <span class='ocrx_word' id='word_1_165' title='bbox 345 2585 566 2663; x_wconf 90' lang='lat' dir='ltr'><strong>quasi</strong></span> <span class='ocrx_word' id='word_1_166' title='bbox 623 2601 660 2642; x_wconf 90' lang='lat' dir='ltr'><strong>a</strong></span> <span class='ocrx_word' id='word_1_167' title='bbox 694 2571 1164 2643; x_wconf 59' lang='lat' dir='ltr'><strong>{samardaco</strong></span> <span class='ocrx_word' id='word_1_168' title='bbox 1210 2581 1607 2643; x_wconf 90' lang='lat' dir='ltr'><strong>inductum</strong></span> <span class='ocrx_word' id='word_1_169' title='bbox 1651 2590 1778 2664; x_wconf 91' lang='lat' dir='ltr'><strong>qui</strong></span> <span class='ocrx_word' id='word_1_170' title='bbox 1815 2598 1895 2650; x_wconf 87' lang='lat' dir='ltr'><strong>et</strong></span> 
     </span>
     <span class='ocr_line' id='line_1_25' title="bbox 119 2680 1893 2762; baseline 0.002 -18"><span class='ocrx_word' id='word_1_171' title='bbox 119 2694 192 2744; x_wconf 93' lang='lat' dir='ltr'><strong>te</strong></span> <span class='ocrx_word' id='word_1_172' title='bbox 248 2694 322 2743; x_wconf 94' lang='lat' dir='ltr'><strong>et</strong></span> <span class='ocrx_word' id='word_1_173' title='bbox 377 2702 455 2742; x_wconf 91' lang='lat' dir='ltr'><strong>se</strong></span> <span class='ocrx_word' id='word_1_174' title='bbox 512 2682 820 2762; x_wconf 86' lang='lat' dir='ltr'><strong>decipit.</strong></span> <span class='ocrx_word' id='word_1_175' title='bbox 905 2680 1040 2741; x_wconf 92' lang='lat' dir='ltr'><strong>Hos</strong></span> <span class='ocrx_word' id='word_1_176' title='bbox 1082 2682 1270 2758; x_wconf 84' lang='lat' dir='ltr'><strong>igitur</strong></span> <span class='ocrx_word' id='word_1_177' title='bbox 1311 2683 1445 2742; x_wconf 87' lang='lat' dir='ltr'><strong>sive</strong></span> <span class='ocrx_word' id='word_1_178' title='bbox 1489 2682 1893 2747; x_wconf 88' lang='lat' dir='ltr'><strong>Samardacos</strong></span> 
     </span>
     <span class='ocr_line' id='line_1_26' title="bbox 119 2780 1894 2858; baseline 0.001 -14"><span class='ocrx_word' id='word_1_179' title='bbox 119 2786 251 2846; x_wconf 87' lang='lat' dir='ltr'><strong>sive</strong></span> <span class='ocrx_word' id='word_1_180' title='bbox 285 2781 690 2844; x_wconf 84' lang='lat' dir='ltr'><strong>Sarmadocos</strong></span> <span class='ocrx_word' id='word_1_181' title='bbox 722 2780 1155 2843; x_wconf 88' lang='lat' dir='ltr'><strong>Gutberlethus</strong></span> <span class='ocrx_word' id='word_1_182' title='bbox 1189 2800 1510 2858; x_wconf 87' lang='lat' dir='ltr'><strong>germanos</strong></span> <span class='ocrx_word' id='word_1_183' title='bbox 1541 2782 1894 2847; x_wconf 86' lang='lat' dir='ltr'><strong>Samothra-</strong></span> 
     </span>
     <span class='ocr_line' id='line_1_27' title="bbox 124 2882 1894 2963; baseline 0.002 -20"><span class='ocrx_word' id='word_1_184' title='bbox 124 2902 221 2943; x_wconf 86' lang='lat' dir='ltr'><strong>ces</strong></span> <span class='ocrx_word' id='word_1_185' title='bbox 265 2903 394 2944; x_wconf 91' lang='lat' dir='ltr'><strong>esse</strong></span> <span class='ocrx_word' id='word_1_186' title='bbox 436 2883 682 2957; x_wconf 82' lang='lat' dir='ltr'><strong>statuit,</strong></span> <span class='ocrx_word' id='word_1_187' title='bbox 764 2891 826 2942; x_wconf 87' lang='lat' dir='ltr'><strong>et</strong></span> <span class='ocrx_word' id='word_1_188' title='bbox 859 2884 991 2962; x_wconf 75' lang='lat' dir='ltr'><strong>Jam</strong></span> <span class='ocrx_word' id='word_1_189' title='bbox 1032 2884 1204 2963; x_wconf 88' lang='lat' dir='ltr'><strong>prius</strong></span> <span class='ocrx_word' id='word_1_190' title='bbox 1247 2882 1564 2943; x_wconf 89' lang='lat' dir='ltr'><strong>Reinesius</strong></span> <span class='ocrx_word' id='word_1_191' title='bbox 1607 2886 1673 2945; x_wconf 90' lang='lat' dir='ltr'><strong>in</strong></span> <span class='ocrx_word' id='word_1_192' title='bbox 1719 2885 1894 2963; x_wconf 83' lang='lat' dir='ltr'><strong>Synt.</strong></span> 
     </span>
     <span class='ocr_line' id='line_1_28' title="bbox 123 2981 1893 3066; baseline 0.002 -23"><span class='ocrx_word' id='word_1_193' title='bbox 123 2985 303 3043; x_wconf 90' lang='lat' dir='ltr'><strong>Inscr.</strong></span> <span class='ocrx_word' id='word_1_194' title='bbox 359 3004 419 3063; x_wconf 89' lang='lat' dir='ltr'><strong>p.</strong></span> <span class='ocrx_word' id='word_1_195' title='bbox 464 2983 605 3044; x_wconf 82' lang='lat'><strong>360.</strong></span> <span class='ocrx_word' id='word_1_196' title='bbox 659 2981 825 3042; x_wconf 90' lang='lat' dir='ltr'><strong>idem</strong></span> <span class='ocrx_word' id='word_1_197' title='bbox 882 2981 1234 3044; x_wconf 88' lang='lat' dir='ltr'><strong>decreverat</strong></span> <span class='ocrx_word' id='word_1_198' title='bbox 1291 3000 1362 3041; x_wconf 91' lang='lat' dir='ltr'><strong>ac</strong></span> <span class='ocrx_word' id='word_1_199' title='bbox 1415 3002 1626 3044; x_wconf 88' lang='lat' dir='ltr'><strong>rursus</strong></span> <span class='ocrx_word' id='word_1_200' title='bbox 1669 2986 1734 3044; x_wconf 91' lang='lat' dir='ltr'><strong>in</strong></span> <span class='ocrx_word' id='word_1_201' title='bbox 1778 2986 1893 3066; x_wconf 89' lang='lat' dir='ltr'><strong>Ep.</strong></span> 
     </span>
    </p>
   </div>
   <div class='ocr_carea' id='block_1_4' title="bbox 130 3164 1895 3460">
    <p class='ocr_par' dir='ltr' id='par_1_4' title="bbox 130 3164 1890 3275">
     <span class='ocr_line' id='line_1_29' title="bbox 240 3164 1890 3224; baseline 0.004 -15"><span class='ocrx_word' id='word_1_202' title='bbox 240 3168 320 3224; x_wconf 83' lang='lat' dir='ltr'><strong>[a]</strong></span> <span class='ocrx_word' id='word_1_203' title='bbox 377 3167 451 3209; x_wconf 84' lang='lat' dir='ltr'><strong>Sic</strong></span> <span class='ocrx_word' id='word_1_204' title='bbox 477 3165 675 3223; x_wconf 72' lang='lat' dir='ltr'><strong>legitur</strong></span> <span class='ocrx_word' id='word_1_205' title='bbox 660 3179 707 3210; x_wconf 85' lang='lat' dir='ltr'><strong>m</strong></span> <span class='ocrx_word' id='word_1_206' title='bbox 735 3166 820 3209; x_wconf 87' lang='lat' dir='ltr'><strong>Ed.</strong></span> <span class='ocrx_word' id='word_1_207' title='bbox 850 3165 1085 3209; x_wconf 81' lang='lat' dir='ltr'><strong>Veronensi</strong></span> <span class='ocrx_word' id='word_1_208' title='bbox 1116 3181 1151 3208; x_wconf 95' lang='lat' dir='ltr'><strong>c.</strong></span> <span class='ocrx_word' id='word_1_209' title='bbox 1184 3164 1323 3209; x_wconf 88' lang='lat' dir='ltr'><strong>XVII.</strong></span> <span class='ocrx_word' id='word_1_210' title='bbox 1351 3180 1395 3224; x_wconf 86' lang='lat' dir='ltr'><strong>p.</strong></span> <span class='ocrx_word' id='word_1_211' title='bbox 1431 3166 1527 3212; x_wconf 91' lang='lat'><strong>179.</strong></span> <span class='ocrx_word' id='word_1_212' title='bbox 1573 3182 1612 3212; x_wconf 88' lang='lat' dir='ltr'><strong>a.</strong></span> <span class='ocrx_word' id='word_1_213' title='bbox 1655 3169 1890 3215; x_wconf 83' lang='lat' dir='ltr'><strong>Montesal-</strong></span> 
     </span>
     <span class='ocr_line' id='line_1_30' title="bbox 130 3220 1410 3283; baseline -0.002 -12"><span class='ocrx_word' id='word_1_214' title='bbox 130 3226 276 3271; x_wconf 84' lang='lat' dir='ltr'><strong>conius</strong></span> <span class='ocrx_word' id='word_1_215' title='bbox 306 3226 362 3269; x_wconf 90' lang='lat' dir='ltr'><strong>T.</strong></span> <span class='ocrx_word' id='word_1_216' title='bbox 393 3225 670 3280; x_wconf 77' lang='lat' dir='ltr'><strong>x1.p..125</strong></span> <span class='ocrx_word' id='word_1_217' title='bbox 698 3226 832 3268; x_wconf 85' lang='lat' dir='ltr'><strong>tacite</strong></span> <span class='ocrx_word' id='word_1_218' title='bbox 870 3224 1006 3268; x_wconf 81' lang='lat' dir='ltr'><strong>edidit</strong></span> <span class='ocrx_word' id='word_1_219' title='bbox 1043 3223 1145 3274; x_wconf 80' lang='grc' dir='ltr'><em>τοὺς</em></span> <span class='ocrx_word' id='word_1_220' title='bbox 1174 3220 1410 3283; x_wconf 77' lang='grc' dir='ltr'><strong>κόρδακας.</strong></span> 
     </span>
    </p>

    <p class='ocr_par' dir='ltr' id='par_1_5' title="bbox 130 3268 1895 3460">
     <span class='ocr_line' id='line_1_31' title="bbox 243 3268 1895 3342; baseline 0.002 -15"><span class='ocrx_word' id='word_1_221' title='bbox 243 3284 320 3342; x_wconf 82' lang='lat' dir='ltr'><strong>[b]</strong></span> <span class='ocrx_word' id='word_1_222' title='bbox 372 3299 409 3327; x_wconf 90' lang='lat' dir='ltr'><strong>c.</strong></span> <span class='ocrx_word' id='word_1_223' title='bbox 441 3282 641 3341; x_wconf 85' lang='lat' dir='ltr'>XXXIV.</span> <span class='ocrx_word' id='word_1_224' title='bbox 670 3283 770 3326; x_wconf 77' lang='lat'><strong>217.</strong></span> <span class='ocrx_word' id='word_1_225' title='bbox 811 3283 868 3327; x_wconf 91' lang='grc' dir='ltr'><strong>Τ.</strong></span> <span class='ocrx_word' id='word_1_226' title='bbox 898 3283 933 3327; x_wconf 89' lang='grc' dir='ltr'><strong>Ι,</strong></span> <span class='ocrx_word' id='word_1_227' title='bbox 972 3283 1192 3327; x_wconf 84' lang='lat' dir='ltr'><strong>Benedict.</strong></span> <span class='ocrx_word' id='word_1_228' title='bbox 1229 3268 1305 3326; x_wconf 92' lang='lat' dir='ltr'><strong>ubi</strong></span> <span class='ocrx_word' id='word_1_229' title='bbox 1347 3283 1471 3327; x_wconf 89' lang='lat' dir='ltr'><strong>codd.</strong></span> <span class='ocrx_word' id='word_1_230' title='bbox 1509 3283 1624 3327; x_wconf 82' lang='lat' dir='ltr'><strong>inter</strong></span> <span class='ocrx_word' id='word_1_231' title='bbox 1664 3283 1895 3331; x_wconf 84' lang='lat' dir='ltr'><strong>Samarda—</strong></span> 
     </span>
     <span class='ocr_line' id='line_1_32' title="bbox 130 3335 1895 3397; baseline 0.001 -9"><span class='ocrx_word' id='word_1_232' title='bbox 130 3359 223 3397; x_wconf 81' lang='lat' dir='ltr'><strong>cos,</strong></span> <span class='ocrx_word' id='word_1_233' title='bbox 267 3342 548 3386; x_wconf 81' lang='lat' dir='ltr'><strong>Samardocos</strong></span> <span class='ocrx_word' id='word_1_234' title='bbox 578 3344 623 3385; x_wconf 79' lang='lat' dir='ltr'><strong>et</strong></span> <span class='ocrx_word' id='word_1_235' title='bbox 636 3335 933 3387; x_wconf 77' lang='lat' dir='ltr'><strong>Sarmadacos</strong></span> <span class='ocrx_word' id='word_1_236' title='bbox 972 3342 1191 3388; x_wconf 85' lang='lat' dir='ltr'><strong>fluctuant.</strong></span> <span class='ocrx_word' id='word_1_237' title='bbox 1252 3342 1346 3385; x_wconf 81' lang='lat' dir='ltr'><strong>Hos</strong></span> <span class='ocrx_word' id='word_1_238' title='bbox 1387 3342 1575 3386; x_wconf 84' lang='lat' dir='ltr'><strong>nonnulli</strong></span> <span class='ocrx_word' id='word_1_239' title='bbox 1616 3344 1895 3389; x_wconf 79' lang='lat' dir='ltr'><strong>Sarmatoda-</strong></span> 
     </span>
     <span class='ocr_line' id='line_1_33' title="bbox 130 3403 574 3460; baseline -0.007 -15"><span class='ocrx_word' id='word_1_240' title='bbox 130 3418 201 3446; x_wconf 87' lang='lat' dir='ltr'><strong>cos</strong></span> <span class='ocrx_word' id='word_1_241' title='bbox 229 3403 574 3460; x_wconf 83' lang='lat' dir='ltr'><strong>interpretantur.</strong></span> 
     </span>
    </p>
   </div>
  </div>
 </body>
</html>
