2150 3814
265 221 426 284 1002
782 235 1015 282 LIBER
1059 236 1487 283 SECUNDUS.
1556 266 1562 271 -

258 366 622 449 ὑποχειρίοις
674 367 984 451 μυστήρια
1038 371 1143 433 καὶ
1194 370 1431 442 τελετάς
1453 373 1545 451 [8].
1633 369 2022 451 Diophantus

255 486 352 548 ap.
407 467 688 543 Fulgent.
743 466 938 542 Myth.
994 470 1039 528 I.
1085 490 1132 528 c.
1183 469 1234 527 l.
1295 469 1554 529 affirmat
1612 468 1868 529 deorum
1926 490 2023 530 co-

252 566 574 626 lendorum
617 583 852 625 morem
894 578 1246 648 susceptum
1290 588 1422 629 esse
1464 570 1541 630 ab
1585 571 1662 629 iis
1674 614 1690 643 ‚
1747 571 1849 650 qui
1893 588 2024 628 mo-

254 667 400 726 dum
442 667 507 723 in
549 664 813 741 lugendo
858 669 1213 745 transgressi
1231 710 1248 740 ‚
1292 679 1360 727 ut
1404 668 1828 729 defunctorum
1871 671 2026 730 ami-

254 784 462 827 corum
507 766 873 823 memoriam
916 770 1021 845 pie
1062 768 1191 828 invi
1199 768 1481 847 olateque
1524 778 1843 831 servarent
1854 813 1871 842 ‚
1917 772 2024 828 eo's

251 866 478 926 divinis
531 864 947 924 ‘cumulassent
1000 865 1338 925 honoribus
1396 866 1665 946 deosque
1720 869 2023 948 appellas-

250 975 410 1040 sent3
456 963 619 1045 quod
654 965 730 1024 ab
755 964 1074 1024 hominum
1107 966 1544 1026 consuetudine
1560 962 1630 1045 [b]
1676 967 2022 1027 traductum

232 1075 342 1126 -est
382 1067 649 1145 primum
696 1064 776 1124 ad
819 1065 1034 1126 heroes
1053 1067 1150 1146 [⁰]‚
1195 1067 1336 1125 hinc
1378 1065 1459 1126 ad
1504 1065 1672 1140 deoS‚
1717 1077 1778 1126 et
1820 1086 1858 1126 a
1880 1068 2024 1127 scri-

245 1164 527 1247 ptoribus
573 1162 935 1225 Christianis
990 1167 1151 1224 inter
1205 1166 1577 1246 principales
1631 1165 2023 1228 idololatriae

247 1283 460 1325 causas
515 1265 791 1324 refertur.
876 1264 1147 1325 Isidorus
1205 1265 1404 1343 Origg.
1458 1265 1527 1324 L.
1571 1265 1731 1324 VIII.
1771 1286 1833 1347 p.
1883 1267 2020 1327 192.

246 1366 572 1424 fuerunt
653 1367 887 1423 etiam
951 1365 1267 1444 quidam
1337 1366 1496 1426 viri
1567 1365 1817 1425 fortes
1888 1377 2020 1426 aut

245 1463 543 1524 urbium
613 1464 1098 1538 conditores,
1121 1471 1125 1474 ’
1167 1463 1444 1543 quibus
1512 1482 1574 1522 m
1592 1467 1842 1526 ortuis
1897 1467 2019 1526 ho-

242 1565 519 1636 mineS‚
563 1566 694 1643 qui
738 1583 868 1624 eos
914 1564 1369 1624 dilexerunt
1412 1556 1842 1625 simulacra
1874 1562 2018 1625 fin-

241 1672 523 1724 xerunt
605 1664 1018 1741 imaginum
1086 1673 1171 1723 ut
1238 1663 1617 1723 haberent
1695 1665 2018 1746 aliquod

243 1764 615 1824 solatium
671 1783 760 1822 ex
804 1764 1380 1824 consolatione.
1436 1764 1510 1823 cf.
1569 1763 1739 1824 Suid.
1798 1785 1845 1825 s,
1892 1768 2016 1829 Σε-

243 1862 395 1947 ρούχ
407 1910 428 1937 ,
487 1863 734 1923 Wouw.
803 1863 883 1923 ad
947 1864 1170 1924 Minuc.
1217 1863 1346 1924 Oct.
1392 1884 1438 1924 c.
1484 1865 1584 1924 20.
1654 1865 1890 1926 Girald.
1935 1866 2013 1926 de

244 1963 512 2045 Sepulcr.
558 1982 618 2043 p.
661 1963 804 2024 690.

449 2318 1487 2398 EPIMETRUM
1604 2321 1794 2396 lx.

712 2487 792 2537 ad
839 2485 898 2542 C.
937 2487 1006 2540 v.
1061 2493 1109 2553 ς.
1147 2487 1230 2540 37.
1271 2496 1405 2539 not.
1443 2503 1528 2538 nn.

406 2630 600 2690 Varro
666 2630 735 2689 L.
801 2630 870 2688 L.
939 2627 1039 2687 VI.
1105 2627 1205 2687 84.
1275 2628 1409 2707 Bip.
1477 2628 1889 2690 Praeterea
1941 2634 2007 2691 si

237 2730 420 2812 quid
478 2728 840 2802 medium,
896 2727 976 2787 id
1030 2738 1144 2788 est
1202 2727 1651 2803 umbilicuS‚
1706 2741 1788 2790 ut
1841 2731 2005 2811 pila

355 2884 431 2945 [ὃ]
475 2889 531 2931 cf.
570 2887 804 2930 Eichhorn.
834 2885 1010 2928 Einleit.
1039 2884 1085 2927 in
1114 2884 1155 2926 d.
1186 2885 1341 2942 Apocr.
1374 2884 1415 2927 d.
1446 2885 1497 2927 A.
1529 2886 1585 2927 T.
1615 2900 1658 2942 p.
1690 2884 1786 2926 160.

354 2959 419 3018 [b]
464 2960 633 3018 Apulej.
675 2960 783 3002 Met.
821 2959 943 3002 VIII.
989 2955 1089 3000 239.
1170 2957 1397 2999 Chariclen
1436 2961 1583 3000 narrat
1619 2957 1846 3012 imaginem
1884 2958 2001 3002 beati

238 3020 381 3064 mariti
416 3021 639 3063 formatam
679 3019 733 3061 ad
775 3018 966 3061 habitum
1001 3016 1150 3058 Liberi
1187 3016 1333 3058 Patris
1371 3015 1530 3058 divinis
1567 3015 1828 3070 percoluisse
1865 3017 1999 3059 hono-

238 3080 370 3122 ribus.
448 3078 583 3121 Plura
628 3076 958 3120 consecrationis
1005 3075 1130 3130 hujus
1183 3074 1440 3118 domesticae
1487 3073 1682 3130 exempla
1737 3075 2001 3131 collegerunt

238 3136 397 3179 Venuti
424 3136 468 3178 in
497 3136 676 3179 Dissert.
706 3135 840 3178 Acad.
880 3134 999 3176 Cort.
1040 3134 1097 3175 T.
1132 3132 1191 3175 II.
1230 3148 1272 3190 p.
1310 3132 1408 3175 221.
1447 3138 1492 3175 et
1529 3132 1679 3188 zoega
1715 3132 1770 3175 de
1809 3133 1997 3177 Obelisc.

238 3210 282 3252 p·
320 3194 422 3323 δῗῗ]
463 3265 698 3309 Laodamia
726 3266 993 3309 simulacrum
1022 3262 1249 3306 Protesilai
1281 3263 1325 3304 in
1354 3261 1538 3304 thalamo
1567 3262 1799 3319 repositum
1828 3264 1909 3306 sub
1937 3266 1997 3308 si-

237 3326 465 3370 mulatione
510 3339 725 3368 sacrorum
770 3325 911 3367 colere
959 3322 1102 3379 coepit
1142 3321 1304 3377 Hygin.
1353 3320 1405 3362 F.
1446 3319 1559 3362 CIV.
1604 3321 1801 3364 Minerva
1839 3323 1997 3364 sororis

241 3384 432 3428 Palladis
461 3397 540 3441 per
568 3383 891 3441 imprudentiam
922 3382 1089 3425 occisae
1120 3380 1284 3436 signum
1315 3378 1428 3436 apud
1446 3378 1594 3421 Jovem
1625 3385 1846 3423 consecrat
1864 3379 1995 3437 Apol-
