2150 3814
785 214 1339 283 SA'MOTHRACIA.
1785 205 1948 267 1347

175 349 369 411 fertur
429 349 507 411 ab
584 348 875 411 obsoletis
943 344 1386 427 antiquitatum·
1449 345 1823 407 Gallicarum
1888 361 1949 410 et

178 452 675 517 Germanicarum
718 447 1158 508 scrutatoribus
1190 449 1382 520 rati-o,
1426 453 1537 510 aut
1580 446 1724 524 quia
1763 446 1949 508 Drui-

176 550 294 609 dae
360 548 666 629 ejusmodi
711 551 971 609 ⁴calceos
1040 545 1755 629 quinquangulares
1823 549 1947 623 (sic

170 653 338 709 enim
379 646 629 727 vocant)
670 646 907 728 gestare
948 648 1378 710 consueverint
1392 687 1429 719 ‚·
1467 654 1577 704 aut
1627 646 1773 724 quia
1825 646 1946 705 cal-

169 751 259 807 cei
302 764 514 809 eorum
569 749 683 808 illo
734 752 993 811 salutari
1039 750 1214 827 signo
1262 746 1544 806 rdistincti
1596 742 1837 805 fuerint
1883 765 1945 808 v.

166 848 352 908 Friek
399 848 476 907 de
520 850 775 912 Druidis
827 872 889 932 p.
944 851 1044 910 49.
1102 850 1514 909 Posteriorem
1569 849 1940 906 sententiam

166 950 273 1026 qui
315 950 635 1029 amplexus
693 959 817 1023 est,
873 950 1264 1023 LemloiniuS‚
1318 966 1444 1006 non
1501 945 1744 1005 dubitat
1796 949 1942 1026 quin

163 1048 280 1107 hoc
321 1049 507 1108 modo
565 1051 880 1110 vernaculi
939 1049 1261 1108 Gallorum
1318 1048 1502 1106 calcei
1556 1049 1754 1105 ornati
1809 1047 1938 1106 fue-

160 1149 313 1222 rint,
379 1167 531 1227 quos
599 1151 931 1227 antiquitus
999 1148 1249 1204 nomine
1304 1146 1611 1221 gentilicio
1671 1147 1937 1206 Gallicas

162 1250 296 1308 sive
340 1249 670 1307 Galliculas
725 1256 944 1325 postea
995 1254 1201 1303 autem
1262 1242 1680 1303 Galloches
1740 1244 1934 1305 dictos

157 1365 311 1418 esse,
350 1346 520 1425 quod
562 1365 749 1425 genus
796 1343 1179 1424 crepidarum
1217 1363 1427 1421 graece
1468 1342 1780 1426 τροχοὶὃας
1821 1363 1934 1406 vo-

157 1447 310 1520 cari3
366 1446 608 1525 quade
649 1467 718 1505 re
770 1445 1038 1505 multum
1091 1446 1252 1503 inter
1307 1463 1373 1503 se
1432 1444 1773 1503 deliberant
1825 1445 1932 1505 Ni-

154 1547 403 1622 gronius
449 1545 526 1604 de
573 1543 759 1623 Calig.
803 1565 863 1624 p.
906 1545 1009 1605 49.
1054 1545 1338 1621 Bynaeus
1383 1551 1446 1600 et
1487 1544 1594 1602 ille
1638 1545 1933 1608 σκυτοτό-

123 1669 294 1727 ..ιιων
337 1648 424 1725 ὄχ’,
471 1648 719 1728 ἄριστος
748 1643 1101 1728 „Balduinus
1144 1644 1309 1704 XIV.
1362 1643 1498 1702 121.
1542 1641 1621 1725 [k]
1699 1645 1928 1705 Verum

153 1744 232 1803 de
275 1744 655 1804 Druidarum
701 1744 915 1804 calceis
958 1745 1112 1803 nihil
1157 1745 1305 1803 certi
1359 1743 1480 1802 dici
1534 1753 1772 1824 potest,
1825 1764 1926 1804 ne⁸

154 1844 303 1903 dum
362 1844 439 1903 de
498 1827 836 1904 calceorum
896 1845 1296 1918 ornamentis;
1362 1842 1530 1922 apud
1598 1862 1713 1903 nos
1773 1845 1929 1924 phy-

148 1946 466 2004 lacterium
509 1944 666 2003 illud
708 1945 885 2003 aliter
925 1954 1184 2006 vocatur
1217 1942 1303 2022 [¹].
1390 1941 1652 2002 Perinde
1694 1945 1928 2022 impro-

148 2045 372 2105 babilis
406 2044 559 2103 mihi
586 2043 833 2105 videtur
877 2035 1091 2104 eorum
1137 2045 1497 2122 conjectatio
1543 2046 1646 2123 qui
1690 2044 1927 2123 pental-

148 2146 275 2225 pha
338 2143 495 2203 illud
559 2145 626 2201 in
693 2163 1015 2205 numerum
1078 2143 1395 2203 literarum
1466 2145 1924 2223 cryptographi-

151 2262 362 2304 carum
427 2243 700 2304 referunt
763 2254 1019 2324 propter
1074 2245 1247 2304 illam
1313 2244 1661 2303 fabulosam
1717 2262 1924 2302 narra-

147 2346 382 2404 tionem
451 2342 769 2403 Jamblich.
837 2343 909 2403 V.
979 2345 1043 2403 Ρ.
1111 2366 1158 2405 c.
1224 2344 1370 2406 237.
1435 2363 1496 2424 p.
1561 2344 1705 2404 466.
1776 2362 1923 2423 quo-

146 2443 335 2504 modo
379 2445 792 2522 Pythagoreus
837 2442 1088 2524 quidam
1130 2446 1195 2503 in
1237 2449 1456 2504 itinere
1498 2443 1718 2504 morbo
1762 2463 1925 2503 mor-

149 2545 332 2604 tifero
402 2555 714 2626 correptus
782 2545 1067 2622 symbolo
1133 2563 1357 2605 arcano
1413 2555 1554 2604 ante
1608 2546 1772 2605 iores
1831 2543 1923 2602 di-

147 2646 408 2704 versorii
450 2664 747 2727 suspenso
790 2664 935 2705 suos
981 2646 1267 2706 certiores
1309 2644 1666 2704 reddiderit.
1740 2644 1923 2702 Plura

148 2742 226 2803 de
267 2745 381 2804 hac
422 2745 794 2819 re,fortasse
838 2745 994 2806 dixit
1034 2745 1407 2807 Hammerus
1449 2747 1518 2806 in
1559 2744 1750 2818 libro,
1799 2763 1919 2823 quo

269 2900 339 2957 [k]
396 2917 435 2945 v.
475 2902 670 2958 Ducang.
703 2902 846 2944 Gloss.
888 2918 922 2946 s.
968 2904 1125 2947 Gallie.
1167 2904 1313 2961 Cuper
1352 2903 1587 2960 Apotheos.
1616 2916 1658 2959 p.
1693 2901 1788 2943 190.
1821 2900 1920 2942 Sal-

150 2973 255 3004 mas,
296 2959 351 3002 ad
380 2960 505 3003 Tert.
537 2961 648 3003 Pall.
690 2975 733 3017 p.
765 2960 864 3003 310.
902 2962 1081 3018 Ignotus
1125 2968 1273 3005 auctor
1319 2962 1375 3005 ad
1414 2962 1664 3004 Senatorem
1705 2961 1759 3002 ad
1800 2959 1920 3001 Idola

153 3031 403 3060 conversum
430 3019 543 3062 inter
582 3020 697 3075 Opp.
738 3019 947 3076 Cypriani
985 3037 1027 3078 p.
1073 3021 1251 3064 CLVII.
1291 3021 1442 3063 Baluz.
1485 3020 1789 3075 caligaque
1831 3032 1920 3059 re-

152 3079 299 3119 mota
321 3075 531 3131 gallica
554 3077 627 3120 fit
650 3077 890 3135 pedibus
919 3080 1071 3123 molli
1101 3081 1371 3124 redimita
1401 3093 1617 3138 papyro
1649 3078 1721 3132 (de
1740 3077 1918 3131 Isiaco).

152 3134 401 3176 Aldhelmus
430 3134 483 3177 de
508 3135 648 3179 Laud.
679 3136 805 3192 Virg.
836 3137 955 3181 XIV.
985 3154 1027 3196 Ρ.
1057 3137 1156 3182 316.
1187 3140 1240 3182 Β.
1280 3139 1608 3182 feminarum
1646 3135 1920 3180 subucula

152 3193 385 3249 byssina
435 3193 557 3236 aive
607 3194 1013 3253 hyacinthina,
1055 3198 1248 3241 tunica
1299 3198 1594 3250 coccinea,
1647 3195 1918 3253 capitium

153 3256 207 3293 et.
250 3251 501 3294 manicae
539 3254 740 3296 sericis
771 3255 1054 3310 clavatae,
1099 3257 1419 3314 galliculae
1459 3255 1778 3300 rubricatis
1807 3251 1917 3311 pel-

152 3309 370 3352 liculis
410 3309 738 3354 ambiuntur.

271 3365 336 3424 [¹]
386 3368 604 3426 Alpkreuz
616 3401 630 3422 ,
673 3370 957 3422 Drudenfuss.
