2150 3814
724 215 1288 260 SAMOTHRAOIA.
1714 206 1878 269 1229

107 345 324 406 Aeschss
366 345 580 424 Agam.
619 341 764 405 203.
810 351 873 402 et
916 343 1087 404 Sami
1123 343 1411 404 conditor
1453 345 1617 406 Saon
1643 347 1879 410 Mercu-

105 448 185 505 rii
239 446 399 505 filius
455 445 668 504 dictuS.
723 461 784 503 v.
843 441 1097 503 Wessel.
1153 443 1234 503 ad
1275 443 1464 505 Diod.
1509 444 1580 504 V.
1622 446 1724 506 48.
1769 467 1882 528 po-

106 554 334 605 stremo
357 596 359 598 .
386 545 547 603 hune
606 540 791 601 deum
849 543 1055 603 Imbro
1116 536 1341 604 asserit
1377 545 1724 624 Stephanus
1753 551 1884 631 Ἴμ-

106 648 260 726 βρος
319 643 451 725 ἱερὰ
507 642 839 725 Καβείρων
881 643 987 706 καὶ
1021 644 1244 726 Ἑρμοῦ
1290 645 1365 708 ὃν
1394 647 1744 728 Ἴμβραμον
1787 649 1883 710 λε’-

100 763 323 828 γουσιν
378 744 437 804 οἱ
488 749 707 824 Κᾶρες.
809 740 1172 823 Quanquam
1229 743 1306 803 de
1349 745 1465 804 hoe
1506 764 1726 824 magna
1771 745 1882 807 du-

101 841 320 900 bitatio
402 850 494 900 est
561 841 846 920 Majaene
911 842 1074 901 filius
1144 845 1226 902 sit
1304 862 1382 902 an
1450 845 1557 903 ille
1624 845 1701 905 ab
1770 848 1887 908 hoe
1968 848 1971 849 ⁷

101 941 279 1018 longe
324 939 606 1002 diversus
662 939 977 1001 Cadmilus
1035 938 1396 1002 Cabirorum
1439 951 1645 1022 pater,
1703 965 1884 1025 quem

0 1066 1 1082 *
101 1041 423 1102 Acusilaus
478 1052 810 1115 memorat,
868 1040 945 1099 de
999 1060 1139 1119 quo
1173 1051 1393 1119 postea
1450 1041 1680 1116 dicam3
1738 1061 1884 1106 nam

104 1140 380 1200 nondum
436 1143 708 1202 omnium
761 1140 1204 1203 sententiarum
1261 1142 1624 1213 varietatem
1693 1143 1885 1224 expli-

102 1259 358 1299 0111111118.

840 1469 943 1550 §-
1030 1472 1087 1530 8.

267 1640 584 1721 Apollonii
642 1642 983 1701 Scholiasta
1038 1652 1366 1721 postquam
1424 1653 1545 1702 tres
1588 1642 1880 1702 Mnaseae

106 1736 360 1800 Cabiros
427 1750 896 1803 enumeraverat
963 1752 1023 1798 et
1090 1751 1371 1819 quartum
1442 1742 1882 1818 Dionysodoti,

100 1838 277 1898 addit
342 1844 401 1903 οἱ
464 1841 533 1903 δὲ
590 1840 706 1904 δύο
764 1838 1065 1922 πρότερον
1121 1842 1279 1904 εἶναι
1335 1842 1480 1911 τοὺς
1534 1842 1882 1925 Καβείρους

96 1939 223 2000 Δία
275 1965 340 2001 τε
394 1939 808 2024 πρεςβύτερον
859 1937 964 2003 miz
1020 1937 1335 2006 Διόνυσον
1377 1939 1710 2023 νεώτερον,
1776 1943 1879 2022 qui

97 2048 205 2099 aut
247 2038 398 2098 deae
423 2040 726 2116 Phrygiae
768 2040 1051 2099 alumnos
1094 2041 1351 2118 intelligi
1385 2041 1730 2114 voluerunt,
1776 2042 1879 2100 de-
1926 2080 1928 2082 -

99 2158 217 2219 que
273 2137 512 2199 Cabiris
565 2139 846 2216 Phrygiis
900 2140 1143 2218 loquuti
1187 2150 1355 2213 sunt,
1406 2148 1527 2199 aut
1570 2140 1716 2219 quid
1759 2141 1880 2200 sibi

100 2240 410 2300 voluerint
453 2239 702 2297 omnino
745 2256 869 2296 non
914 2241 1207 2316 excogito.
1256 2238 1469 2317 Itaque
1511 2239 1607 2298 his
1652 2240 1879 2301 relictis

101 2338 182 2398 ad
226 2358 333 2399 eos
375 2336 890 2412 transcendimu8‚
946 2340 1049 2418 qui
1094 2340 1332 2410 omnia,
1379 2337 1455 2396 de
1499 2338 1616 2398 diis
1663 2340 1878 2400 Samo-

100 2440 348 2499 thraciis
429 2458 584 2519 quae
653 2437 966 2510 dicuntur,
1036 2437 1116 2497 ad
1184 2439 1520 2497 Dioscuros
1590 2439 1877 2499 referunt.

100 2538 224 2599 Sed
266 2540 365 2599 hic
408 2540 793 2621 aptissimum
836 2537 1022 2596 fuerit
1057 2535 1509 2597 Hemsterhusii
1552 2537 1743 2599 verba
1785 2541 1877 2598 in-

99 2657 298 2698 serere
351 2641 417 2698 in
471 2640 715 2702 brevius
771 2646 1079 2698 contracta
1133 2638 1214 2696 ad
1256 2638 1505 2698 Lucian.
1547 2637 1688 2696 DD.
1733 2637 1874 2695 DD.

100 2737 317 2798 XVIII.
381 2738 433 2797 l.
488 2759 552 2819 p.
610 2735 750 2798 335.
808 2736 876 2796 T.
930 2738 1003 2796 II.
1077 2737 1285 2812 „Satis
1340 2747 1432 2797 est
1488 2737 1875 2816 exploratum

103 2840 325 2910 ,θεοὺς
389 2837 694 2924 μεγάλους
763 2837 1227 2898 Samothracum
1296 2837 1404 2898 diu
1473 2847 1614 2896 ante
1688 2855 1874 2917 quam

105 2937 559 3014 „Tyndaridae
586 2947 976 2999 nascerentur
1031 2937 1225 2998 dictos
1280 2938 1472 2997 fuisse
1514 2937 1872 2997 DioscuroS.

104 3037 329 3118 „Apud
385 3040 701 3100 Philonem
743 3039 1037 3115 Byblium
1090 3047 1417 3099 nascuntur
1472 3041 1536 3100 ἐκ
1577 3045 1709 3101 τοῦ1
1736 3045 1874 3100 Συ-

106 3137 670 3225 ,,ὸ“ὺκ“Διόςκουροι
709 3139 749 3220 ἢ
792 3138 1089 3223 Κάβειροι
1131 3139 1169 3218 ἢ
1215 3135 1692 3222 Κορύβαντεςῆ
1734 3146 1872 3199 Σα-

106 3236 478 3322 ,,μόθρᾳκες.
522 3249 583 3299 et
623 3242 689 3299 in
731 3258 890 3321 pago
934 3239 1138 3300 Attico
1186 3236 1470 3319 Cephalis
1513 3237 1702 3298 iidem
1746 3238 1872 3297 exi-

109 3337 270 3408 „mie
326 3338 503 3411 culti,
570 3338 871 3426 μεγάλους
926 3342 1048 3426 γὰρ
1107 3347 1268 3422 σφᾶς
1326 3342 1383 3403 οἱ
1434 3336 1628 3419 ταύτῃ
1684 3337 1871 3405 θεοὺς

180 3441 243 3496 11.
1451 3448 1535 3507 29
