2150 3814
722 222 1280 267 sAMOTHRAcrA.
1477 268 1481 270 ,
1751 206 1911 274 1255

131 358 316 416 niano
362 358 599 416 amicae
639 353 1012 434 persuadere
1053 360 1312 412 conatur
1354 348 1469 411 sub
1516 347 1734 410 Cadmi
1779 371 1915 432 spe-

132 461 224 517 cie
309 457 576 537 aliquem
659 455 1015 514 coelestium
1086 452 1475 525 delitescere,
1544 451 1916 512 Mercurium

131 559 423 629 fortasse,
479 557 583 636 qui
637 555 954 615 simillime
998 551 1236 614 Cadmo
1283 551 1600 614 Cadmilus
1645 561 1941 625 vocetur,.

132 666 242 716 aut
306 655 680 736 Apollinem.
764 655 890 716 Sed
960 654 1205 735 decepit
1257 655 1466 736 plures
1523 654 1680 715 falsa
1734 652 1917 712 lectio

130 755 385 838 μορφὴν
459 765 696 838 μοῦνος
765 760 1005 839 ἄμειψε
1062 774 1176 837 pro
1246 764 1522 837 μοῦνον,
1595 754 1630 814 f
1635 771 1919 813 ormam

129 856 666 916 tantummodo
734 859 1066 918 mutavit
1119 856 1575 928 Mercurius,
1643 872 1921 913 nomen

137 956 463 1016 Cadmus
516 941 704 1019 sive*
751 958 1143 1019 Gadmilus
1201 957 1560 1016 retinuit.
1655 954 1922 1015 Harmo-

131 1058 302 1117 niam
357 1059 561 1137 ipsam
614 1059 972 1119 Hellanicus
1013 1058 1068 1116 F
1069 1075 1262 1133 ragm.
1306 1054 1528 1130 LXXI.
1574 1054 1676 1114 99.
1762 1055 1922 1115 Dar-

133 1156 280 1216 dani
337 1168 400 1217 et
442 1158 721 1221 Eetionis
776 1175 1084 1233 sororem,
1139 1156 1424 1216 Electrae
1465 1154 1658 1215 filiam
1701 1155 1785 1214 in*
1811 1153 1925 1217 Sa-

131 1257 476 1317 mothracia
530 1255 770 1318 Cadmo
827 1259 1146 1337 nupsisse,
1207 1255 1499 1336 Ephorus
1555 1254 1804 1333 Fragm.
1860 1273 1922 1334 p.

130 1357 274 1416 239.
319 1376 357 1417 a
402 1355 639 1418 Cadmo
684 1378 720 1417 e
746 1357 1170 1418 Samothracia
1213 1355 1541 1419 abductam
1587 1364 1648 1414 et
1690 1374 1925 1421 memo-

128 1458 289 1516 riam
354 1467 571 1538 raptus
635 1460 703 1518 in
756 1459 1135 1518 solemnibus
1186 1458 1477 1517 simulata
1528 1456 1927 1536 inquisitione

133 1557 428 1618 celebrari
469 1560 660 1620 refert
702 1561 835 1642 (καὶ
878 1567 999 1624 νῦν
1043 1562 1130 1621 ἔτι
1166 1563 1232 1623 ἐν
1264 1566 1340 1639 τῇ
1376 1555 1780 1639 Σαμοθρᾴκῃ
1819 1557 1925 1637 ζη-

132 1667 354 1723 τοῦσιν
409 1661 607 1741 αὐτὴν
660 1665 728 1725 ἐν
781 1667 917 1730 ταῖς
973 1660 1240 1742 ἑορταῖς)
1284 1657 1395 1718 sed
1437 1667 1654 1716 neuter
1698 1657 1926 1734 signifi-

134 1771 232 1818 cat
296 1760 710 1820 Harmoniam
771 1763 932 1820 inter
989 1762 1248 1819 numina
1306 1758 1608 1830 dicatam,
1695 1756 1926 1816 nedum

133 1861 251 1919 hoc
305 1862 557 1920 nomine
611 1861 997 1920 harmoniam
1052 1859 1272 1920 mundi
1331 1861 1400 1918 in
1461 1858 1775 1934 mysteriis
1821 1857 1927 1916 de-

133 1961 426 2022 claratam
497 1979 648 2020 esse.
757 1961 1043 2041 Denique
1112 1963 1166 2021 si
1223 1961 1360 2040 quis
1420 1978 1454 2017 e
1510 1957 1795 2018 Diodoro
1836 1958 1926 2019 V.

132 2061 235 2123 49.
291 2062 398 2121 ubi
452 2062 759 2123 Electram
817 2063 982 2121 filiae
1035 2080 1151 2141 pro
1208 2061 1375 2120 dono
1433 2059 1701 2139 nuptiali
1756 2078 1930 2121 sacra

134 2181 394 2240 magnae
465 2163 682 2222 matris
753 2162 1038 2239 largitam
1106 2170 1318 2221 narrat
1383 2167 1493 2220 aut
1546 2158 1932 2220 Harmoniae

138 2273 249 2322 aut
304 2260 525 2322 Cadmi
566 2262 838 2343 aliquam
896 2280 1034 2321 cum
1078 2262 1392 2338 mysteriis
1437 2261 1930 2338 conjunctionem

140 2364 413 2437 extricet,
466 2363 649 2424 facile
700 2363 1030 2423 refelletur.
1128 2361 1289 2422 Nam
1332 2370 1464 2420 tota
1506 2361 1616 2423 illa
1658 2364 1932 2421 narratio

137 2483 214 2523 ex
255 2451 634 2525 umbraculis,
670 2465 1193 2542 Pragmaticorum
1237 2464 1506 2542 repetita
1549 2472 1659 2522 est.
1741 2462 1827 2521 Et
1867 2465 1934 2522 in

138 2566 500 2626 universum
559 2567 613 2625 si
667 2565 816 2646 quid
871 2564 950 2624 de
1006 2561 1245 2624 Cadmo
1300 2564 1366 2622 in
1424 2564 1739 2640 mysteriis
1796 2565 1932 2624 sive

140 2665 449 2726 Thebanis
493 2669 628 2728 sive
673 2666 1110 2727 Samothraciis
1155 2663 1454 2724 traditum
1502 2674 1695 2736 esset,
1771 2674 1933 2726 certe

139 2785 299 2826 unus
356 2779 466 2826 aut
521 2767 678 2828 alter
723 2786 972 2841 eorum,
1016 2768 1120 2846 qui
1167 2765 1243 2824 de
1288 2766 1404 2826 hoc
1447 2764 1932 2825 celebratissimo

142 2867 330 2926 heroe
384 2869 763 2928 mentionem
818 2868 1047 2942 fecere,
1093 2868 1316 2946 quique
1361 2865 1439 2924 de
1486 2863 1725 2926 Cabiris
1771 2884 1935 2925 com-

144 2970 401 3027 mentati
467 2979 643 3043 sunt,
708 2969 1118 3049 propinquam
1176 2977 1576 3047 utrorumque
1630 2968 1935 3045 cognatio-

145 3084 288 3126 nem
332 3068 433 3128 vel
475 3072 663 3130 tacita
707 3068 971 3150 quadam
1015 3068 1456 3148 significatione
1497 3065 1934 3149 prodidissent.

151 3167 468 3228 Praeterea
521 3171 858 3231 Pausanias
902 3171 1007 3231 IX.
1053 3173 1152 3231 22.
1219 3168 1589 3242 Anthedone
1634 3170 1932 3250 templum

150 3286 283 3327 esse
326 3280 534 3330 narrat
578 3269 940 3357 Cabirorum
987 3283 1047 3332 et
1091 3274 1153 3332 in
1200 3271 1404 3331 vicino
1452 3267 1692 3330 Cereris
1735 3280 1797 3331 et
1832 3271 1933 3330 Li-
