2150 3814
188 182 350 245 1016
701 195 934 240 Llssnn
978 195 1403 242 SECUNDUS.

183 342 441 407 quorum
486 324 833 404 exemplum
877 343 953 385 ex
994 325 1317 405 Eupolidis
1362 326 1571 387 fabula
1615 326 1950 408 depromsit

185 424 321 486 Joh.
365 422 812 487 Alexandrinus
859 420 948 503 [²5]
1012 433 1144 483 tum
1184 427 1426 487 rhombi
1468 428 1699 487 mentio
1743 421 1809 485 in
1851 446 1951 487 eo-

187 524 328 584 dem
390 524 663 582 dramate
718 522 941 598 injecta
993 541 1052 582 v.
1096 523 1343 586 Barker.
1398 526 1478 587 ad
1518 528 1725 604 Etym.
1766 525 1852 587 M.
1894 545 1956 605 p.

191 623 371 684 1123.
417 625 550 685 sive
572 619 747 679 illud
801 623 1012 698 organi
1066 626 1283 684 musici
1338 643 1564 687 nomen
1617 626 1764 699 fuit,
1823 625 1958 685 sive

187 722 447 781 turbinis
505 721 752 797 magici3
808 729 1120 798 postremo
1175 742 1389 784 versus
1443 726 1536 783 illi
1591 744 1688 804 ap.
1741 723 1959 783 Athen.

189 820 289 882 IV.
339 819 476 880 192.
522 820 607 889 ὥς
647 827 848 888 καλῶς
893 819 1012 900 μὲν
1065 823 1428 903 τυμπανίζει
1483 823 1588 884 καὶ
1640 821 1964 905 διαψάλλει

189 918 545 1005 τριγώνοις,
634 917 851 998 quibus
930 921 1154 980 exoleti
1197 957 1199 960 ⁴
1230 922 1663 1002 symphoniaci
1741 923 1962 982 instru-

190 1026 404 1078 menta
446 1017 706 1077 indicari
749 1017 1069 1094 videntur,
1115 1020 1464 1098 cymbala
1507 1039 1671 1081 cum
1715 1030 1965 1080 crota·

192 1119 326 1190 lis,
371 1119 814 1197 pruriginis
851 1137 1092 1193 arma,
1135 1139 1290 1200 quae
1319 1122 1684 1181 crotalistria
1710 1138 1970 1179 romana

192 1217 417 1296 Priapo
473 1227 781 1276 consecrat
823 1217 1071 1277 Anthol.
1116 1219 1188 1278 V.
1243 1220 1360 1300 Ep.
1404 1221 1504 1279 27.
1559 1218 1780 1279 iisdem
1838 1220 1968 1278 fere

195 1315 432 1388 verbm,
477 1317 695 1395 quibus
738 1319 806 1375 in
847 1317 1129 1378 Phalaeci
1171 1318 1376 1398 Epigr.
1423 1319 1524 1376 111.
1561 1317 1766 1379 *AnalL
1812 1318 1881 1378 Τ.
1923 1319 1967 1376 Ι.

192 1434 254 1494 Ρ.
310 1414 455 1472 421.
559 1415 797 1475 Baccha
842 1419 1099 1476 emerita
1143 1417 1258 1476 deo
1305 1436 1417 1476 suo
1462 1417 1787 1476 rhombum
1833 1437 1970 1476 cum

196 1513 565 1594 crepitaculo
611 1524 672 1572 et
715 1523 1016 1593 tympano
1062 1515 1320 1576 dedicat.
1379 1517 1708 1576 Suetonius
1755 1515 1969 1577 Octav.

195 1633 243 1671 c.
305 1613 405 1672 68.
463 1613 635 1672 affert
693 1632 942 1674 versum
1003 1616 1069 1672 in
1128 1634 1309 1675 scena
1369 1618 1838 1695 pronunciatum
1895 1615 1973 1674 de

196 1711 376 1771 Gallo
409 1715 622 1772 matris
658 1712 840 1774 deum
882 1713 1130 1773 Viden
1173 1726 1254 1774 ut
1298 1716 1669 1778 cinaedus
1713 1715 1973 1775 orbem

198 1810 453 1887 digito
499 1821 915 1892 temperat,
960 1814 998 1870 i.
1044 1833 1094 1871 e.
1140 1823 1534 1894 tympanum,
1584 1815 1976 1900 βυρσότονον

197 1908 513 1991 κύκλωμα,
560 1931 906 1991 quanquam
953 1911 1266 1972 auditores
1308 1914 1490 1973 faceti
1534 1915 1744 1974 orbem
1787 1926 1976 1974 terra-

196 2028 336 2068 rum
369 2010 626 2087 intelligi
655 2010 982 2085 malebant,
1027 2030 1206 2091 quem
1238 2021 1384 2072 tunc
1415 2013 1744 2091 AugustuS‚
1786 2013 1974 2073 homo

198 2109 627 2182 mollissimuS‚
688 2110 1086 2189 temperabat.
1147 2113 1420 2171 Demetr.
1475 2113 1641 2172 Phal.
1688 2112 1765 2171 de
1806 2112 1975 2171 Eloc.

200 2228 247 2267 c.
308 2207 407 2267 97.
482 2209 513 2270 ὅ
573 2210 649 2271 τὰ
707 2208 998 2291 τύμπανα
1054 2212 1152 2273 καὶ
1203 2212 1279 2274 τὰ
1340 2214 1496 2274 ἄλλα
1549 2215 1790 2298 ὄργανα
1848 2220 1978 2276 τῶν

200 2305 552 2387 μαλθάκων
609 2310 942 2380 κιναιὸείας
998 2309 1186 2375 εἰπών
1247 2319 1356 2369 etc·
1411 2311 1483 2370 cf·
1538 2311 1803 2392 Philipp.
1860 2311 1976 2391 Ep-

202 2405 302 2464 VI.
349 2406 490 2466 213.
539 2407 607 2467 Τ.
650 2409 723 2467 Π.
786 2409 1119 2487 Trigonum
1164 2410 1328 2488 quod
1370 2411 1629 2490 Eupolis
1672 2419 1976 2471 memorat

203 2514 264 2564 et
305 2506 447 2564 huic
491 2507 721 2566 similes
776 2510 970 2587 pectis
1027 2517 1089 2566 et
1142 2508 1430 2568 sambuca
1484 2510 1782 2586 ignobilia
1834 2521 1978 2570 sunt

201 2605 688 2683 Ambubajarum
734 2617 794 2665 et
834 2608 1172 2686 psaltarum
1227 2610 1664 2683 instrumenta,
1724 2609 1801 2669 ab
1854 2609 1977 2669 Ae-

202 2707 430 2784 gyptiis
470 2715 530 2764 et
564 2705 756 2781 Lydis
793 2706 1252 2786 Phrygibusque
1287 2719 1535 2788 accepta
1567 2708 1788 2768 Athen.
1812 2708 1974 2769 XIV.

200 2804 343 2863 636.
384 2803 456 2864 A.
508 2812 649 2869 Τῶν
692 2807 1056 2891 Αἰγυπτίων
1098 2807 1423 2893 τριγώνων
1466 2808 1974 2911 PtoleQ'Harm.

203 2903 305 2962 III.
350 2905 407 2962 7.
453 2904 595 2965 248.
641 2905 876 2966 Wallis.
920 2907 958 2985 ἡ
995 2907 1348 2987 ποδοκτύπη
1392 2909 1497 2970 καὶ
1546 2908 1974 2994 τριγωνίστρια

203 3001 447 3062 Lucian.
505 3004 756 3084 Lexiph.
820 3004 872 3086 ξ.
916 3007 972 3065 8.
1024 3007 1161 3066 187.
1215 3008 1282 3067 Τ.
1327 3007 1398 3065 V.
1456 3007 1735 3067 Tiberius
1792 3009 1974 3068 Grac-

206 3101 350 3159 chus
395 3121 491 3183 ap.
538 3104 802 3164 Macrob.
862 3105 986 3165 Sat.
1032 3107 1103 3164 II.
1168 3107 1259 3166 10.
1321 3107 1696 3166 docentur
1749 3127 1974 3188 prae-

324 3269 414 3325 [¹⁵]
469 3272 593 3315 Hunc
631 3275 768 3318 locum
819 3283 859 3317 et
899 3282 987 3318 tres
1029 3282 1253 3331 sequentes
1296 3277 1421 3319 ctiam
1462 3276 1603 3319 Lucas
1645 3281 1688 3318 et
1732 3277 1972 3321 MeInekius

121 3364 138 3373 -
208 3327 457 3371 attulerunt.
