2184 3840
274 214 400 280 810
800 228 1041 273 LIBER
1086 230 1511 276 SECUNDUS,

269 359 469 441 Atque
509 359 626 420 hae
669 369 811 421 sunt
851 361 994 422 illae
1038 359 1235 434 λύσεις
1261 365 1364 426 καὶ
1387 365 1709 447 καθαρμοὶ
1733 367 2035 449 ἀδικημά-

265 476 424 533 Των,
483 462 555 531 ἃς
610 461 687 542 δὴ
743 461 983 531 τελετὰς
1038 471 1312 538 καλοῦσι,
1345 463 1426 523 ib.
1484 483 1544 543 p.
1592 463 1738 523 364.
1776 485 2032 547 quarum

263 562 416 621 ritus
472 562 535 619 in
591 561 829 620 Musaei
885 569 945 619 et
980 560 1235 641 ‘Orphei
1274 563 1657 624 carminibus
1713 569 2036 647 perscripti

265 670 454 719 erant.
515 679 573 719 v.
638 678 800 738 supr.
845 658 908 717 P.
953 658 1026 718 II.
1074 680 1120 719 c.
1167 659 1326 720 VIII.
1371 659 1423 742 ξ.
1468 659 1523 721 5.
1612 662 1787 726 Hanc
1829 675 2035 726 autem

262 762 515 840 impiam
558 757 1074 834 indulgentiarum
1119 758 1622 820 nundinationem
1677 763 1754 822 ab
1797 764 2034 825 Eleusi-

260 861 378 919 niis
424 866 624 929 ortam
670 875 802 916 esse
844 858 1155 934 mysteriis
1199 877 1398 938 neque
1441 862 1792 938 conjectura>
1810 863 2033 945 proba-

258 957 382 1017 bile
427 966 519 1017 est
560 975 759 1036 neque
800 956 1042 1017 indiciis
1085 957 1447 1037 quibusdam
1491 966 1698 1040 patet.»
1725 961 1885 1022 Nam
1928 965 2035 1023 illa

258 1059 525 1136 gloriosa
579 1059 960 1117 initiatorum
1017 1058 1340 1138 privilegia
1377 1060 1728 1142 προεδρίας
1765 1062 1831 1121 in
1875 1061 2033 1129 Orco

258 1167 321 1218 et
364 1159 677 1218 convictus
721 1155 975 1217 deorum
990 1156 1064 1238 [⁰]
1111 1156 1316 1220 utrum
1362 1163 1672 1240 conceptis
1714 1161 1919 1221 verbis
1947 1162 2026 1221 ab

255 1247 696 1339 Hierophantis
737 1257 861 1316 lata
902 1276 980 1316 an
1005 1258 1173 1335 vulgi
1200 1255 1491 1337 opinione
1521 1257 1876 1340 praesumta
1899 1261 2030 1319 fue-

254 1360 405 1431 rint,
451 1358 758 1437 explorari
800 1360 1027 1436 nequit.
1075 1356 1198 1416 Sed
1246 1357 1773 1438 Orpheotelestas.2
1792 1369 2030 1420 omnes*

255 1477 374 1538 que
440 1456 956 1518 clandestinorum
1030 1461 1312 1517 coetuum
1372 1458 1660 1519 ductores·
1713 1459 2032 1520 clientibus

254 1558 381 1617 suis
424 1559 622 1615 maria
666 1565 726 1615 et
768 1565 1013 1616 montes
1050 1559 1359 1636 pollicitos
1405 1556 1578 1632 esse,
1605 1568 2032 1621 >contemtores

254 1675 402 1718 vero
471 1655 554 1716 ad
609 1655 978 1716 Danaidum
1025 1658 1248 1716 antlias
1308 1659 1628 1738 nigrasque
1681 1661 1745 1718 in
1796 1658 2032 1738 'gurgite

252 1745 430 1816 ranas
471 1752 804 1835 relegasse,
847 1775 972 1817 non
1018 1765 1111 1816 est
1155 1757 1318 1837 quod
1366 1757 1732 1818 dubitemus.

966 2045 1134 2107 CAP.
1228 2049 1294 2107 V.

539 2185 683 2245 De
755 2164 1136 2246 ⁴rebus
1237 2174 1737 2265 inferis,

418 2355 693 2429 Quorum
735 2356 802 2413 in
845 2356 983 2415 loco
1007 2356 1288 2436 Orpheus
1330 2358 1468 2417 illas
1512 2358 1846 2418 sententias
1883 2376 2027 2438 pro*

249 2457 455 2517 tulerit
499 2454 767 2516 divinari
801 2453 1039 2515 facilius
1083 2451 1280 2537 quam*
1308 2458 1573 2517 inveniri
1608 2465 1831 2536 potest,
1878 2476 2025 2538 quo-

247 2558 415 2616 niam
469 2556 804 2615 carminum
857 2555 986 2614 fere
1054 2559 1326 2616 omnium
1384 2565 1742 2634 argumenta
1795 2559 2024 2636 ignota,

249 2657 448 2734 elogia
497 2654 784 2732 ambigua
836 2665 1008 2730 sunt3
1089 2647 1164 2715 ex
1215 2650 1467 2716 ‘nomine
1514 2655 1816 2734 judicanti
1869 2659 2028 2718 illud

249 2755 416 2835 quod
458 2753 819 2837 Κατάβασις
862 2761 946 2826 εἰς
990 2756 1147 2837 ᾅδου
1185 2754 1646 2831 inscribebatur,
1690 2760 2020 2838 suspicioni

248 2856 839 2936 opportunissimum
881 2854 1154 2928 videtur,
1210 2874 1322 2915 nec
1376 2857 1577 2915 aliena
1619 2858 1761 2917 huic
1793 2875 2020 2937 ,causae

256 2953 531 3026 Τελεταί,
586 2954 901 3036 Βακχικά,
949 2955 1235 3029 Φυσικά,
1281 2954 1592 3040 Σωτήρια.
1679 2954 1864 3017 Hunc
1906 2975 2017 3027 au-

249 3063 373 3114 tem
417 3055 644 3128 locum,
687 3057 793 3135 qui
837 3065 931 3116 est
970 3055 1048 3116 de
1092 3056 1340 3116 alterius
1382 3056 1550 3118 vitae
1593 3053 2018 3115 emolumentis

250 3163 312 3213 et
365 3139 801 3230 incommodis,
856 3175 980 3216 non
1023 3156 1214 3216 semel
1257 3175 1452 3235 neque
1495 3155 1865 3234 negligenter
1907 3153 2013 3213 sed

363 3321 427 3377 [³]
459 3322 590 3364 Arist.
632 3323 770 3366 Rann.
809 3322 909 3368 455.
962 3326 1071 3369 Plat.
1102 3326 1263 3368 Phaed.
1293 3340 1335 3382 p.
1365 3325 1433 3367 81.
1466 3325 1516 3367 A.
1570 3323 1747 3366 Fischer
1777 3322 1831 3368 ad
1862 3322 2009 3366 Aesch,

254 3378 426 3423 Axioch⁴
459 3384 497 3433 §.
536 3383 600 3422 10.
634 3383 936 3438 Wyttenbach,
971 3385 1023 3428 ad
1056 3385 1169 3431 Plut.
1199 3384 1253 3427 de
1283 3384 1376 3427 aud.
1408 3389 1520 3441 poet.
1551 3398 1590 3440 p.
1622 3382 1719 3425 221.

2062 2255 2091 2289 0
