2150 3814
267 209 434 273 1224
824 224 1057 268 Lmen
1114 225 1477 270 TERTIUS.

260 364 522 416 matrem
565 354 700 432 ejus
725 352 1032 413 Electram
1073 354 1152 415 τὰ
1196 362 1303 434 τῆς
1341 352 1884 441 μεγάληςμητρὸς
1913 365 2041 419 τῶν

259 461 436 519 θεῶν
505 454 638 537 ἱερὰ
705 451 1150 535 δωρήσασθαι,
1229 472 1420 535 eaque
1476 477 1514 516 a
1571 454 1924 534 Corybante
1978 458 2045 514 in

259 555 588 631 Phrygiam
633 551 914 612 traducta
956 570 1119 627 esse3
1181 553 1345 613 unde
1386 567 1648 638 apparet
1691 577 1832 617 eum
1875 574 2047 616 sacra

257 654 524 730 Phrygia
567 662 628 711 et
673 653 1096 713 Samothracia
1140 652 1358 714 eodem
1401 657 1536 716 loco
1580 656 1886 718 habuisse.
1952 656 2048 715 Si-

257 753 490 812 militer
536 750 758 810 Strabo
816 754 881 812 in
925 752 1183 812 Exc.*L.
1230 752 1360 813 VII.
1405 756 1506 815 24.
1550 758 1719 818 492.
1748 759 1863 838 τὴν
1907 766 2047 819 Σα-

255 851 593 936 μοθρᾴκην
629 851 939 922 Ἰασίωνος
982 854 1014 915 ὅ
1063 852 1394 938 Δάρδανος
1439 854 1791 939 ἅπᾴραςὲκ
1824 867 2045 939 Σαμο-

255 951 501 1036 θρᾴκης
548 953 728 1034 ᾤκισε
773 953 1144 1036 Δαρδανίαν
1203 955 1309 1016 καὶ
1352 955 1591 1036 ἐδίδαξε
1633 955 1780 1027 τοὺς
1830 965 2047 1038 Τρῶας

254 1055 335 1116 τὰ
380 1058 447 1117 ἐν
491 1051 894 1137 Σαμοθρᾴκῃ
936 1052 1266 1138 μυστήρια.
1335 1054 1463 1115 Nec
1504 1059 1708 1116 minus
1752 1056 2048 1118 affirmate

255 1153 567 1214 Lucianus
627 1152 769 1211 Dea
827 1153 965 1229 Syr.
1022 1152 1157 1213 XV.
1214 1156 1315 1215 97.
1374 1157 1444 1216 Τ.
1502 1158 1559 1218 9.
1606 1161 1821 1238 Ἄττης
1872 1159 2049 1244 γένος

256 1253 477 1322 Λυδὸς
531 1252 648 1335 μὲν
690 1250 802 1333 ἦν,
827 1295 835 1300 ..
863 1260 1108 1335 πρῶτος
1149 1254 1218 1317 δὲ
1264 1257 1447 1342 ὄργια
1489 1258 1569 1320 τα
1613 1260 1673 1328 ἒς
1706 1257 1879 1337 Ῥέην
1917 1256 2047 1318 {dt—

258 1352 530 1424 ὃάξατο·
575 1352 682 1414 καὶ
722 1352 803 1413 τὰ
849 1350 1098 1438 Φρύγες
1140 1356 1246 1416 καὶ
1286 1357 1495 1418 Λυδοὶ
1539 1357 1644 1420 καὶ
1687 1354 2048 1439 Σαμόθρᾳ-

255 1479 355 1523 κες
399 1453 801 1524 ἐπιτελέουσι,
830 1453 1055 1514 Ἄττεω
1098 1452 1306 1518 πάντα
1352 1457 1614 1536 ἔμαθον.
1662 1456 1881 1535 Schol.¹
1908 1454 2050 1514 Ari-

255 1552 396 1612 stid.
441 1572 503 1633 p.
554 1551 693 1611 106.
755 1550 1180 1635 Σαμόθρᾳκες
1232 1555 1456 1635 μικτὸν
1507 1555 1685 1640 γένος
1742 1555 1864 1617 ἀπὸ
1909 1564 2049 1617 Σα-

253 1653 420 1736 μίων
476 1651 582 1715 καὶ
641 1658 903 1736 Θρακῶν
958 1691 1043 1700 -
1099 1649 1272 1717 οὗτοι
1325 1653 1637 1738 μυστήρια
1692 1658 1873 1735 ἔσχον
1929 1682 2048 1739 φο-

253 1754 412 1838 βεροὶ
455 1761 563 1834 τῆς
598 1755 782 1824 Ῥέας.
828 1754 974 1814 Lex.
1021 1750 1206 1813 Coisl.
1251 1775 1311 1834 p.
1357 1756 1500 1816 289.
1537 1765 1600 1814 et
1634 1754 1840 1834 Etym.
1887 1755 2047 1816 Gud.

253 1874 316 1935 p.
362 1854 505 1914 289.
574 1853 874 1935 Κάβειροι
917 1853 1211 1937 δαίμονες
1253 1856 1393 1938 περὶ
1433 1857 1549 1935 τὴν
1584 1858 1759 1921 Ῥέαν
1802 1863 2048 1920 οἶκοῢν-
2124 1848 2126 1850 ’

251 1980 351 2025 τες
405 1954 522 2033 τὴν
583 1952 1043 2038 Σαμοθρᾴκην.
1149 1951 1288 2014 Utri
1341 1957 1526 2033 igitur
1584 1974 1829 2016 causam
1874 1956 2048 2035 adju-

255 2054 563 2127 dicemus,
607 2054 816 2111 Rheae
860 2072 939 2112 an
988 2051 1234 2113 Cereri?
1276 2055 1376 2114 Illi
1422 2055 1669 2135 oblique
1703 2059 2048 2137 patrocina-

254 2164 357 2215 tur
400 2152 784 2231 Pherecydes
831 2150 1251 2231 CorybanteS,
1297 2156 1553 2215 comites
1600 2153 1868 2234 Cybeiae
1911 2177 2050 2238 per-

252 2265 507 2338 petuoS‚
563 2254 1053 2314 Samothraciam
1097 2256 1425 2315 incoluisse
1470 2255 1709 2330 dicens,
1765 2267 1827 2317 et
1869 2277 2052 2338 aper-

252 2360 379 2416 tius
439 2356 919 2430 Stesimbrotus,
978 2374 1168 2434 quum
1215 2354 1470 2416 Cabiros
1516 2377 1554 2416 a
1599 2354 1822 2418 Cabiro
1866 2358 2049 2418 Bere-

254 2458 500 2534 cyntiae
565 2466 777 2515 monte
831 2456 978 2513 illuc
1033 2465 1442 2534 transgressos
1495 2458 1684 2518 refert
1731 2459 1822 2539 (v.
1868 2461 1919 2538 ἕ.
1964 2455 2067 2536 5.)

252 2577 452 2638 neque
494 2575 619 2615 non
665 2556 799 2616 veri
842 2554 1044 2613 simile
1088 2567 1181 2613 est
1222 2558 1289 2613 in
1331 2557 1848 2630 Samothraciam,
1894 2576 2050 2636 quae
2119 2598 2121 2602 ι

254 2669 318 2718 et
360 2656 719 2717 Dardaniae
761 2673 988 2714 nomen
1033 2664 1095 2713 et
1139 2655 1440 2736 Trojanos
1481 2659 1717 2719 incolas
1759 2656 2048 2717 habuisse

257 2759 480 2819 dicitur
495 2758 571 2839 [V]
619 2755 775 2815 deae
815 2756 1116 2834 Phrygiae
1161 2776 1333 2817 sacra
1375 2769 1622 2839 recepta
1644 2758 1870 2819 fuisse.
1931 2757 2047 2816 Po-
2108 2776 2110 2783 ’

257 2869 486 2919 stremo
546 2876 759 2918 omnes
816 2858 920 2937 qui
973 2856 1335 2918 Dardanum
1396 2877 1706 2918 sacrorum
1751 2859 2045 2936 Phrygio-

255 2981 395 3021 rum
440 2959 820 3020 conditorem
866 2957 1191 3037 perhibent
1236 2961 1321 3040 (v.
1368 2958 1421 3040 ξ.
1471 2959 1522 3018 l.
1565 2968 1693 3017 not.
1738 2961 1842 3036 m).
1922 2958 2047 3018 Sed

169 3129 173 3134 ,
259 3059 469 3121 Cereri
522 3060 750 3120 adsunt
806 3060 1090 3119 Mnaseas
1147 3069 1333 3139 atque
1388 3058 1851 3132 Artemidorum
1896 3077 2044 3137 quo-

258 3181 397 3222 rum
454 3162 553 3221 hic
608 3180 738 3221 rem
785 3160 1043 3221 strictim
1088 3161 1320 3238 attigit,
1364 3161 1468 3220 ifle
1513 3170 1716 3219 autem
1763 3168 2042 3220 accurate

378 3377 455 3433 [v]
508 3377 559 3422 V.
592 3378 742 3434 Steph.
775 3393 809 3420 s,
844 3393 884 3420 v.
918 3377 1028 3419 Plin.
1059 3377 1134 3419 lv.
1165 3374 1235 3419 23.
1281 3376 1490 3430 Scymnus
1522 3391 1561 3418 v.
1590 3374 1692 3418 678.
