2184 3840
758 202 1214 248 onrHICA.
1759 189 1886 250 873

112 337 453 417 rhephorae
512 333 624 409 sub
668 333 922 407 exitum,
946 332 1216 398 muneris
1261 349 1336 390 ex
1379 327 1542 403 aede*
1573 329 1890 403 Minervae

112 439 179 495 in
235 454 483 515 specum
525 433 1116 512 ,sacranrintulisse
1170 430 1485 502 dicuntur,
1528 432 1892 491 successuris

111 517 553 616 reportandum
580 530 688 612 [Ἶ.ἱ
729 584 734 592 .
771 531 1317 615 ,Sed-Pausanias,
1371 529 1477 608 qui
1532 530 1699 588 solus
1742 529 1893 593 haec

110 633 366 693 tradidit
407 633 624 703 ,1.„27.
659 631 1056 702 ,sacerdotem
1099 633 1334 712 ipsam,
1377 646 1532 709 quae
1575 628 1892 698 vasculum

106 731 263 794 illud
320 731 812 803 transferendum
869 741 1068 804 curet,
1127 732 1360 791 nescire
1419 728 1568 803 dicit
1609 724 1759 808 quid
1799 729 1892 790 in-

106 834 491 914 sit,‚,quippe
534 842 931 906 contectumy
960 830 1126 910 quod
1166 833 1459 909 *ignorare
1501 847 1627 888 non
1667 829 1892 908 poluit³

108 933 165 991 si
205 941 480 1006 recentes
523 950 731 1010 ramos
755 931 1056 1004 „inseruit3
1086 930 1177 989 ‚ab
1222 930 1346 999 alio
1391 929 1892 1001 auteminsertos

108 1049 264 1104 esse,
308 1033 478 1104 nullo
496 1022 724 1102 ¹verbo
760 1031 1057 1106 significat
1084 1029 1451 1100 Pausaniam
1497 1044 1684 1105 quare
1727 1027 1895 1086 haud

109 1131 306 1202 ultra„
335 1127 766 1208 conjectando
805 1117 1095 1207 progredi
1135 1127 1326 1201 licet,
1383 1142 1566 1204 quam
1621 1133 1693 1186 ut
1747 1126 1895 1191 bina

107 1239 216 1288 aut
274 1231 460 1289 etiam
518 1229 699 1308 plura
753 1245 905 1287 vasa
944 1226 1137 1287 fuisse
1181 1227 1564 1306 suspicemur
1609 1224 1895 1308 ἅῤῥίχους

104 1327 366 1402 fortasse
410 1327 575 1399 dicta
598 1328 707 1408 [⁰]v,
776 1346 934 1406 quae
975 1326 1408 1406 Arrhephorae
1451 1326 1700 1386 alternis
1744 1326 1897 1387 vici-

104 1428 220 1488 bus
261 1435 780 1507 transportarent,
823 1427 1230 1501 manentibus*
1255 1446 1502 1508 semper
1542 1426 1894 1488 involucris.

272 1528 373 1587 De
427 1528 621 1588 altero
678 1526 991 1605 vocabulo.
1038 1528 1279 1606 longior
1338 1527 1614 1587 ordietur
1674 1544 1894 1586 sermo.

107 1626 329 1687 Pollux
370 1626 447 1687 X.
497 1626 637 1686 162.
696 1626 912 1709 σι’φνιν
972 1632 1039 1691 ἐν
1094 1634 1221 1700 τοῖς
1266 1631 1533 1701 ἅττικοῖς
1576 1627 1796 1708 ὕμνοις
1817 1622 1893 1708 [⁶]

111 1729 188 1790 οὐ
253 1727 368 1807 τὴν
430 1735 551 1812 γῆν
622 1729 773 1790 ἔνιοι
829 1725 1200 1801 ἀκούουσιν,
1261 1728 1415 1791 ἀλλὰ
1470 1727 1585 1806 τὴν
1640 1724 1893 1799 σιπύαν,

108 1830 172 1898 ἐξ
224 1822 295 1906 ἧς
348 1827 385 1906 ἡ
430 1823 722 1908 Δημήτηρ
778 1824 1150 1910 προυκόμιζε
1193 1827 1305 1896 τὰς
1346 1824 1602 1910 τροφάς.
1689 1823 1894 1901 Hesy-

109 1926 279 2009 chius
334 1926 547 2006 paullo
605 1926 784 1985 aliter
806 1939 809 1943 ·
828 1925 1069 2010 Σίφνιν
1107 1927 1220 2006 τὴν
1253 1935 1373 2013 γῆν
1409 1928 1751 2006 Ἀθηναῖοι,
1796 1925 1897 1988 καὶ

107 2026 146 2108 ἡ
202 2024 497 2109 Δημήτηρ
554 2026 659 2089 καὶ
701 2027 753 2111 ,ἡ
815 2025 1038 2101 σιπύα,
1098 2026 1206 2087 ubi
1251 2026 1404 2087 ordo
1448 2027 1770 2087 literarum
1814 2023 1895 2086 ad

110 2125 325 2210 σι’φνιν
381 2125 660 2199 deducit,
715 2125 881 2208 quod
939 2134 1010 2186 ut
1063 2125 1252 2191 σιπύα
1295 2146 1405 2188 seu
1449 2124 1633 2207 σιπύη
1678 2127 1893 2210 (ἄρτο-

231 2293 303 2351 [b]
345 2294 414 2338 De
453 2295 655 2340 Minerva
692 2296 785 2339 Pol.
825 2311 869 2354 p.
902 2296 968 2340 15.
1009 2298 1172 2341 Versus
1212 2298 1268 2340 ab
1309 2295 1502 2339 Aristide
1542 2295 1701 2339 allatus
1715 2326 1729 2348 ‚
1769 2307 1894 2350 quem

110 2352 270 2405 ibidem
298 2358 462 2397 tractat
488 2369 531 2412 p.
553 2352 595 2397 4.
626 2356 686 2398 Et
711 2354 777 2414 μὴ
806 2353 1119 2414 ἐπιφροσύνην
1151 2357 1270 2400 δῶκε
1299 2360 1387 2399 θεοε
1416 2356 1677 2412 γλαυκῶπις
1693 2349 1893 2409 Ἀθήνη,

110 2426 196 2455 non
225 2416 292 2455 est
320 2412 459 2467 ignoti
486 2417 643 2470 poetae
671 2412 748 2456 sed
777 2414 954 2456 Homeri
983 2414 1117 2471 ipsius
1149 2414 1233 2456 Od.
1264 2414 1315 2456 V.
1345 2411 1446 2455 427.
1481 2415 1522 2456 εἰ
1550 2410 1615 2471 μὴ
1645 2412 1724 2455 ἐπὶ
1753 2413 1895 2485 φςεσὶ

108 2472 225 2522 θῆκε
271 2469 360 2513 θεὰ
400 2470 662 2527 γλαυκῶπις
701 2468 892 2527 Ἀθήνη,
933 2486 1013 2528 pro
1054 2486 1139 2529 quo
1176 2487 1220 2515 v.
1259 2469 1359 2514 487.
1403 2474 1444 2514 εἰ
1485 2469 1551 2529 μὴ
1581 2470 1896 2529 ἔπιφροσυνην

111 2526 229 2571 δῶκε
268 2529 529 2586 γλαυκῶπις
562 2526 748 2584 Ἀθήνη.
807 2530 963 2586 Neque
1003 2531 1048 2574 id
1078 2530 1420 2588 reprehendendi
1460 2543 1593 2572 causa
1634 2528 1731 2572 dico
1774 2529 1896 2585 (nam

109 2585 218 2628 nulli
246 2591 434 2629 nostrum
472 2591 540 2630 sat
574 2575 670 2631 iida
707 2589 932 2644 memoria)
972 2589 1048 2632 sed
1088 2605 1142 2632 ne
1180 2603 1259 2647 pro
1302 2593 1553 2645 argumento
1583 2587 1757 2644 [valeat.
1789 2587 1896 2629 Cum

112 2644 301 2687 Aristide
330 2646 601 2690 consentiunt
628 2647 839 2698 Libanius
870 2648 928 2690 Τ.
956 2648 1034 2691 IV.
1064 2649 1300 2705 Progymn.
1342 2662 1385 2704 p.
1415 2647 1518 2690 952.
1552 2651 1598 2689 et
1626 2646 1807 2690 Servius
1838 2645 1897 2688 ad

109 2703 217 2745 Aen.
247 2700 346 2745 402.
378 2708 569 2747 aratrum
600 2720 628 2748 a
655 2702 855 2750 Minerva
883 2706 1101 2751 inventum
1131 2722 1253 2760 esse,
1293 2705 1368 2749 sed
1406 2721 1462 2749 ex
1501 2705 1585 2747 hoc
1623 2719 1709 2747 non
1751 2703 1898 2760 sequi-

109 2767 185 2804 tur
215 2761 441 2805 Minervae
469 2777 623 2806 numen
652 2765 916 2821 potissimum
957 2765 1012 2809 ad
1051 2779 1141 2809 rem
1181 2766 1397 2822 agrariam
1438 2763 1722 2821 pertinuisse,
1764 2775 1894 2819 quum

108 2823 260 2877 pateat
297 2825 468 2864 veteres
506 2822 757 2866 utilissimae
801 2824 1008 2882 cujusque
1055 2825 1163 2868 artis
1214 2825 1498 2867 instrumenta
1536 2821 1763 2864 Minervae
1802 2835 1893 2864 ma-

111 2877 337 2922 chimtrici
367 2884 549 2937 accepta
574 2881 740 2924 tulisse.

162 3019 174 3035 ,
229 2965 301 3022 [⁶]
343 2966 610 3011 'terminatio
641 2968 811 3024 quidem
840 2969 965 3041 hujus
995 2971 1197 3013 vocabuli
1224 2968 1494 3040 paragogica
1529 2971 1621 3023 est,
1663 2965 1807 3023 qualis
1849 2965 1895 3008 in

112 3024 353 3084 πυρῥιχθς,
387 3020 594 3083 ὅσθἰκος,
626 3023 855 3085 κᾶδδιχος,
890 3024 1112 3090 ἄστριχος,
1144 3043 1393 3087 κοναριχος,
1426 3021 1676 3087 ἀρύστιχος,
1703 3019 1892 3084 Στρόμ-

111 3085 258 3138 βιχῦς,
299 3085 514 3141 Σίμιχος,
561 3081 802 3143 Τύννιχος,
860 3087 1042 3144 aliisque
1083 3088 1250 3140 multis,
1304 3086 1378 3128 vix
1416 3090 1466 3128 ut.
1505 3084 1696 3127 dubitari
1736 3083 1894 3141 possit,

113 3139 285 3196 stirpem
315 3141 515 3185 vocabuli
544 3157 639 3186 esse
668 3158 786 3198 eam,
830 3145 944 3189 unde
975 3147 1318 3204 Arrephororum
1349 3157 1500 3188 nomen
1531 3142 1766 3187 concrevit.

230 3226 304 3284 [ἃ]
344 3228 590 3274 Athenaeus
618 3230 735 3275 XIV.
767 3231 866 3277 652.
897 3233 948 3277 C.
982 3235 1027 3278 in
1057 3233 1306 3291 quaestione
1335 3231 1616 3289 grammatica
1644 3229 1700 3274 ad
1731 3243 1758 3273 a
1774 3227 1860 3272 nti
1875 3252 1894 3258 -

116 3295 255 3338 quos
295 3285 523 3342 hymnos
564 3298 796 3347 provocat,
839 3306 1017 3349 quorum
1047 3296 1225 3343 auctor,
1267 3295 1369 3350 puto
1383 3325 1396 3345 ‚
1426 3291 1601 3349 ignotus
1632 3293 1752 3341 erat,
1784 3287 1894 3331 sicut

115 3341 261 3396 hymni
291 3343 345 3386 ab
374 3345 484 3390 Eliis
514 3347 733 3393 decantati
762 3350 890 3395 Paus.
923 3352 973 3393 V.
1009 3351 1074 3394 15.
