2150 3814
802 214 1258 266 oR'PHICA.
1632 216 1634 218 ’
1799 195 1922 272 961

137 353 400 436 Ὀρφεὺς
424 351 806 436 μετήνεγκεν
849 354 934 418 εἰς
973 348 1091 428 τὴν
1127 347 1388 413 Ἐλλάδα
1421 351 1642 432 φωνὴν
1674 353 1781 414 καὶ
1811 355 1925 424 τὰς

139 451 506 537 Αἰγυπτίων
538 449 798 520 τελετάςζ
885 448 1058 509 Haec
1090 451 1206 528 *qui
1250 455 1632 510 commentus
1678 459 1800 524 est,
1844 450 1922 510 de

141 550 675 610 Sanchuniathone
719 559 782 608 et
825 548 903 608 de
935 549 1184 629 Orpheo
1228 550 1384 609 nihil
1425 550 1693 630 amplius
1724 552 1926 628 cogni-

126 659 269 709 .tum
295 649 512 709 habuit
540 655 727 729 quam
759 660 1088 729 utrumque
1126 649 1545 728 Theogoniam
1588 651 1924 730 scripsisse.

303 748 444 808 Hae
498 751 683 827 igitur
737 760 882 809 sunt
940 749 1347 830 Orphicorum
1402 759 1728 829 poetarum
1783 751 1924 809 reli-

137 849 347 928 quiae,
392 867 540 929 quas
585 869 696 928 ego
742 849 990 930 quidem
1034 852 1312 910 invenire
1364 852 1708 928 potuerim,
1761 851 1925 911 lectu

134 966 262 1008 non
302 949 691 1027 injucundae,
735 949 816 1008 ad
859 950 1269 1027 cognitionem
1313 967 1463 1009 vero
1508 968 1759 1025 graecae
1790 970 1930 1026 my·-

136 1048 448 1127 thologiae
502 1051 884 1108 utilissimae.
952 1049 1055 1106 ln
1113 1046 1336 1127 quibus
1382 1047 1738 1124 colligendis
1781 1050 1926 1108 licet

133 1149 421 1208 multum*
454 1152 680 1229 operae
733 1159 796 1208 et
851 1147 1151 1226 temporis
1197 1147 1671 1218 consumserim,
1716 1155 1926 1206 tamen

134 1248 288 1306 nihil
333 1267 513 1321 esse,v
544 1248 713 1328 quod
755 1268 861 1308 me
901 1247 1209 1331 effugerit,
1263 1245 1432 1306 haud
1486 1243 1753 1320 affirm03
1798 1247 1926 1326 pri-

131 1354 312 1407 mum*
352 1349 656 1428 quiahoc
695 1350 852 1408 nulli
895 1367 1149 1422 eorum,
1183 1349 1286 1427 qui
1333 1346 1641 1426 dispersas
1666 1347 1924 1406 amisso-
1984 1334 1989 1337 ’

132 1467 282 1507 rum.
326 1451 698 1529 scriptorum
753 1450 1088 1530 particulas
1144 1449 1544 1526 collegerunt,
1601 1448 1928 1524 contigisse

133 1547 352 1622 video,
407 1560 478 1608 ut
531 1552 741 1609 omnia
797 1552 1330 1630 complecteretur3
1391 1546 1615 1617 deinde
1670 1558 1927 1627 propter

133 1648 431 1709 librorum
459 1651 796 1730 inopiam,
861 1670 1048 1730 quam
1091 1652 1200 1712 vix
1243 1650 1517 1709 sentiunt
1559 1666 1925 1724 magnarum

136 1748 642 1808 bibliothecarum
685 1751 960 1824 accolae,
1009 1758 1129 1808 nos
1173 1767 1324 1810 vero
1368 1748 1672 1806 limitanei
1717 1746 1927 1806 docto-

132 1867 230 1908 res
273 1849 549 1928 quotidie
578 1847 1039 1924 indolescimus3
1084 1836 1398 1928 postremo
1429 1846 1599 1926 quod
1622 1858 1925 1907 crescente

131 1951 200 2008 in
254 1948 386 2009 dies
442 1951 972 2011 collectaneorum
1011 1950 1192 2030 copia
1246 1947 1415 2008 haud
1441 1977 1446 1982 >v
1473 1947 1655 2006 facile
1700 1948 1926 2009 evitari

129 2038 370 2128 potest,
415 2052 743 2129 quominus
786 2051 889 2113 vel
934 2069 1030 2109 ex·
1052 2051 1295 2129 paratis
1331 2050 1526 2128 copiis
1581 2049 1926 2127 aliquantu-

132 2149 262 2209 lum
313 2149 721 2228 subterfugiat
763 2161 826 2210 et
871 2150 1149 2209 elabatur
1191 2149 1346 2208 mihi
1388 2150 1775 2228 praesertim,
1820 2149 1928 2227 qui

133 2249 328 2330 (quod
386 2252 546 2309 inter
600 2269 713 2310 nos
758 2251 864 2331 sit)
911 2249 1236 2327 colligendi
1281 2248 1527 2310 avidior
1571 2265 1754 2327 quam
1803 2247 1924 2305 col—

131 2350 428 2410 lectorum
500 2353 798 2410 curiosior
862 2352 997 2410 sim.
1098 2349 1271 2409 Haec
1326 2351 1542 2426 igitur,
1605 2366 1759 2425 quae
1816 2348 1926 2408 vix

133 2451 284 2508 satis
328 2453 534 2512 caveri
577 2460 945 2530 potuerunt,
990 2451 1100 2509 alii
1143 2452 1443 2526 corrigent
1485 2448 1694 2527 potius
1741 2465 1927 2525 quam

129 2551 596 2632 reprehendent.
733 2549 970 2611 ,Iustius
1029 2549 1276 2609 *dolebo
1356 2549 1412 2607 si
1489 2560 1629 2628 qua
1691 2565 1923 2625 eorum,

132 2670 288 2731 quae
332 2651 495 2724 dixi,
537 2651 696 2711 falsa
737 2653 1123 2732 reperientur
1165 2671 1290 2710 non
1335 2650 1412 2709 ab
1457 2650 1583 2721 his,
1630 2633 1749 2726 qui*
1780 2656 1923 2726 post

132 2771 234 2812 me
291 2752 557 2812 eundem
610 2753 815 2811 locum
874 2751 1086 2812 dedita
1140 2771 1329 2832 opera
1387 2753 1704 2808 tractaturi
1759 2757 1922 2818 sunt,

134 2851 246 2912 sed
299 2871 338 2912 a
390 2852 951 2932 praetereuntibus3
1005 2857 1386 2933 quanquam,
1448 2851 1502 2908 si
1557 2846 1702 2926 quid
1762 2848 1922 2924 ejus-

133 2951 307 3011 modi
338 2954 998 3027 -commissum‘fuerit,
1042 2954 1212 3030 argui
1259 2969 1526 3009 errorem
1571 2965 1754 3026 quam
1780 2966 1925 3027 pro-

133 3055 347 3131 pagari
389 3055 620 3114 malim·
691 3052 983 3115 Ceterum
1021 3052 1435 3112 consolabitur
1477 3068 1577 3107 me
1619 3049 1926 3108 motivo--

139 3151 372 3227 luntas,
419 3156 755 3216 excusabit
823 3152 1280 3235 quodammodo
1338 3148 1611 3210 solitudo
1667 3167 1806 3207 mea
1862 3158 1924 3206 et

140 3250 494 3329 adJ‘utorum
536 3259 769 3338 inopia.
856 3254 1012 3315 Nam
1060 3272 1214 3334 quae
1259 3253 1494 3331 priores
1539 3251 1604 3308 in
1647 3247 1923 3307 medium

140 3351 431 3425 attulere,
482 3345 823 3418 intricando
868 3357 1063 3433 magis
1107 3363 1250 3415 sunt
1294 3353 1467 3434 operi
1512 3369 1696 3430 quam
1742 3368 1926 3429 expc-

168 3495 177 3502 ,
223 3451 298 3510 Π.
1509 3450 1587 3510 12
