2150 3814
794 214 1249 264 onrnch.
1541 181 1550 203 ³
1780 203 1902 268 991

129 356 232 418 [v.
298 354 437 417 119.
537 349 816 413 Tertium
859 342 1167 427 quendam
1207 344 1583 424 Dionysium
1625 347 1905 410 Samium

129 458 234 521 vel
284 452 629 522 Rhodium}
662 448 944 510 nominat
997 445 1254 522 Suidas,
1318 465 1578 527 eumque
1632 448 1907 532 ἱστορίας

130 554 415 628 τοπικοίς,
472 548 834 636 περιήγησιν
886 549 1278 631 οἰκουμένης,
1335 557 1397 606 et
1439 547 1721 631 ἱστορίαν
1762 572 1917 611 παι-·

127 651 414 733 δευτικήν
453 651 792 732 scripsisse,
838 669 1099 731 quorum
1123 649 1424 715 librorum
1448 647 1674 722 nullus,
1719 667 1907 731 quan·

126 766 259 816 tum
315 771 390 814 ex
444 752 639 812 titulis
686 750 955 829 judicari
995 760 1230 831 potest,
1275 768 1412 808 cum
1456 752 1826 828 argumentis
1870 769 1909 809 a

123 854 404 915 Diodoro
463 854 738 912 tractatis
796 853 1104 930 congruit,
1164 868 1417 930 prorsus
1471 860 1541 909 ut
1594 851 1756 910 hunc
1799 851 1908 911 Sa-

123 957 320 1016 mium
389 953 466 1013 ab
533 954 649 1014 hac
702 953 1058 1032 quaestione
1109 948 1547 1026 segregandum
1604 950 1909 1024 ducerem,

125 1057 247 1116 nisi
299 1062 543 1114 moram
597 1051 826 1112 faceret
879 1048 1233 1110 Athenaeus
1276 1047 1557 1131 Samium
1601 1048 1907 1128 quendam

123 1156 498 1231 Dionysium
557 1152 626 1215 ἐν
665 1156 796 1221 τοῖς
836 1149 976 1232 περὶ
1015 1146 1246 1211 κύκλου
1303 1155 1523 1206 testem
1568 1147 1904 1223 advocans.

124 1271 279 1334 quae
334 1269 435 1311 res
475 1252 628 1312 viris
674 1246 870 1309 doctis
913 1248 1329 1328 suspicionem
1372 1246 1695 1328 praebuit,
1739 1247 1902 1309 hunc

122 1373 257 1414 esse
312 1351 784 1431 cyclographum·
799 1393 816 1424 ,
877 1349 1048 1427 cujus
1101 1349 1364 1426 vestigia
1416 1357 1709 1428 sequatur
1751 1349 1908 1409 Dio-

124 1454 313 1518 dorus
329 1448 424 1533 [¹¹].
467 1449 608 1511 Jam
650 1448 1068 1530 dispiciamus,
1112 1445 1360 1509 cuinam
1402 1448 1624 1508 horum
1651 1450 1908 1530 scripto—

121 1574 261 1616 rum
314 1553 582 1612 maxime
637 1552 967 1611 conveniat
1016 1548 1351 1610 Diodorus
1450 1548 1551 1609 De
1592 1560 1908 1630 postremo

128 1655 328 1716 schol.
396 1652 543 1711 Eur.
612 1651 882 1710 Phoenn.
943 1649 1124 1710 1110.
1193 1646 1523 1718 Διονύσιος
1575 1653 1642 1714 ἐν
1699 1638 1753 1712 οἵ
1794 1659 1908 1714 τοῦ

127 1755 317 1820 ύκλου
351 1748 423 1834 [⁵]
476 1749 730 1834 βύρσαν
770 1749 967 1813 αὐτὸν
1027 1747 1311 1826 (Argum)
1362 1750 1713 1830 ἠμφιέσθαι
1755 1751 1910 1832 φησὶ

126 1857 233 1920 καὶ
286 1852 491 1935 κύκλῳ
543 1851 615 1914 τὸ
675 1859 857 1933 σῶμα
912 1849 1059 1913 ὅλον
1115 1850 1587 1930 ὥιιιματιῦσθαι,
1643 1849 1760 1908 hoc
1816 1858 1911 1910 est

122 1957 286 2039 pelle
346 1954 589 2015 clavata
647 1952 782 2012 sive
838 1949 1098 2010 ocellata
1152 1948 1439 2008 indutum
1481 1949 1672 2009 fuisse
1715 1969 1910 2031 eoque

124 2056 391 2138 speciem
452 2051 755 2113 centoculi
806 2049 1194 2131 praebuisse,
1250 2068 1407 2129 quae
1449 2050 1722 2130 perfecte
1767 2071 1902 2111 con-

126 2165 349 2236 gruunt
391 2172 533 2214 cum
576 2153 954 2233 pragmatica
994 2149 1348 2209 fabularum
1373 2151 1907 2230 interpretatione;

124 2275 325 2336 neque
384 2254 540 2313 alius
594 2252 935 2327 Dionysius
995 2268 1128 2309 esse
1184 2249 1431 2311 videtur
1487 2252 1594 2330 qui
1651 2250 1908 2330 Spartos

124 2366 366 2436 gentem
421 2352 742 2412 Boeotiam
786 2351 978 2410 fuisse
1021 2352 1238 2410 statuit
1283 2350 1419 2410 Sch.
1465 2369 1524 2411 v.
1569 2350 1713 2414 670.
1800 2350 1908 2410 Al-

247 2522 315 2582 [h]
362 2522 429 2566 Ad
459 2521 572 2563 hunc
602 2520 790 2564 Samium
816 2519 975 2576 primus
1007 2518 1310 2562 animadvertit
1339 2519 1613 2562 Weichertus
1636 2520 1689 2563 de
1707 2520 1906 2578 Apollon.

124 2600 168 2644 p.
200 2583 299 2627 179.
338 2581 491 2624 deinde
520 2579 768 2623 Boeckhius
797 2579 852 2621 ad
882 2577 1027 2621 Schol.
1056 2577 1181 2620 Pind.
1211 2578 1360 2622 Isthm.
1396 2579 1480 2620 III.
1522 2593 1564 2635 p.
1595 2578 1693 2622 537.
1736 2584 1780 2622 et
1814 2581 1903 2622 Pa-

126 2645 260 2688 nofka
286 2642 374 2684 Res
404 2639 586 2684 Samior.
622 2653 665 2696 p.
695 2635 766 2682 94.
796 2638 870 2694 qui
902 2637 1079 2681 eundem
1109 2641 1236 2694 putat
1274 2637 1462 2693 intelligi
1497 2637 1543 2680 in
1582 2638 1727 2681 Schol.
1761 2639 1905 2696 Apoll.

125 2703 204 2747 IV.
235 2699 332 2744 177.
361 2699 437 2742 ubi
467 2697 759 2754 Mitylenaeus
787 2700 982 2740 vocatur.
1040 2696 1317 2739 W’uellnerus
1349 2702 1499 2739 contra
1528 2696 1582 2738 de
1613 2697 1750 2752 Cyclo
1781 2697 1904 2755 epico

125 2777 168 2820 p.
198 2761 240 2803 8.
270 2774 335 2817 sq.
363 2759 631 2802 Athenaeum
659 2769 828 2800 errasse
858 2760 1028 2809 censet,
1070 2769 1196 2811 quum
1235 2769 1313 2812 pro
1345 2754 1518 2798 Milesio
1552 2757 1791 2799 nominaret
1821 2756 1904 2800 Sa-

127 2820 267 2864 mium.
327 2816 426 2861 Hoc
455 2830 557 2859 vero
588 2820 656 2859 est
684 2821 860 2874 optare,
905 2829 989 2857 non
1017 2815 1219 2872 probare.

242 2904 309 2964 [ἰ]
357 2903 519 2948 Nescio
550 2917 606 2945 an
633 2902 746 2946 idem
774 2901 885 2944 liber
912 2904 1148 2960 Στέφανος
1178 2899 1417 2958 appelletur
1453 2914 1479 2943 a
1508 2899 1755 2958 Nicephoro
1786 2901 1904 2945 Hist.

131 2965 257 3009 Καὶ.
283 2964 339 3008 Χ.
367 2963 437 3008 36.
466 2977 509 3020 p.
539 2961 610 3005 89.
648 2957 899 3020 ἀποχρήσει
926 2964 1019 3010 τοῖς
1047 2957 1182 3017 τάχος
1209 2960 1324 3006 ἰδεῖν
1353 2959 1706 3017 (mythologiam)
1736 2963 1904 3016 βουλο-

131 3028 284 3084 μένοις
312 3020 335 3066 ὅ
365 3037 412 3066 τε
435 3021 763 3082 Ἀριστοτέλους
788 3021 981 3075 πέπλος,
1025 3017 1049 3063 ὁ
1082 3022 1327 3063 Διονυσίου
1358 3022 1582 3076 στέφανος
1616 3022 1693 3063 καὶ
1734 3018 1758 3064 ὁ
1798 3025 1902 3065 Πο-

133 3079 381 3152 λυμνήμων
403 3077 633 3139 Ῥηγίνου·
681 3080 757 3122 ubi
793 3079 1050 3122 Wouwerus
1089 3077 1252 3134 Polym.
1291 3076 1450 3120 XXIV.
1485 3076 1586 3121 282.
1655 3081 1903 3124 Διονυσίου

134 3142 293 3191 κυκλος
319 3139 527 3184 emendat.
555 3139 779 3195 Rhegium
807 3137 882 3181 ille
912 3151 981 3197 ap.
1012 3137 1168 3180 Tzetz.
1210 3136 1322 3178 Chil.
1362 3135 1527 3178 XVIII.
1566 3135 1668 3181 469.
1738 3139 1799 3181 Isi
1833 3138 1904 3182 oni

133 3198 383 3243 sententiam
411 3200 546 3243 refert
572 3197 628 3240 de
656 3198 810 3241 ovibus
839 3196 1092 3248 auricomis,
1136 3195 1332 3251 idemque
1369 3194 1414 3237 in
1454 3194 1600 3242 Schol.
1646 3196 1755 3252 Lyc.
1827 3197 1901 3240 77.

133 3259 215 3302 τοῦ
242 3258 541 3318 Πολυίστορος
561 3252 855 3316 Ἀλεξάνδρου
884 3257 961 3299 καὶ
984 3250 1326 3312 Ἀπολλοδώρου
1356 3253 1434 3297 καὶ
1457 3250 1661 3311 Ῥηγίνου
1690 3258 1771 3301 τοῦ
1799 3260 1902 3300 Πο-

134 3313 418 3374 λυμνήμονος
462 3318 539 3360 καὶ
580 3314 855 3375 Ἀρτέμωνος
889 3316 970 3359 τοῦ
1010 3315 1318 3372 Περγαμηνοῦ
1365 3313 1442 3357 καὶ
1480 3311 1784 3374 Κασσάνδρου
1822 3316 1902 3358 τοῦ

131 3375 411 3432 Σαλαμινίου
437 3373 762 3433 ἱστορικώτεροι
790 3369 1146 3431 καθεστήκαμεν.
