2150 3814
156 202 160 204 ’
217 194 343 255 948
770 207 998 253 LIBER
1040 206 1448 250 SECUNDUS.

221 346 438 416 sagte
495 338 877 417 Orpheus:
947 339 1183 397 ihnen
1236 357 1368 415 sey
1430 336 1553 396 die
1605 336 1823 395 Reife
1867 336 2001 396 der

222 437 523 498 Freude
568 457 661 496 zu
706 437 928 495 Theil
972 437 1404 515 geworden.
1462 436 1766 497 Neutrum
1811 455 2002 516 appa-

223 549 331 598 ret.
422 536 653 615 Orphei
717 538 1020 596 sententia
1071 536 1430 613 hujusmodi
1485 536 1676 596 fuisse
1730 533 2004 595 videtur:

228 641 402 701 ὅσσοι

351 739 523 806 “Ηβης
557 740 742 810 μέτρον
773 741 945 793 ἵκοντο
983 738 1140 807 λάχον
1177 739 1237 792 δέ
1268 762 1320 793 τε
1359 741 1567 812 τέρψιος
1596 743 1747 813 ὥρην.

225 846 291 906 id
346 855 438 905 est
495 848 834 928 quicunque
890 848 969 908 ad
1013 849 1356 929 pubertatis
1402 867 1595 908 annos
1639 859 1702 908 et
1743 848 1844 907 ad·
1868 866 2005 906 eam

224 956 490 1006 aetatem
548 947 984 1021 adoleverunt,
1044 969 1200 1028 quae
1257 947 1482 1006 Veneri
1540 957 1783 1007 matura
1824 947 2009 1006 habe-

224 1055 339 1105 tur.
426 1047 590 1105 Hinc
632 1048 809 1107 Plato
854 1049 1144 1108 transfert
1190 1047 1272 1107 ad
1306 1049 1527 1126 judicii
1569 1049 2009 1118 maturitatem,

225 1145 499 1225 illudque
543 1149 811 1207 musicae
856 1166 1064 1226 genus,
1111 1147 1189 1207 de
1218 1168 1338 1228 quo
1368 1150 1658 1228 loquitur,
1699 1146 2010 1218 omnibuS‚

228 1247 333 1325 qui
375 1248 443 1304 in
486 1246 580 1305 his
625 1247 807 1307 rebus
851 1249 1116 1327 aliquem
1143 1267 1390 1308 sensum
1413 1248 1682 1307 habeant
1709 1266 2010 1326 veraeque

224 1346 562 1425 voluptatis
618 1332 868 1426 capaces
927 1348 1083 1419 sint,
1145 1347 1351 1406 taedio
1409 1349 1542 1407 fore
1598 1347 1762 1407 dicit.
1804 1346 2008 1414 ¹War-

224 1445 474 1504 burtoni
516 1446 756 1504 somnia
798 1446 867 1504 L.
902 1447 978 1505 ΙΙ.
1036 1445 1193 1505 Sect.
1226 1446 1331 1505 IV.
1367 1445 1509 1507 523.
1564 1449 2007 1529 praetermitto.

391 1544 468 1603 ΙΙ.
559 1543 762 1624 Supra
806 1544 869 1602 P.
913 1546 989 1603 H.
1030 1542 1185 1625 Cap.
1238 1545 1302 1604 V.
1348 1545 1402 1626 ξ.
1452 1547 1547 1606 12.
1594 1547 1828 1627 Orphei
1871 1567 2005 1607 ver-

222 1662 327 1703 sus
366 1644 760 1724 'protulimuS‚
802 1644 1020 1724 quibus
1064 1644 1230 1705 idem
1276 1645 1449 1705 Plato
1493 1649 1560 1706 in
1601 1643 1854 1724 Cratylo
1898 1665 2010 1726 per

216 1744 430 1820 jocum
480 1741 748 1802 affirmat
801 1762 1007 1802 rerum
1064 1748 1344 1806 omnium
1385 1747 1618 1807 fluxum
1663 1756 1724 1806 et
1767 1765 1842 1806 ex
1886 1747 2010 1806 alio

224 1859 441 1919 genere
493 1845 560 1901 in
614 1841 785 1901 aliud
840 1846 1243 1905 mutationem
1300 1846 1612 1906 declarari.
1714 1846 1842 1908 Nec
1897 1845 2010 1906 du-
2108 1843 2122 1860 ⁸

224 1941 391 2014 bito,
449 1945 595 2022 quin
648 1945 714 2001 in
759 1942 1008 2003 Theaet.
1061 1965 1121 2025 p.
1173 1946 1309 2006 179.
1353 1946 1426 2005 E.
1471 1946 1580 2005 ubi
1623 1946 1841 2006 eadem
1884 1951 2008 2007 He-

223 2042 423 2100 racliti
467 2044 769 2101 sententia
811 2047 1163 2123 exponitur:
1205 2046 1344 2127 περὶ
1375 2044 1780 2129 τούτωνκτῶν
1818 2046 2007 2129 Ἠρα-

223 2140 527 2204 κλειτείων
582 2140 621 2220 ἢ
694 2143 888 2225 ὥςπερ
963 2145 1041 2207 σὺ
1108 2146 1294 2230 λέγεις
1342 2144 1685 2227 Ὁμηρείων
1749 2146 1855 2207 καὶ
1921 2148 2007 2207 ἔτι

221 2242 676 2321 παλαιοτέρων,
735 2242 852 2302 hoc
907 2245 1156 2302 nomine
1202 2243 1518 2324 Orpheum
1562 2245 2007 2322 significaverit.

222 2339 386 2399 Hinc
438 2349 647 2399 autem
703 2342 891 2420 quum
945 2352 1156 2421 pateat
1210 2343 1529 2403 Platonem
1589 2344 1856 2425 Orpheo⁴
1882 2363 2006 2404 non

224 2441 426 2498 minus
483 2459 668 2518 quam
731 2439 1008 2500 Homero
1072 2442 1268 2522 (cujus
1326 2445 1694 2523 interpretes
1758 2446 2006 2525 ῥέοντας

224 2537 454 2597 derisui
494 2537 737 2618 hahuit)
780 2539 936 2598 hanc
980 2538 1319 2599 doctrinam
1362 2531 1764 2620 abjudicasse,
1809 2547 2006 2623 sequi—

223 2648 322 2697 tur
374 2648 444 2696 ut
500 2640 558 2696 ei
611 2640 887 2716 ignotum
928 2639 1117 2698 fuerit
1172 2659 1413 2700 carmen
1456 2641 1827 2722 Orphicum,
1885 2657 2006 2724 quo

222 2739 664 2818 principiorum
720 2738 1078 2800 vicissitudo
1139 2740 1359 2800 clarius
1416 2744 1703 2820 exposita⁴
1753 2754 1846 2803 est
1904 2762 2001 2822 ap.

226 2834 519 2896 Clement.
565 2836 790 2897 Strom.
835 2838 964 2899 VII.
1004 2839 1149 2900 746.
1234 2841 1354 2900 Hic
1398 2843 1562 2900 enim
1606 2852 1675 2902 ut
1717 2842 2003 2902 ostendat

225 2934 608 2996 Heraclitum
675 2938 963 3018 pleraque
1030 2939 1107 2998 ab
1177 2939 1424 3021 Orpheo
1498 2943 1830 3022 accepisse,
1886 2943 2001 3002 hoc

227 3035 419 3093 utitur
462 3038 772 3117 exemplo:
819 3039 1089 3122 Ὀρφέως
1131 3039 1499 3120 ποιήσαντος

350 3159 536 3214 ’Έστιν
570 3162 710 3235 ὕδωρ
745 3170 890 3236 ’ψυχῇ
923 3162 1155 3227 θάνατος
1189 3167 1234 3218 δ’
1272 3164 1543 3218 ὑδάτεσσιν
1578 3165 1782 3234 ἀμοιβή.
1874 3187 1884 3193 ”

362 3246 416 3297 ἐκ
451 3246 508 3298 ‹5'
546 3246 736 3310 ὕδατος
771 3252 889 3319 γαίη
900 3291 917 3318 ,
955 3249 1014 3302 τὸ
1052 3251 1108 3303 δὲ
1144 3251 1198 3303 ἐκ
1232 3253 1380 3320 γαίης
1415 3247 1565 3302 πάλιν
1600 3249 1756 3320 ὕδωρ.

364 3330 418 3382 ἐκ
453 3336 544 3383 τοῦ
579 3333 636 3384 δὲ
670 3333 813 3402 ψυχὴ
849 3334 967 3389 ὅλον
1002 3335 1190 3405 αῗθὲρα
1225 3333 1569 3389 ἀλλάσσουσα.
