2150 3814
222 223 388 286 1054
741 238 981 282 LIBER
1023 238 1453 284 sEcUNDUS.

215 370 530 441 tarium,
584 370 663 438 ὃς
706 369 1063 449 πέμματα
1106 370 1365 432 πέσσει
1407 368 1626 430 Athen.
1672 370 1775 431 Vl.
1819 372 1988 455 (172.

214 470 327 549 A.)
413 467 610 540 Jam,
667 475 746 526 ut
801 465 890 524 de
955 467 1293 543 singulis
1358 468 1641 543 dicam,
1706 470 1895 543 Ζεύς
1955 493 1993 533 a

215 569 453 632 verbo
500 569 662 643 ζεῖν
706 566 1020 626 elixare
1065 564 1383 644 dicit‘ur3
1433 573 1775 653 Ἄρτεμις
1819 573 1993 634 sive

214 670 520 751 potius,
581 675 665 726 ut
706 667 950 726 Dores
995 665 1293 741 dicunt,
1335 671 1737 754 ’Ἀρταμις,
1791 671 1995 731 nihil

216 766 436 828 aliud
480 775 594 827 est
637 785 855 847 quam
900 770 1251 850 ἄρταμος
1308 788 1566 849 coqua.
1655 768 1994 848 Cybelae

212 866 772 929 nomen'dedit
836 865 1217 949 κύβηλις,
1299 867 1549 928 culter
1621 873 1994 950 coquina—

212 970 394 1028 rius,
477 967 681 1027 Mars
726 968 1044 1047 antique
1086 966 1476 1033 Κανὸάων
1518 971 1994 1044 nominatus,

214 1067 417 1150 quod
458 1085 737 1128 nomen
778 1067 1242 1127 Eustathius
1297 1067 1442 1128 437.
1491 1067 1587 1129 12.
1645 1089 1684 1130 a
1742 1071 1996 1135 καίειν

215 1177 290 1228 et
332 1168 592 1233 ὃαίειν
638 1169 1159 1248 compositum
1204 1167 1432 1242 dicit,
1477 1171 1677 1230 sicut
1718 1170 1996 1254 Κάβει-

215 1295 341 1353 ροι
405 1278 706 1330 exemta
777 1269 1019 1328 litera
1078 1269 1385 1328 aeolica
1439 1268 1754 1354 κάειροι
1818 1290 1996 1333 eva-

216 1368 403 1428 dent
455 1368 535 1428 id
579 1378 696 1428 est
747 1369 1034 1428 focarii
1091 1377 1166 1426 et
1221 1369 1673 1445 clibanarii,
1717 1372 1995 1454 Ἥφαι-

216 1489 396 1538 στος
454 1476 708 1528 autem
762 1470 918 1551 ἡφα
963 1505 1046 1513 —-
1102 1489 1307 1538 ιστος
1362 1467 1442 1527 id
1498 1480 1615 1529 est
1670 1471 1827 1531 foci
1881 1473 1995 1530 in-

213 1587 529 1642 censor,
572 1587 709 1628 nec
751 1586 899 1628 non
942 1565 1113 1647 Δηώ
1157 1586 1195 1626 a
1237 1568 1478 1629 verbo
1522 1570 1754 1644 ὃαίω,
1798 1571 1995 1630 unde

212 1671 449 1729 etiam
492 1667 977 1748 adjectivum
1012 1667 1252 1739 ὃανός
1283 1669 1618 1737 calidus
1654 1680 1728 1730 et
1760 1672 1997 1730 nomi-

211 1789 304 1830 na
345 1771 672 1850 propria
715 1767 1027 1837 Δαναός
1072 1778 1144 1827 et
1187 1769 1604 1852 Δάρδανος
1662 1790 1822 1831 cum
1874 1791 1995 1830 re-

214 1870 768 1951 duplicatione
802 1868 1098 1948 prioris
1142 1868 1532 1944 syllabae,
1577 1881 1659 1931 ut
1697 1870 1993 1944 δάπτω,

214 1969 659 2058 ὃοιρὸάπτω.
721 1967 1012 2029 Nomen
1054 1966 1294 2052 Κόρη,
1339 1979 1422 2029 ut
1462 1970 1722 2048 Lydus
1767 1970 1995 2031 docet

216 2071 307 2131 de
347 2071 574 2130 MenS.
607 2068 761 2149 (96.)
807 2067 1132 2127 denotat
1173 2067 1413 2151 κόρον
1454 2073 1582 2133 καὶ
1625 2072 1993 2153 εὐωχίαν,

215 2181 289 2232 et
330 2169 631 2254 Κρόνος
674 2168 1226 2248 Neoplatonici
1272 2187 1361 2227 ex
1402 2170 1788 2254 κορόνους
1833 2190 1994 2230 con-

213 2282 548 2332 tractum
606 2269 908 2342 dicunt,
975 2266 1054 2327 id
1125 2276 1243 2328 est
1309 2268 1591 2331 Satur·
1650 2279 1834 2342 νοῦς
1877 2273 1993 2353 [8],

215 2372 632 2445 SaturnUS,
686 2388 896 2430 mens
941 2379 1243 2443 satura,
1304 2379 1513 2430 teste
1567 2372 1994 2444 Macrobio,

213 2487 405 2552 quae
478 2472 733 2530 omnia
797 2469 891 2529 ad
956 2487 1113 2527 rem
1183 2473 1716 2532 coenatoriam
1773 2491 1993 2552 spec-

214 2581 403 2631 tant.
488 2569 729 2631 Porro
772 2568 996 2643 Πάν,
1057 2571 1379 2650 proprie
1422 2569 1699 2645 Ποίων,
1761 2571 1991 2650 degu-

215 2669 1057 2748 statoremsignificat
1112 2689 1150 2729 a
1190 2669 1384 2744 ποίω,
1440 2670 1768 2754 ποίομαι,
1824 2678 1993 2737 ΠΟ-

216 2774 501 2838 σειὸῶν
546 2789 593 2830 S.
622 2767 980 2834 Ποτιὸάν
1012 2778 1494 2849 potatorem,
1532 2772 1794 2856 Ἑρμῆς
1836 2774 1992 2833 fuit

214 2875 613 2956 πέμματος
655 2871 895 2944 εἶδος,
957 2879 1038 2930 ut
1079 2870 1520 2949 Hesychius
1569 2872 1851 2947 tradit,
1914 2883 1992 2933 et

215 2970 634 3054 Cupidinis
678 2971 981 3030 nomine
1042 2972 1472 3053 cuppediae
1530 2983 1602 3032 et
1661 2973 1991 3054 copadia

216 3082 672 3134 consecrata
715 3080 910 3135 sunt.
975 3068 1172 3144 Quid
1215 3082 1402 3154 pote
1446 3074 1737 3134 clarius
1781 3075 1991 3135 esse'.l

335 3272 407 3329 [²]
452 3272 717 3327 Augustinus
751 3271 934 3323 Quaest.
963 3271 1015 3314 V.
1045 3276 1090 3314 et
1118 3272 1176 3317 N.
1209 3273 1268 3319 T.
1297 3278 1340 3330 p.
1371 3274 1440 3316 11.
1471 3273 1529 3316 T.
1559 3273 1635 3319 ΙΙΙ.
1672 3274 1722 3316 Ρ.
1751 3273 1807 3316 11.
1846 3275 1988 3318 Bene·

216 3332 321 3376 dict.
362 3330 438 3387 qui
467 3344 632 3373 recen
645 3331 828 3373 tiores
856 3330 956 3374 Pla
969 3333 1026 3374 to
1039 3331 1195 3374 nicos
1225 3346 1374 3376 nomen
1399 3330 1575 3392 Κρόνος
1603 3347 1630 3376 a
1659 3329 1792 3392 κόρος
1822 3333 1984 3389 (satur)

218 3389 415 3434 derivare
450 3389 568 3433 dicit.
607 3387 747 3433 Edit
761 3402 786 3432 o
797 3403 832 3431 r.
