2150 3814
271 207 433 268 1230
838 217 1061 260 LIBER
1117 215 1456 259 TER'rms

269 349 689 435 »ὀνομάζουσι
746 346 921 405 Paus.
975 345 1021 403 Ι.
1079 341 1177 402 31.
1246 341 1418 402 Idem
1462 342 1528 400 L.
1574 340 1644 400 V.
1696 341 1749 403 l.
1793 340 1852 400 5.
1910 342 2035 402 Me—

268 452 562 530 „thapum
641 454 898 504 testatur
973 442 1407 502 Atheniensem
1477 440 1645 521 apud
1714 440 2037 500 Thebanos

269 548 692 626 „constituisse
732 551 864 608 τῶν
905 540 1234 623 Καβείρων
1273 541 1388 620 τὴν
1428 540 1688 621 τελετήν.
1743 540 1817 600 In
1859 541 2040 600 Inscr.

271 651 483 722 „.Grut
538 667 598 726 p.
643 644 785 704 319.
839 644 897 702 2.
979 641 1170 718 Gajus
1212 637 1622 701 Achai-nensis
1666 651 2042 701 memoratur

270 748 506 831 »ἱερεὺς
548 751 720 809 θεῶν
761 740 1048 829 μεγάλων
1097 737 1449 823 Διοςκόρων
1472 741 1819 824 Καβείρων.
1866 739 2044 800 Unde

270 849 407 921 „hic
462 847 658 907 cultus
711 843 790 904 ad
844 842 1080 902 Atticos
1135 841 1486 919 pervenerit
1526 840 1709 898 facile
1746 842 2045 919 pervesti-

273 949 440 1027 „gari
498 955 704 1027 potest
745 946 798 1003 si
842 961 993 1003 vera
1035 950 1177 1001 sunt
1220 958 1377 1019 quae
1419 938 1628 997 scribit
1669 938 2046 1010 Herodotus,

274 1049 597 1124 „Pelasgos
676 1044 1143 1104 Atheniensium
1221 1040 1370 1098 olim
1450 1039 1784 1117 inquilinos
1863 1039 2046 1096 initia

274 1148 569 1222 „deorum
639 1145 1101 1204 Samothracum
1166 1140 1506 1200 instituisse
1557 1141 1824 1218 primoS‚
1891 1157 2045 1217 quae

273 1267 488 1321 „sacra
530 1255 747 1325 postea
789 1243 992 1302 nescio
1037 1242 1171 1319 quis
1216 1258 1385 1298 error
1427 1237 1701 1296 traduxit
1756 1237 1836 1297 ad
1882 1238 2047 1312 'l'yn-

276 1344 578 1419 „daridas
622 1343 757 1401 Hos
803 1340 1256 1400 Samothraciae
1299 1339 1513 1396 inserit
1557 1336 1738 1395 Ovid.
1773 1338 1818 1395 Ι.
1865 1338 2046 1397 Trist.

275 1443 388 1517 ‚,X.
455 1440 557 1502 45.
641 1459 777 1499 vos
855 1458 1152 1517 quoque
1226 1435 1774 1514 Tyndaridae,
1860 1455 2048 1515 quos

276 1543 501 1615 „haec
555 1539 750 1598 colit
807 1538 1099 1610 insula,
1155 1537 1481 1608 fratres3
1540 1546 1602 1593 et
1655 1534 1819 1595 forte
1863 1538 2047 1596 etiam

277 1639 673 1715 „Plutarchus
717 1636 937 1695 Aemil.
967 1657 1014 1696 c.
1041 1634 1182 1695 XX.
1227 1636 1507 1719 Περσεὺς
1549 1634 1909 1721 διαφεύγων
1952 1638 2048 1699 ἐπὶ

277 1742 463 1816 »τοὺς
518 1735 925 1819 Διοςκούρους
980 1738 1218 1799 ἱκέτευε,
1317 1735 1528 1815 Neque
1583 1736 1650 1795 hi
1695 1737 2049 1796 Samothra-

277 1843 412 1915 „cia
465 1839 666 1899 solum
723 1836 831 1895 sed
887 1838 1074 1896 etiam
1131 1837 1299 1895 coelo
1358 1837 1723 1916 expulerunt
1767 1835 2052 1911 Cabiros3

276 1958 460 2015 „nam
515 1938 913 1996 Geminorum
963 1937 1230 2013 signum,
1287 1935 1454 2015 quod
1500 1935 1926 1996 Onomacritus
1969 1938 2050 1999 H.

279 2037 508 2118 ‚‚Orph.
561 2035 791 2095 XXXI.
855 2035 1134 2112 Nigidius
1188 2037 1255 2094 in
1299 2035 1496 2094 Schol.
1543 2035 1747 2095 Germ.
1797 2037 1933 2096 147.
1991 2047 2053 2096 et

282 2136 643 2216 „Ampelius
687 2155 734 2194 c.
778 2133 882 2193 III.
944 2132 1179 2193 Cabiris
1236 2137 1576 2210 assignant,
1619 2135 2054 2197 Eratosthenes

279 2247 380 2311 „et
424 2233 648 2295 Caesar
693 2234 1091 2294 Germanicus
1135 2235 1452 2294 Dioscuris
1494 2235 1776 2310 tradunt,
1818 2246 1888 2296 ut
1928 2256 2052 2296 non

282 2347 552 2411 „temere
607 2334 827 2394 Sextus
871 2353 933 2412 p.
979 2333 1120 2396 558.
1178 2336 1678 2414 pronunciaverit
1718 2346 1930 2417 raptos
1975 2336 2052 2395 ab

284 2439 398 2511 „iis
451 2436 715 2494 honores
771 2434 1063 2492 alienoS.“
1161 2435 1344 2494 Errat
1396 2435 1896 2495 Hemsterhusius
1940 2435 2051 2494 sed

282 2538 372 2594 ita
428 2543 498 2592 ut
548 2534 670 2594 viri
724 2544 1004 2590 accurate
1064 2531 1227 2591 docti
1272 2553 1472 2593 errare
1514 2535 1712 2594 solent
1754 2553 1876 2593 non
1919 2537 2052 2594 sine

286 2651 508 2711 magno
581 2631 660 2691 ad
712 2632 847 2691 veri
914 2632 1319 2709 cognitionem
1373 2635 1651 2713 profectu
1708 2645 1771 2693 et
1821 2635 2052 2694 emolu-

285 2740 514 2813 mento.
598 2730 755 2791 Nam
801 2738 1037 2791 veteres
1079 2733 1172 2791 illi
1218 2731 1451 2808 Cabiri,
1513 2753 1662 2815 quos
1706 2733 2048 2807 Acusilaus‚
2123 2786 2126 2790 .

287 2830 665 2909 Pherecydes
734 2841 795 2890 et
858 2830 1193 2909 Aeschylus
1264 2835 1638 2913 producunt,
1718 2834 2050 2894 Dioscuro-

287 2950 424 2991 rum
490 2930 884 2992 dissimillimi
941 2943 1081 2991 sunt
1131 2935 1464 3008 natalibus,
1520 2936 1752 3014 patria,
1795 2953 2048 2994 numero

292 3040 354 3090 et
409 3029 734 3105 affinitate,
789 3041 850 3089 et
901 3050 940 3091 a
993 3034 1386 3114 scriptoribus
1431 3035 1676 3094 demum
1719 3035 1915 3094 multo
1957 3036 2049 3093 in-

290 3129 613 3190 ferioribus
670 3149 806 3190 cum
848 3132 944 3191 his
989 3135 1439 3196 confunduntur
1483 3134 1633 3194 duas
1679 3134 1759 3194 ob
1804 3153 2045 3208 causas;
2149 3179 2150 3183 ,

289 3229 554 3308 primum
622 3232 763 3311 quia
827 3241 986 3292 terra
1048 3238 1329 3317 marique
1382 3234 1860 3315 periclitantibus
1916 3253 2047 3294 suc-

293 3348 527 3388 currere
571 3331 985 3407 credebantur,
1030 3333 1249 3396 deinde
1291 3338 1432 3416 quia
1467 3356 1540 3395 ex
1574 3335 1689 3395 hoc
1719 3338 1857 3416 ipso
1885 3353 2043 3394 com-
