2184 3840
289 175 415 236 898
821 183 1059 229 mnan
1101 181 1529 229 SECUNDUS.

288 319 515 405 γεσθαι
567 313 844 397 μαλάχης
903 311 1222 372 Jamblich.
1269 310 1339 369 V.
1384 311 1447 369 P.
1494 307 1650 370 CIX.
1695 308 2066 389 243.1cujus

291 415 528 499 φύλλον
598 412 930 497 ἱερώτατον
986 413 1143 475 εἶναι
1201 408 1509 471 dictitavit
1563 409 1817 469 Aelian-
1861 408 1932 468 V.
1985 410 2068 469 H.

289 515 390 575 IV.
447 516 506 575 7.
575 521 863 590 tantaque
917 511 1210 587 religione
1265 511 1468 567 sanxit
1521 519 1591 569 ut
1646 509 1938 568 Proculus
1993 527 2072 567 ne

289 633 478 695 quum
523 618 864 689 aegrotaret
907 609 1155 688 quidem
1200 616 1261 666 et
1303 607 1574 668 medicus
1618 617 1878 686 urgeret,
1922 608 2074 667 mal·
2118 631 2122 634 ·

290 716 388 774 vis
443 713 611 772 vesci
667 710 1054 784 sustinuerit,
1116 707 1274 769 κατὰ
1317 709 1430 771 τὸν
1474 707 1926 793 Πυθαγόρειον
1967 706 2077 770 νό-

292 835 415 893 μον
484 812 598 873 οὐκ
662 810 945 888 ἠνέσχετο
1003 805 1282 888 μαλάχης
1337 806 1572 869 ἐσθίειν
1630 808 1917 903 Damasc.
1975 825 2075 886 ap.

291 911 467 969 Phot.
525 905 814 967 CCXLII.
887 906 1029 966 560.
1098 906 1552 965 Sanctimoniae
1624 915 1830 965 autem
1895 907 2076 982 hujus

292 1011 443 1069 haec
490 1008 737 1067 affertur
781 1027 818 1067 a
842 1006 1185 1066 Jamblicho
1229 1007 1388 1065 ratio
1435 1006 1530 1067 ὅτι
1572 1002 1784 1087 πρώτη
1826 1007 2078 1090 ἄγγελος

287 1100 401 1173 καὶ
444 1107 793 1191 σημάντρια
839 1111 1250 1189 συμπαθειῶν
1295 1105 1608 1189 οὐρανίων
1641 1106 1796 1188 πρὸς
1830 1104 2077 1190 ἐπίγεια.

296 1208 462 1289 quod
505 1228 543 1268 a
585 1206 943 1267 Jablonskio
989 1208 1495 1287 praetermissum
1541 1214 1634 1263 est
1678 1222 1750 1262 eo
1795 1204 1932 1262 loco
1959 1219 2079 1282 quo

297 1308 375 1367 de
432 1308 572 1366 felis
628 1317 690 1366 et
734 1308 930 1366 aeluri
977 1327 1113 1365 cum
1157 1307 1306 1364 luna
1350 1305 1708 1384 sympathia
1752 1311 1815 1360 et
1856 1303 2081 1360 utrius-

295 1426 411 1486 que
467 1407 762 1483 religione
824 1405 1101 1484 disputat
1154 1405 1222 1463 L.
1277 1405 1385 1462 Ill.
1442 1404 1499 1463 3.
1556 1403 1614 1462 3.
1708 1401 1792 1459 Et
1846 1418 1922 1458 ex
1963 1400 2079 1471 his,

298 1523 453 1584 quae
505 1504 693 1564 modo
751 1506 1100 1576 attulimus,
1157 1505 1417 1581 intelligi
1458 1503 1648 1564 velim
1697 1491 1845 1582 quid
1887 1501 1968 1558 sit
2007 1500 2080 1557 il-

295 1604 422 1678 lud,
467 1605 634 1685 quod
675 1606 742 1663 in
785 1606 898 1662 hac
943 1603 1359 1683 disputatione
1402 1603 1738 1679 mysticum
1786 1601 2077 1674 dicimus3

297 1705 469 1782 cujus
513 1703 800 1764 vocabuli
843 1704 1038 1763 facilis
1083 1714 1176 1763 est
1218 1703 1597 1774 intellectus,
1654 1700 1928 1760 definitio
1974 1719 2079 1760 au-

296 1810 422 1861 tem
479 1804 575 1862 cui
618 1821 730 1861 nec
774 1802 933 1861 desit
976 1801 1311 1882 quidquam
1357 1822 1468 1860 nec
1511 1803 1807 1880 supersit,
1849 1800 2080 1880 perdif-

294 1902 486 1960 ficilis.
571 1901 674 1961 Ad
715 1903 1063 1961 institutum
1107 1911 1387 1960 nostrum
1440 1909 1679 1960 tantum
1722 1910 1936 1960 notare
1981 1919 2081 1964 ex,-

295 2000 501 2079 pedit,
560 2003 693 2061 vim
749 2003 930 2079 hujus
974 2002 1243 2060 nominis
1287 2002 1553 2080 positam
1600 2019 1734 2059 esse
1775 2002 1841 2058 in
1885 2001 2081 2059 ambi-

288 2101 459 2158 ·tioso
526 2100 798 2178 quodam
867 2100 1074 2160 studio
1140 2110 1402 2158 secretas
1469 2119 1676 2159 rerum
1746 2119 1962 2159 causas
2019 2111 2081 2160 et

294 2200 628 2279 principia,
691 2220 848 2279 quae
903 2209 1009 2259 aut
1060 2209 1281 2258 natura
1334 2201 1578 2278 penitus
1635 2199 1930 2259 abstrusit
1974 2208 2080 2259 aut

296 2315 395 2356 ars
453 2307 514 2356 et
571 2301 732 2357 ratio
793 2299 1068 2359 nondum
1109 2298 1456 2376 indagavit,
1500 2301 1941 2378 superstitiosis
1986 2319 2080 2359 ar-

293 2396 520 2472 guendi
575 2399 1101 2456 hariolationibuS.
1210 2398 1460 2456 Etenim
1521 2400 1625 2456 ille
1681 2400 1816 2476 ipse
1871 2419 2077 2458 rerum

295 2496 653 2555 coelestium
701 2505 763 2554 et
807 2498 1184 2555 terrestrium
1229 2506 1554 2555 concentus
1599 2497 1739 2555 fons
1785 2507 1846 2555 et
1891 2509 2077 2576 caput

294 2605 386 2653 est
426 2596 608 2672 hujus
651 2597 951 2670 mysticae
994 2595 1367 2674 sapientiae,
1429 2614 1585 2673 quae
1629 2595 1705 2654 ab
1766 2597 1967 2658 obviis
2014 2607 2077 2656 et

294 2695 625 2773 exploratis
666 2713 805 2753 orsa
836 2696 960 2754 alia
1003 2695 1140 2753 aliis
1185 2693 1564 2753 adnectendo
1610 2694 1690 2753 ad
1734 2705 2072 2764 extremum

294 2802 508 2851 cuncta
551 2792 793 2853 libidini
836 2813 986 2853 suae
1029 2793 1288 2871 subjecit
1329 2794 1630 2874 legesque,
1675 2793 1892 2874 quibus
1937 2812 2072 2852 coe-

290 2891 452 2964 lum,
508 2902 736 2967 terrae,
793 2896 987 2953 maria
1028 2903 1408 2970 regerentur,
1466 2896 1722 2953 sciscere
1765 2911 1915 2951 ausa
1961 2903 2071 2953 est.

291 2987 471 3061 Quod
526 2992 626 3052 vel
681 2993 822 3052 hinc
878 3004 1154 3074 apparet.
1251 2994 1410 3054 Nam
1465 2993 1707 3070 malvas
1765 3002 1827 3051 et
1871 3002 2068 3053 cetera

288 3089 656 3170 heliotropia
710 3094 858 3152 solis
914 3086 1155 3152 cursum
1199 3093 1278 3152 ad
1324 3111 1606 3153 occasum
1650 3093 1740 3152 ita
1783 3094 1967 3172 sequi·
1997 3103 2067 3152 ut

285 3206 529 3269 semper
583 3209 726 3250 eum
782 3201 1087 3271 spectent,
1144 3193 1336 3251 oculis
1382 3194 1670 3266 cernitur3
1714 3193 1866 3251 item
1914 3201 2065 3251 tem-

283 3298 580 3367 pestates,
638 3292 918 3365 morboS,
976 3290 1171 3352 undas
1228 3311 1366 3353 cum
1420 3293 1565 3353 luna
1608 3291 1955 3353 decrescere
2000 3302 2062 3351 et
