2150 3814
735 181 1235 260 ὀιιΡΗῙοΑ.
1735 198 1896 261 1003

134 359 419 424 terrae;
460 362 608 406 non
640 340 928 422 Delphi
959 338 1325 415 medium3
1367 347 1440 399 et
1472 348 1729 401 terrae
1760 362 1899 404 me-

133 447 343 509 dium
398 464 546 507 non
598 443 738 503 hoc
793 437 926 499 sed
984 437 1182 520 quod
1236 450 1525 501 vocant
1564 441 1900 522 Delphis

132 551 212 608 in
254 544 446 607 aede
487 541 577 604 ad
619 542 828 600 latus
873 549 994 600 est
1037 538 1399 619 quiddam
1434 549 1517 600 ut
1549 540 1902 602 thesauri

134 647 422 726 specie,
514 639 719 721 quod
802 640 1082 700 Graeci
1160 649 1447 700 vocant
1523 640 1901 724 ὀμφαλόν,

132 764 347 825 quem
393 742 792 820 Pythonos
847 741 1070 818 ajunt
1110 741 1503 800 tumulum.
1567 739 1904 802 Maximam

132 842 547 904 difficultatem
593 840 891 919 objiciunt
931 839 1124 901 verba
1157 839 1249 899 ad
1292 840 1503 900 latus
1537 859 1693 921 quae
1729 842 1906 904 codd.

132 944 479 1005 Florentini
532 949 815 1014 tuentur,
870 938 994 999 duo
1051 940 1159 998 alii
1202 939 1526 1011 allatus,
1579 940 1738 1000 Edd.
1783 943 1905 1002 ad-

133 1045 406 1116 latum,
450 1042 804 1115 allatum,
859 1038 1237 1109 ablatum,
1299 1046 1361 1096 et
1415 1024 1904 1120 nonnulliadji-

134 1154 276 1204 cunt
337 1143 719 1212 foramen,
785 1136 948 1196 unde
1018 1136 1283 1213 Scaliger
1350 1136 1702 1196 foramen
1757 1141 1903 1200 ala-

134 1253 288 1302 tum
369 1249 488 1300 est
552 1235 934 1318 quoddam
1000 1237 1334 1296 tensarii
1389 1238 1684 1316 specie,
1734 1239 1908 1321 'quod

132 1340 522 1419 amplectitur
574 1336 942 1398 Holstenius
984 1334 1066 1395 ad
1110 1335 1320 1418 Steph.
1363 1336 1513 1414 Byz.
1557 1357 1618 1418 p.
1661 1339 1804 1400 236.
1848 1341 1905 1402 b.

131 1458 325 1520 eoque
379 1438 670 1522 ὀμφαλὸν
721 1437 1195 1518 τεταινιωμὲνον
1251 1436 1449 1498 Strab.
1491 1437 1597 1499 IX.
1641 1437 1783 1502 505.
1827 1445 1909 1502 si-

132 1541 400 1618 gnificari
453 1546 635 1619 putat
660 1537 754 1618 [²].
849 1536 1047 1596 Multo
1105 1535 1397 1597 audacius
1454 1534 1788 1608 Checozius
1841 1544 1910 1602 in

46 1631 55 1643 ’
132 1641 393 1700 Dissert.
449 1636 613 1698 Cort.
668 1635 737 1695 T.
793 1635 898 1695 IV.
955 1636 1096 1696 208.
1151 1637 1354 1696 locum
1409 1638 1768 1719 interpolat:
1827 1642 1908 1703 ad

134 1740 344 1799 latus
410 1747 522 1798 est
575 1733 958 1816 quoddam
1015 1745 1375 1796 vetustae
1434 1741 1630 1798 artis
1698 1759 1908 1822 oper-

134 1840 398 1906 culum.
484 1835 757 1895 Primum
813 1835 1189 1896 thensarium
1219 1831 1291 1915 [b]
1348 1837 1481 1896 sive
1521 1840 1731 1917 potius
1776 1849 1909 1902 ten-

132 1941 359 2000 sarium
375 1939 448 2020 [⁰]
507 1934 584 1995 ab
639 1933 757 1994 hoc
809 1935 948 1997 loco
1006 1936 1303 2009 alienum3
1356 1955 1573 1998 verum
1630 1949 1723 1999 est
1776 1943 1909 2002 sine

133 2039 322 2100 dubio
365 2035 714 2099 thesauri
757 2038 1039 2117 specie.
1107 2037 1360 2113 Minyae
1402 2037 1755 2099 thesaurum
1797 2043 1911 2102 tali

134 2140 335 2199 forma
390 2157 522 2198 esse
565 2134 778 2196 scribit
818 2135 1151 2197 Pausanias
1195 2133 1300 2195 IX.
1346 2136 1446 2196 38.
1493 2147 1697 2221 σχῆμα
1739 2165 1910 2226 περι-

138 2240 315 2323 φερές
378 2241 546 2302 ἐστιν
601 2236 773 2318 αὐτῷ
785 2281 806 2309 ,
874 2237 1117 2319 κορυφὴ
1174 2235 1244 2298 δὲ
1300 2236 1413 2298 οὐκ
1468 2240 1527 2307 ἐς
1580 2241 1746 2325 ἄγαν
1798 2243 1909 2314 ὀξὺ

140 2338 470 2424 ἀνηγμένη·
515 2336 627 2401 τὸν
679 2334 750 2399 δὲ
794 2334 1095 2400 ἀνωτάτω
1138 2343 1267 2399 τῶν
1311 2335 1513 2401 λίθων
1556 2340 1752 2421 φασὶν
1795 2343 1910 2426 ἆρ-

138 2438 368 2521 μονίαν
426 2436 616 2501 παντὶ
644 2436 814 2507 Ιεἶναι
855 2442 946 2517 τῷ
989 2433 1450 2518 οἰκοδομήματι.
1536 2437 1708 2501 Haec
1755 2441 1912 2502 tholi

141 2635 226 2679 lod.
253 2635 337 2678 III.
365 2634 407 2677 2.
442 2604 791 2679 Domesticorum¹
806 2632 1021 2688 signorum
1051 2631 1231 2690 primum
1260 2633 1461 2677 indicium
1499 2639 1708 2692 praebent
1745 2601 1910 2684 κολοσ-

140 2689 486 2810 ἶζὶὲιξῦὲὲἒίἷοι
527 2693 681 2736 Aesch.
730 2692 880 2749 Agam.
925 2689 1026 2735 406.
1075 2692 1231 2748 quibus
1280 2694 1520 2737 absentium
1560 2695 1746 2740 dolorem
1785 2698 1910 2741 leniri

261 2839 338 2896 [a]
382 2839 482 2881 Huc
518 2837 649 2881 etiam
685 2836 830 2882 schol.
871 2836 1048 2880 Lucian.
1087 2837 1142 2879 de
1182 2837 1338 2881 Saltat.
1377 2855 1414 2882 c.
1453 2838 1525 2882 39.
1567 2838 1663 2883 147.
1707 2841 1911 2886 advocari

145 2903 337 2955 poterat:
385 2899 596 2955 λέγουσιν
633 2897 682 2940 ἓν
720 2897 919 2953 Δελφοῖς
959 2894 1173 2955 ὀμφαλὸν
1209 2892 1325 2940 εἶναι
1362 2898 1438 2941 ἐπὶ
1477 2901 1557 2942 τοῦ
1594 2896 1796 2959 ἐδάφους
1829 2906 1910 2947 τοῦ

146 2953 249 3000 νεώ.
288 2957 394 3015 περὶ
422 2955 558 3000 αὐτὸν
587 2953 737 2999 αἰετὸν
763 2951 1027 3014 γεγράφθαι
1057 2953 1147 2999 ἀπὸ
1184 2959 1437 3006 συνθέσεως
1476 2958 1644 3015 λίθων,
1686 2959 1760 3016 qui
1802 2975 1910 3018 opus

146 3014 408 3059 tessellatum
435 3015 483 3061 in
507 3020 648 3059 mente
676 3013 877 3056 habuisse
904 3013 1088 3056 videtur.

265 3100 337 3159 [b]
383 3102 480 3144 Hac
518 3101 731 3159 scriptura
768 3100 1018 3143 thesauri
1048 3104 1092 3143 et
1120 3101 1377 3143 thensari
1416 3103 1608 3146 omnibus
1639 3104 1778 3148 literis
1807 3115 1910 3151 con-

150 3160 295 3203 venire
323 3161 479 3204 docent
508 3159 812 3212 Grammatki,
851 3159 1018 3203 literam
1056 3160 1114 3203 N.
1147 3164 1246 3202 ante
1275 3161 1321 3201 S.
1351 3161 1472 3203 modo
1502 3162 1603 3205 addi
1640 3163 1763 3207 modo
1802 3165 1911 3208 demi

153 3225 374 3264 tentantes.
413 3234 456 3263 v.
500 3220 730 3263 Burmann.
763 3218 820 3261 ad
857 3219 1028 3261 Anthol.
1066 3219 1144 3260 IV.
1182 3219 1266 3275 Ep.
1309 3217 1408 3262 241.
1446 3220 1728 3278 Hagenbuch.
1769 3223 1911 3283 Epist.

153 3277 391 3334 Epigraph.
421 3293 462 3335 p.
492 3277 589 3321 598.
650 3277 813 3322 Marini
842 3277 1031 3321 Monum.
1063 3277 1116 3319 de
1146 3278 1244 3319 frat.
1277 3278 1380 3321 Arv.
1413 3278 1470 3322 T.
1502 3280 1562 3324 11.
1595 3280 1693 3324 590.

273 3363 343 3419 [ο]
390 3377 431 3406 v.
463 3364 660 3409 Scheffer
688 3365 755 3408 De
782 3379 830 3408 re
859 3367 997 3410 vehic.
1029 3366 1088 3409 11.
1119 3361 1189 3408 24.
1220 3363 1322 3409 305.
