2150 3814
231 196 394 259 1070
795 207 1030 251 Lmen
1073 205 1503 252 SECUNDUS.

223 346 385 425 ἱερῷ.
473 337 849 416 Cyrenenses
907 346 1113 395 autem
1133 379 1151 408 ,
1211 354 1396 415 quum
1440 355 1571 396 rem
1615 334 1896 397 divinam
1939 341 1998 397 ei

221 442 510 512 facerent,
553 439 864 519 placentas
907 443 1124 497 mutuo
1162 437 1548 497 missitabant
1570 435 1842 496 Macrob.
1875 435 2000 496 Sat.

223 542 270 602 1.
310 541 369 600 7.
412 539 554 599 238.
600 536 766 618 quod
809 536 1030 613 Thrige
1074 535 1224 594 Res
1288 538 1697 615 Cyrenen&
1755 555 1817 615 p.
1855 536 2000 596 289.

224 638 390 700 credi
431 656 618 717 posse
659 645 841 714 negat
885 636 963 694 ob
1008 636 1124 694 hoc
1166 636 1366 696 solum
1409 638 1656 711 scilicet,
1701 635 1867 716 quod
1892 636 2003 695 Sa-

219 749 475 799 turnum
521 734 798 814 Cyrenae
843 736 1073 795 cultum
1117 754 1251 794 esse
1292 737 1612 795 nescimus·
1717 733 2004 795 Ceterum

224 837 379 899 illud
420 856 610 915 genus
653 838 954 917 panificii,
998 833 1163 914 quod
1206 835 1539 894 Erotianus
1581 855 1642 914 p.
1673 836 1793 895 96..
1818 835 2004 918 τούρ-

222 963 342 1002 ταν
408 939 878 1017 interpretatur,
959 935 1225 1013 Vulgata
1293 943 1502 995 autem
1569 933 2005 994 subcineri-

224 1041 418 1099 cium
461 1037 695 1111 reddit,
752 1046 994 1098 veteres
1051 1035 1359 1116 Typologi
1386 1037 1490 1117 [³]‚
1551 1036 1697 1114 quia
1753 1042 2005 1111 etymon

223 1158 262 1198 a
303 1137 495 1197 verbo
545 1135 907 1224 ἐγκρύπτειν
966 1135 1183 1208 habet,
1238 1136 1593 1213 symbolum
1646 1153 1851 1194 rerum
1909 1153 2007 1194 oc-

221 1239 525 1298 cultarum
577 1246 645 1296 -et
692 1237 978 1313 mysterii
1031 1235 1231 1296 divini
1286 1254 1420 1294 esse
1475 1236 1712 1297 volunt.
1797 1233 2008 1314 Neque

220 1337 402 1396 nobis
446 1335 857 1407 invidebitur‚
912 1337 968 1393 si
1010 1335 1431 1414 Encryphiam
1490 1344 1554 1394 et
1609 1345 1839 1396 tortam
1897 1334 2007 1394 Sa-

221 1448 404 1496 turno
448 1443 781 1515 propterea
824 1436 1172 1494 consecrari
1216 1433 1584 1507 dixerimuS,
1639 1437 1784 1516 quia
1834 1436 1889 1493 is
1943 1436 2010 1492 in

219 1537 403 1596 Latio
468 1534 651 1594 latuit
716 1544 778 1593 et
829 1543 1181 1613 serpentem
1238 1536 1305 1592 in
1329 1562 1333 1566 ⁷
1361 1535 1655 1594 circulum
1709 1542 2012 1593 retortum

219 1638 393 1714 gerit.

378 1723 698 1820 Ἔντριτον
739 1735 810 1796 τὸ
856 1731 1170 1796 Διονύσου
1217 1736 1524 1816 ἔμβρωμα
1570 1730 1840 1810 Hesych.
1886 1752 2008 1815 quo
2094 1780 2096 1783 s

221 1838 428 1896 nescio
509 1834 659 1915 quid
727 1835 1099 1912 significetur
1164 1834 1286 1892 nisi
1345 1834 1762 1910 jentaculum,
1843 1833 2011 1914 quod
2095 1881 2098 1885 .

223 1938 470 2014 choragi
498 1974 514 1986 .
533 1935 786 1995 scenicis
852 1941 1262 2014 apponerent3
1335 1951 1528 2012 eoque
1588 1934 1778 1994 etiam
1831 1934 2009 1994 illam

103 2029 114 2048 ‘
222 2040 491 2118 glossam
534 2036 750 2095 referri
791 2035 1037 2093 malim:
1131 2032 1382 2116 Τρίμμα
1438 2034 1649 2115 πᾷιιμα
1694 2034 2010 2118 ἀρωματί-

224 2140 336 2214 ζον
393 2142 460 2200 ἐν
507 2135 732 2222 γάμοις
772 2132 1113 2220 γενόμενον
1155 2133 1261 2195 καὶ
1304 2137 1371 2195 ἐν
1413 2137 1767 2215 θεατρικοῖς
1811 2136 2011 2219 ἀγῶσι

223 2255 574 2319 quanquam
618 2235 696 2294 de
739 2235 857 2293 hoc
901 2233 1171 2293 dubitari
1213 2241 1418 2313 potest
1473 2251 1551 2292 an
1596 2242 2012 2312 spectatorum
2104 2254 2109 2258 “

223 2357 409 2398 causa
453 2343 880 2418 comparatum
922 2335 1127 2394 fuerit.
1212 2333 1403 2414 Apud
1445 2333 1701 2394 Aristot.
1747 2335 1888 2394 Eth.
1933 2334 2010 2395 X.

225 2437 284 2499 5.
329 2436 473 2497 450.
531 2446 942 2518 spectatoreS‚
1000 2437 1105 2514 qui
1160 2434 1368 2492 taedio
1426 2433 1677 2493 fabulae
1731 2436 2012 2514 inceptae

223 2538 494 2600 bellariis
539 2555 674 2597 sese
719 2535 1046 2606 oblectant,
1092 2532 1380 2592 dicuntur
1425 2536 1484 2595 οἱ
1518 2535 2017 2619 τραγηματίζοντ

224 2664 322 2709 τες
378 2642 445 2702 ἐν
507 2644 636 2708 τοῖς
690 2633 999 2719 θεάτροις.
1113 2630 1249 2691 Joci
1319 2652 1501 2717 causa
1566 2653 2010 2715 nonnunquam

225 2737 479 2821 ἰσχάδια
546 2737 653 2800 καὶ
715 2734 1031 2822 τρωγάλια
1095 2753 1311 2814 sparsa
1379 2753 1512 2794 esse
1580 2737 1648 2794 in
1701 2736 2010 2816 populum

226 2848 487 2921 apparet
529 2857 607 2898 ex
647 2836 963 2917 Aristoph.
1005 2834 1163 2896 Nub.
1208 2834 1352 2898 801.
1397 2836 1750 2916 Impransos
1785 2837 1853 2894 in
1887 2854 2011 2915 sce-

225 2960 373 3001 nam
441 2941 655 3002 venire
711 2947 883 3000 vetat
935 2936 1186 3002 Plautus
1243 2937 1309 2995 in
1372 2936 1557 2995 Poen.
1617 2936 1778 2995 Prol.
1836 2935 1894 2995 6.
1951 2946 2011 2994 et

225 3039 446 3100 Pseud.
502 3040 662 3099 Ptol.
723 3039 820 3099 12.
894 3057 970 3098 ex
1029 3056 1150 3118 quo
1224 3047 1286 3096 et
1344 3057 1419 3096 ex
1473 3037 1788 3117 Aristoph.
1845 3034 2007 3097 Avv.

225 3140 371 3200 787.
439 3148 614 3220 patet
668 3140 1018 3200 fabularum
1075 3146 1450 3220 spectatores
1509 3138 1663 3197 nihil
1718 3136 2009 3197 habuisse

347 3298 414 3357 [⁸]
459 3313 501 3340 v.
531 3298 727 3343 Ambros,
759 3298 814 3341 de
842 3300 1042 3342 Abraam.
1072 3297 1126 3339 L.
1147 3298 1182 3342 Ι.
1216 3295 1256 3339 5.
1287 3295 1385 3340 183.
1414 3295 1579 3338 Potter.
1605 3295 1661 3338 ad
1684 3294 1817 3338 Clem.
1849 3294 2005 3338 Strom.

227 3358 283 3400 V.
315 3355 415 3399 694.
456 3358 510 3398 cf.
543 3357 794 3400 Mercurial.
825 3358 952 3400 Varr.
979 3357 1125 3399 Lectt.
1157 3356 1215 3398 II.
1247 3354 1288 3398 5.

2148 3329 2150 3404 l
