2150 3814
131 172 291 232 1122
728 182 964 226 121ssssss
1019 180 1386 226 TERTIUS.

126 348 283 410 quae
351 331 419 388 in
474 330 629 388 hanc
684 327 1049 386 sententiam
1108 325 1268 384 trahi
1323 337 1641 406 possunts
1696 328 1906 406 paullo

127 439 270 489 ante
329 428 664 488 attulimus.
763 426 918 484 Item
977 444 1016 484 a
1071 421 1409 502 Calpurnio
1465 426 1594 485 Ecl.
1648 424 1753 485 IV.
1809 425 1910 487 95.

128 527 444 609 Jupiter
488 564 571 572 —-
623 528 696 583 in
742 537 960 583 antro
1009 510 1347 583 carmina
1388 525 1745 586 Dictaeis
1790 545 1914 588 au-

128 628 248 688 dit
292 627 656 688 Curetica
709 625 977 695 silviS,
1046 623 1499 685 Wernsdorfius
1557 628 1914 689 anniversa-

125 731 286 788 rium
332 725 643 807 quoddam
688 743 928 784 sacrum
972 725 1296 801 significari
1338 736 1532 804 putat.
1597 727 1725 788 Nec
1767 728 1916 787 alie-

126 847 242 887 nus
286 828 428 887 huic
470 826 810 906 suspicioni
854 823 1180 900 VirgiliuS‚
1240 825 1345 902 qui
1400 825 1553 885 Aen.
1605 827 1715 885 ΠΙ.
1777 827 1915 888 112.

128 945 298 986 sacra
364 927 632 1004 Phrygia
699 945 738 984 a
807 925 1043 984 Teucro
1114 921 1404 983 Cretense
1475 926 1541 988 in
1609 925 1916 998 Troadem

127 1036 476 1088 transvecta
519 1025 768 1086 tradens

270 1135 400 1183 Hinc
436 1144 591 1183 mater
628 1137 806 1181 cultrix
842 1132 1078 1196 Cybelae,
1135 1132 1524 1198 Corybantiaque
1561 1150 1674 1183 aera

273 1219 556 1282 Idaeumque
593 1236 780 1279 nemus,
815 1219 928 1265 hinc
963 1219 1060 1266 fida
1097 1219 1292 1266 silentia
1326 1221 1493 1271 sacris.

130 1319 290 1368 certe
316 1311 609 1386 mysticas
643 1310 968 1386 religiones
996 1306 1218 1367 Cretae
1244 1310 1541 1389 impertit.
1586 1310 1671 1369 Et
1696 1310 1920 1372 Strabo

129 1425 371 1489 quoque
414 1427 473 1488 p.
521 1406 660 1468 154.
703 1407 966 1477 τούτους
1008 1408 1155 1477 τοὺς
1200 1415 1526 1490 Κουρῆτας
1571 1410 1922 1493 προπόλους

130 1513 303 1572 θεῶν
367 1531 564 1592 φασιν
620 1511 678 1571 οἱ
743 1505 1132 1590 παραδόντες
1186 1508 1267 1569 τὰ
1323 1509 1598 1589 Κρητικὰ
1668 1511 1775 1573 καὶ
1820 1513 1921 1600 τοὶ

131 1606 387 1695 Φρύγια
429 1609 806 1697 ἱερουργίαις
846 1608 1010 1670 τισὶν
1056 1610 1586 1694 ἑμπεπλεγμένους
1627 1616 1765 1681 ταῖς
1805 1611 1924 1694 μὲν

128 1716 492 1792 μυστικαῖς,
548 1716 685 1780 ταῖς
729 1710 797 1772 δ’
845 1711 1082 1782 ἄλλως,
1141 1708 1283 1792 περί
1337 1735 1402 1772 τε
1456 1710 1571 1789 τὴν
1613 1718 1728 1775 τοῦ
1776 1713 1925 1783 Διὸς

130 1809 591 1893 παιδοτροφίαν
633 1811 748 1890 τὴν
792 1814 859 1873 ἐν
900 1817 974 1888 τῇ
1019 1807 1231 1892 Κρήτῃ
1275 1812 1381 1872 καὶ
1435 1812 1583 1881 τοὺς
1636 1819 1746 1891 τῆς
1800 1839 1923 1897 μη*

129 1910 276 1992 τρός
318 1918 449 1974 τῶν
486 1915 660 1973 θεῶν
703 1911 1087 1995 ὀργιασμοὺς
1131 1913 1198 1973 ἐν
1239 1919 1315 1991 τῇ·
1349 1912 1604 1997 Φρυγίᾳ
1648 1913 1755 1974 καὶ
1794 1921 1924 1983 τοῖς

131 2010 271 2093 περὶ
313 2011 430 2089 τὴν
456 2012 627 2089 Ἴδην
670 2010 785 2089 τὴν
837 2010 1121 2092 Τρωικὴν
1162 2010 1402 2083 τόποις,
1458 2012 1576 2070 huc
1629 2013 1925 2074 inclinare

129 2107 380 2170 videtur
422 2119 492 2168 ut
536 2107 931 2169 Cretensibus
978 2109 1276 2189 quasdam
1321 2112 1672 2196 ἱερουργίας
1708 2135 1927 2195 μυστι-

129 2208 242 2279 κάς
311 2212 596 2288 assignet.
701 2209 916 2290 Neque
976 2210 1120 2269 huic
1180 2210 1549 2274 adversatur
1607 2212 1927 2278 Diodorus

130 2309 202 2368 V.
245 2312 347 2370 77.
406 2312 509 2390 qui
568 2329 725 2390 quae
783 2310 860 2369 ab
921 2310 1412 2388 Eleusiniorum‚
1472 2315 1926 2377 Samothracio-

130 2429 267 2469 rum
329 2421 392 2468 et
461 2410 873 2490 Orphicorum
932 2415 1374 2487 mysteriorum
1448 2415 1802 2476 auctoribus
1860 2418 1927 2476 in

132 2510 367 2570 occulto
439 2510 793 2583 tradantur,
862 2509 1015 2567 haec
1086 2513 1255 2591 apud
1312 2515 1579 2574 Gnosios
1634 2514 1924 2577 omnibus

132 2610 551 2688 cognoscenda
619 2609 893 2675 exhiberi
964 2608 1148 2684 dicit,
1214 2613 1506 2674 videlicet
1566 2614 1752 2690 deos,
1821 2619 1928 2696 qui

132 2709 359 2790 ubique
416 2711 727 2784 colantur,
786 2710 1152 2771 mortalibus
1208 2714 1570 2794 parentibus
1627 2726 1808 2776 natos
1864 2728 1927 2776 et

132 2818 332 2870 morte
391 2811 628 2872 deletos
697 2830 848 2872 esse.
966 2811 1067 2871 Sic
1134 2825 1296 2874 certe
1366 2818 1608 2897 opinati
1665 2826 1809 2877 sunt
1865 2821 1925 2880 οἱ

133 2910 318 2972 πλείω
375 2913 604 2976 εἰδέναι
659 2911 1207 2995 προςποιούμενοι,
1285 2917 1639 2998 Periegetae
1693 2918 1924 2978 acutuli

134 3009 211 3069 de
266 3010 788 3090 Pragmaticorum
849 3023 1026 3072 secta.
1128 3014 1285 3075 Nam
1342 3020 1489 3096 quin
1546 3016 1923 3078 Gnosiorum

132 3128 461 3171 commune
504 3111 725 3174 Jovem
788 3114 943 3173 coeli
999 3124 1320 3196 terraeque
1374 3127 1672 3177 rectorem
1728 3129 1923 3177 aeter-

131 3229 280 3269 num
325 3231 496 3271 more
544 3214 918 3274 Graecorum
967 3218 1167 3294 patrio
1215 3218 1502 3289 coluerit,
1564 3218 1735 3277 nulla
1780 3237 1920 3278 con-

136 3313 437 3370 troversia
508 3332 639 3372 esse
707 3324 928 3394 potest.
1047 3314 1377 3388 Quaerenti
1449 3329 1694 3393 autem,
1765 3338 1919 3399 quae
