2150 3814
256 204 418 265 1128
823 218 1060 262 muna
1099 217 1464 261 ‘ruamus

249 345 672 411 testimonium
702 348 793 426 [1'].
896 347 1173 427 Opponit
1215 349 1404 408 veros!
1470 348 1605 407 Imo
1650 346 2032 407 Demetrium

248 448 538 530 Euripidi
581 463 920 525 repugnare
964 445 1141 520 dicit,
1198 457 1259 505 et
1312 456 1606 522 noverat,
1664 448 1914 532 opinor,
1968 449 2034 505 in

247 551 360 610 hac
406 567 589 609 causa
631 555 768 604 uter
813 547 1120 607 valentior
1170 557 1359 621 esset,
1413 557 1600 628 poeta
1657 566 1737 607 an
1790 544 2035 623 geogra-

246 631 424 730 phus.
527 644 732 719 Quid?
793 647 847 704 si
902 655 1256 705 nostrorum
1310 656 1633 727 poetarum
1679 648 1902 727 aliquis
1947 646 2037 705 fa-

246 749 430 808 bulae
471 755 900 824 argumentum
945 764 1021 805 ex
1063 758 1276 806 vetere
1315 745 1668 808 Germania
1690 756 1934 828 repetat
1977 757 2039 804 et

246 848 323 907 ab
367 848 478 907 illo
523 848 772 906 heroico
818 864 996 919 aevo,
1042 845 1210 925 quod
1253 864 1292 906 a
1324 855 1536 906 nostra
1569 849 1873 907 memoria
1910 865 2037 906 non

243 945 485 1023 longius
551 947 727 1006 abest
786 965 971 1025 quam
1036 945 1253 1006 Minoa
1318 947 1524 1007 secula
1582 946 1660 1007 ab
1716 945 2038 1026 Euripidis

245 1057 477 1120 aetate,
531 1066 682 1107 num
726 1066 868 1106 eum
915 1064 1129 1106 omnes
1184 1048 1675 1129 geographorum
1732 1055 1796 1107 et
1847 1046 2038 1106 histo-

242 1149 512 1207 ricorum
579 1147 771 1207 libros
841 1164 1200 1226 peragrasse
1268 1148 1547 1229 oportet,
1616 1167 1695 1208 ne
1752 1165 1875 1228 quo
1932 1153 2040 1205 aut

244 1259 595 1328 temporum
639 1257 748 1307 aut
788 1247 1068 1306 locorum
1114 1265 1320 1307 errore
1363 1248 1651 1309 labatur?
1697 1256 1806 1307 aut
1849 1249 1903 1307 si
1945 1266 2037 1305 re-

243 1349 492 1425 ligionis
550 1348 918 1407 christianae
963 1346 1043 1406 ad
1086 1346 1382 1409 barbaros
1427 1347 1713 1408 Venedos
1756 1346 2039 1407 Aestios-

241 1467 323 1509 ve
379 1445 834 1507 traductionem
893 1465 1180 1506 enarrare
1235 1447 1354 1506 sibi
1409 1448 1836 1527 proposuerit,
1888 1465 2038 1506 num

242 1546 414 1607 aliud
460 1545 797 1627 quidquam
842 1545 962 1605 sibi
1016 1545 1360 1608 videndum
1418 1547 1665 1628 putabit
1721 1564 1903 1627 quam
1959 1564 2038 1605 ne

240 1647 426 1708 rebus
470 1649 666 1721 notiS‚
720 1647 994 1720 testatis,
1049 1647 1394 1707 illustribus
1438 1656 1770 1729 repugnet,
1813 1664 2034 1727 parum

242 1749 544 1808 sollicitus
589 1746 741 1827 quid
784 1748 1215 1810 Svantewitus
1259 1749 1481 1828 aliquis
1527 1758 1635 1808 aut
1679 1745 1886 1807 Crodo
1931 1757 2040 1806 aut

239 1847 622 1927 Radegastus
679 1847 849 1927 apud
906 1848 1179 1925 singulos
1237 1845 1546 1908 valuerit?
1653 1847 1792 1921 Qua
1847 1849 1912 1906 in
1970 1867 2036 1905 re

240 1948 410 2009 haud
471 1949 596 2008 scio
659 1966 737 2007 an
806 1957 1089 2009 veterum
1149 1956 1477 2028 poetarum
1534 1949 1784 2008 licentia
1838 1949 2035 2008 multo

239 2051 439 2126 major
510 2049 700 2108 fuerit
765 2066 952 2127 quam
1021 2057 1403 2121 nostrorum,
1470 2050 1574 2127 qui
1643 2058 1704 2107 et
1757 2050 1881 2130 ipsi
1941 2048 2036 2106 his

222 2149 424 2209 rebus
469 2166 663 2227 usque
708 2166 747 2206 a
788 2148 992 2228 prima
1033 2143 1309 2226 pueritia
1339 2147 1567 2207 eruditi
1602 2157 1765 2221 sunt,
1811 2158 1873 2206 et
1901 2166 2037 2232 cens

239 2269 411 2311 sores
452 2249 685 2309 habent
730 2247 1115 2307 eruditiores.
1196 2248 1283 2308 At
1328 2246 1511 2308 Creta
1559 2249 1698 2328 ipsa
1741 2247 2037 2325 Phrygio-

237 2370 380 2411 rum
424 2368 740 2410 sacrorum
785 2350 1058 2430 plurima
1099 2349 1359 2429 praebet
1402 2357 1779 2427 argumenta.
1868 2344 2038 2408 Cedo

238 2451 389 2511 ista!
458 2451 734 2510 Primum
794 2451 1164 2529 Pragmatici
1215 2450 1340 2522 illi,
1413 2452 1517 2529 qui
1567 2449 1835 2508 ‘deorum
1895 2445 2037 2507 Cre-

240 2551 509 2611 tensium
551 2568 650 2609 res
692 2559 895 2628 gestas
945 2570 979 2609 e
1022 2550 1200 2609 fastis
1244 2550 1672 2609 Euemerianis
1729 2558 2036 2621 enarrant,
2099 2538 2106 2547 ’

238 2652 402 2710 inter
458 2651 584 2710 alia
641 2651 953 2731 opinionis
1008 2669 1158 2710 suae
1214 2651 1601 2710 firmamenta
1671 2651 1860 2709 etiam
1917 2649 2036 2708 hoc

238 2760 567 2832 promunt,
635 2750 888 2811 Titanes
953 2753 1021 2812 in
1088 2771 1233 2831 agro
1295 2753 1669 2812 Gnosiorum
1724 2740 2059 2810 habitasse

241 2857 431 2936 οὕπερ
478 2854 567 2915 ἔτι
620 2853 726 2915 καὶ
785 2860 907 2917 νῦν
962 2853 1280 2918 δείκνυται
1339 2855 1596 2936 θεμέλια
1645 2852 1813 2921 Ῥέας
1868 2847 2036 2913 0226--

241 2953 402 3016 πεὸα
444 2951 633 3012 Diod.
679 2952 752 3012 V.
798 2953 1043 3033 66.[1’1‘].
1135 2955 1234 3014 De
1277 2956 1394 3015 hoc
1440 2970 1651 3013 omnes
1693 2949 1850 3012 mihi
1894 2940 2038 3011 conss

364 3150 444 3207 [P]
493 3150 648 3193 Hoeck
678 3151 819 3194 Kreta
848 3151 885 3193 I.
915 3149 1015 3196 233.

362 3250 461 3308 [PP]
511 3251 729 3295 Eusebius
770 3253 930 3295 Chron.
970 3254 1023 3297 L.
1067 3254 1188 3296 Post.
1230 3252 1346 3296 LVI.
1389 3268 1428 3310 p.
1466 3251 1536 3294 59.
1608 3251 1762 3308 Apud
1808 3250 2028 3292 Cretam

245 3311 516 3368 regnavit
567 3311 777 3368 primus
833 3311 971 3354 Cres
1016 3313 1283 3369 indigena
1331 3337 1386 3344 —
1457 3325 1612 3366 quem
1661 3311 1821 3366 ajunt
1874 3320 2025 3350 uuum

244 3370 567 3413 Curetarum
599 3370 807 3421 fuisse,
851 3386 877 3413 a
920 3371 1120 3426 quibus
1164 3372 1396 3429 Jupiter
1440 3369 1814 3413 absconditus
1855 3370 1936 3408 est
1977 3370 2030 3407 et
