2150 3814
799 230 1250 280 onrnleA.
1754 217 1918 279 1037

130 391 272 453 gam
326 390 438 432 seu
492 382 841 434 crumenam
897 361 980 426 ad
1035 360 1400 450 symbolam.
1424 359 1711 423 dandam
1753 382 1911 425 sem->

132 494 246 556 per
285 479 610 553 promtam
636 475 699 526 et
736 471 1016 546 apertam
1051 461 1348 523 haberent
1370 451 1483 543 [4⁷]
1537 461 1920 546 Τριβαλλους

135 569 535 634 Grammatici
597 568 1081 646 interpretantur
1149 563 1295 634 τοὺς
1366 567 1772 634 θωπευτικῶς
1838 567 1923 628 ’ἐν

133 680 281 743 τοῖς
324 666 679 752 βαλανείοις
745 665 1186 748 διατρίβοντας
1245 664 1351 727 καὶ
1407 664 1506 727 ἐπὶ
1557 664 1636 728 τὰ
1695 664 1919 728 δεῖπνα

133 770 392 840 ἑαυτοὺς
434 776 797 838 καλοῦντας.
883 763 1187 846 Equidem
1231 763 1538 838 arbitror,
1570 766 1730 825 sicut
1772 765 1923 825 olim

132 872 412 931 homines
456 878 716 940 taetros,
759 869 1167 947 importunoS,
1212 864 1588 924 truculentos
1631 864 1925 926 Pandu-

132 991 261 1032 ros
323 970 524 1030 dicere
580 969 863 1029 solebant
933 975 996 1025 et
1052 965 1382 1036 TurcaS,
1439 964 1724 1024 similiter
1779 966 1922 1026 illos

134 1071 440 1131 feroculos
497 1077 755 1149 propter
823 1083 1026 1125 mores
1087 1072 1294 1126 vastos
1359 1072 1422 1121 et
1476 1063 1826 1124 inconditos
1885 1085 1925 1124 a

137 1171 425 1232 Triballis
481 1168 910 1227 denominatos
967 1181 1135 1236 esse,
1193 1171 1372 1241 gente
1414 1161 1753 1237 serissima,
1815 1165 1926 1235 οὓς

135 1269 358 1339 πάντες
420 1267 618 1351 φασὶν
677 1261 1018 1329 ἀπολλύναι
1073 1264 1149 1326 οὗ
1205 1261 1408 1345 μόνον
1461 1262 1608 1333 τοὺς
1642 1261 1924 1347 ’ὁμόρους

135 1371 243 1434 καὶ
296 1368 441 1442 τοὺς
485 1365 745 1447 πλησίον
787 1370 1114 1434 οἰκοῦντας
1159 1364 1317 1427 ἀλλὰ
1360 1363 1655 1449 καὶτοὺς
1701 1367 1924 1435 ἄλλους

134 1472 303 1535 ὅσων
360 1468 444 1532 ἄν
499 1468 824 1550 ἐφικέσθαι
874 1462 1193 1528 δύνωνται
1233 1464 1418 1524 Isocr.
1462 1455 1684 1542 Paneg.
1729 1485 1776 1524 c.
1822 1465 1925 1525 89.

118 1571 282 1631 480.
326 1569 536 1648 Neque
581 1552 758 1634 aliter
802 1565 1048 1625 obsceni
1095 1563 1244 1624 dicti
1287 1573 1431 1623 sunt
1476 1563 1735 1644 Opici,
1802 1575 1929 1625 tur-

138 1687 249 1750 pes
307 1677 370 1727 et
422 1684 678 1728 voraces
720 1665 1183 1737 Ambrones,
1242 1666 1348 1743 qui
1389 1665 1714 1724 latrocinia
1757 1685 1928 1725 exer-

141 1778 278 1830 cent
358 1766 684 1840 Cimbri,
766 1765 1212 1842 BriganteS,
1303 1763 1774 1824 Martolossi
1816 1763 1930 1846 [48].

142 1868 269 1930 Sed
324 1869 474 1927 haec
526 1867 782 1929 leviora.
883 1862 1049 1924 Num
1103 1880 1254 1923 vero
1300 1863 1507 1927 Sicula
1532 1862 1828 1942 ⁴Cotyttia
1872 1867 1932 1926 ei

142 1969 328 2043 deae,
389 1985 573 2049 quam
614 1964 875 2046 Eupolis
919 1962 1226 2037 traduxit,
1286 1974 1637 2025 consecrata
1678 1965 1929 2041 fuerint,

144 2174 264 2211 totus
293 2167 368 2209 ille
397 2167 553 2210 nobilis
584 2165 837 2221 Cynismus,
876 2167 1056 2221 propter
1096 2177 1221 2219 quem
1253 2162 1437 2205 Coraius
1479 2164 1535 2205 ad
1573 2164 1710 2207 Isocr.
1747 2180 1790 2223 p.
1832 2164 1930 2208 114.

145 2226 428 2269 Athenienses
455 2224 777 2267 Lazzaronibus
806 2222 1062 2278 aequiparat
1093 2227 1266 2264 caetera
1297 2221 1601 2265 dissimillimis.

266 2312 357 2370 [⁴⁷]
390 2310 690 2355 Demosthenis
718 2310 814 2352 loco
844 2309 1000 2351 Pollux
1029 2308 1083 2351 X.
1114 2308 1185 2350 62.
1226 2307 1317 2363 (cf.
1348 2308 1534 2364 Bentlej.
1574 2308 1691 2366 Epp.
1731 2323 1775 2366 p.
1806 2309 1930 2365 299.)

147 2371 326 2416 adhibet
353 2371 610 2428 Antiphanis
635 2369 896 2425 exemplum:
959 2365 1187 2426 Χλαμύδα
1219 2369 1294 2409 καὶ
1324 2364 1493 2425 λόγχην
1523 2369 1665 2424 ἔχων,
1699 2365 1928 2412 ἀσυνακό-

148 2435 338 2485 λουθος,
392 2429 544 2487 ξηρὸς,
597 2424 922 2482 αὐτολήκυθος,
975 2426 1088 2468 unde
1129 2421 1496 2475 ἂσυνακόλουθος
1542 2427 1702 2483 (quem
1747 2426 1930 2469 Romani

147 2488 495 2544 irncomitem)
534 2486 710 2529 Lexicis
739 2484 994 2528 addendum.
1055 2483 1216 2527 Catull.
1246 2483 1404 2526 XXIV.
1446 2485 1549 2528 isti
1591 2484 1722 2542 quoi
1760 2499 1932 2542 neque

149 2561 345 2590 servus
382 2560 562 2603 neque
602 2558 744 2587 arca.
813 2542 1009 2586 Lucilius
1048 2542 1124 2584 VI.
1165 2557 1208 2599 p.
1236 2540 1308 2585 38.
1357 2543 1446 2586 cui
1485 2558 1586 2586 nec
1621 2545 1930 2600 jumentum

150 2613 234 2650 est
271 2619 371 2648 nec
414 2618 614 2648 servus
656 2617 755 2646 nec
798 2616 984 2646 comes
1023 2601 1203 2653 ulluS‚
1248 2600 1387 2657 qualis
1423 2597 1616 2651 ἄδουλος
1645 2602 1806 2646 dicitur
1846 2605 1930 2646 Ar-

155 2665 264 2708 rian.
292 2664 439 2722 Epict.
468 2663 550 2706 III.
584 2661 652 2705 22.
683 2659 783 2705 455.
843 2661 1043 2717 Scaliger
1082 2660 1137 2702 ad
1176 2660 1306 2702 Varr.
1344 2675 1387 2717 p.
1430 2659 1527 2703 149.
1566 2687 1625 2694 —
1683 2661 1931 2704 Plautinum

149 2724 302 2767 Tute
337 2723 624 2780 tibi-puer
662 2734 743 2773 es,
783 2719 974 2763 lautus
1015 2719 1178 2762 luces
1216 2732 1435 2761 cereum
1471 2719 1718 2772 illustrans,
1762 2720 1931 2772 „simile

149 2787 270 2838 „est‚
303 2781 468 2839 inquit,
519 2793 760 2838 quanquam
803 2793 887 2821 non
925 2779 1036 2822 idem
1077 2774 1405 2832 αὐτολήκυθος,
1451 2778 1513 2819 sic
1553 2778 1738 2820 Graecis
1778 2779 1929 2823 eodem

150 2841 303 2894 „modo
334 2835 674 2894 αὐτοκάβδαλοι,
706 2834 1013 2893 αὐτόδειπνοι,
1046 2831 1466 2891 αὐτοβαλανεὺειν.“
1527 2837 1796 2880 Postremum
1825 2851 1925 2880 ver-

152 2899 252 2943 bum
278 2913 432 2943 vereor
458 2912 513 2942 ne
541 2913 598 2942 ex
624 2895 835 2953 Hesychii
862 2896 1008 2952 glossa
1029 2895 1235 2954 Ἐμαυτῷ
1262 2889 1524 2949 βαλανεύσω
1558 2896 1756 2938 traxerit.

275 2984 366 3043 [⁴⁸]
405 2985 602 3029 Turbam
629 2984 758 3028 vilem
788 2982 950 3026 Graeci
986 2982 1265 3040 appellabant
1306 2981 1616 3037 Gergithes
1655 2987 1702 3026 et
1743 2981 1935 3025 Calli-

159 3042 735 3146 ογῐὶρῖἐηιιοὲὶεῖτῖιέἰ
769 3046 821 3111 ,εἰ
861 3042 1094 3143 Ptgetllji’·
1119 3046 1312 3140 veteium
1352 3039 1812 3152 Sgtegitfflsnossnaxffi
1849 3055 1932 3114 nec

190 3114 290 3144 rocu
410 3116 434 3144 c
558 3117 614 3146 an
718 3114 881 3145 anman
928 3115 949 3142 s
1028 3114 1167 3142 uc1an.
1256 3114 1322 3141 ex.
1396 3130 1406 3140 .
1477 3129 1489 3142 .
1617 3133 1628 3144 .
1720 3132 1731 3142 .
1813 3132 1825 3143 .

228 3157 522 3219 ολουσώμεθα
551 3157 742 3205 κατόπιν
769 3162 860 3203 τῶν
886 3155 1190 3218 Καριμάντων
1217 3156 1332 3215 μετὰ
1363 3159 1442 3201 τοῦ
1470 3152 1718 3219 σύρφακος.
1778 3116 1931 3215 Hesss

162 3217 283 3260 chius
311 3222 426 3277 Γαρί
458 3233 586 3270 αντες
609 3219 922 3277 interpretatur
947 3219 1158 3261 barbaros
1188 3223 1232 3258 et
1261 3216 1408 3259 eodem
1437 3217 1561 3274 modo
1588 3216 1737 3274 Etym.
1781 3217 1844 3260 M.
1885 3222 1932 3261 et

164 3275 326 3319 Aneed.
355 3276 419 3320 Be
449 3278 492 3320 k.
530 3293 572 3335 p.
603 3277 731 3322 1198.
769 3273 1003 3334 Κάρβανες
1041 3273 1272 3335 βάρβαροι.
1333 3274 1587 3319 Eustathius
1625 3291 1671 3333 p.
1710 3275 1811 3320 868.
1854 3289 1932 3318 no-

164 3349 257 3377 men
286 3329 499 3392 κάρβανοι
526 3350 554 3379 a
582 3336 770 3380 Caribus
797 3336 1021 3387 barbaris,
1063 3335 1172 3377 unde
1203 3335 1403 3393 καρίζειν
1444 3332 1494 3380 τὸ
1530 3336 1813 3395 βαρβαρίζειν
1854 3348 1931 3378 na-

163 3400 252 3436 tum
282 3392 442 3445 credit,
481 3395 635 3450 quibus
663 3400 891 3452 cognatum
919 3397 1141 3453 Καρίμας.
