2184 3840
831 193 1286 237 ORPHICA.
1826 180 1951 243 825

171 330 446 404 ἐπόπται.
496 328 614 388 ubi'
644 322 952 386 nefandae
997 319 1237 382 Cereris
1280 320 1570 382 libidines
1614 324 1954 401 significan-

171 440 270 488 tur
313 429 390 488 ab
407 459 409 462 ·
433 428 545 486 illo
590 424 844 487 exordio
892 425 976 494 ὣς
1010 429 1294 493 εἰποῦσα
1321 424 1443 485 θεὰ
1485 423 1697 494 δοιοὺς
1732 426 1957 489 ἄνεσύ-
1984 408 1987 411 Δ

170 554 320 607 paro
375 526 613 610 μηρούς
652 525 959 586 inductae.
1045 521 1302 584 Nonnus
1346 523 1578 604 Expos,
1622 525 1687 583 in
1730 525 1959 587 Inveet.

169 629 213 687 Ι.
281 649 329 689 c.
384 628 487 687 74.
549 647 611 708 p.
669 624 812 686 518.
891 621 1284 685 Carminis
1345 621 1382 681 d
1403 643 1437 682 e
1495 621 1782 685 Cerere
1836 626 1959 687 hic

169 737 290 787 est
363 746 673 801 sensus,
754 725 979 787 deam
1059 723 1378 784 sublato
1456 732 1803 806 corpore
1849 727 1956 787 fe·-

168 847 232 902 m
250 847 383 888 ora
438 847 521 888 su
539 847 576 888 a
633 827 1035 905 detexisse
1093 845 1131 884 u
1150 834 1177 882 t
1230 826 1559 886 amasiis
1607 830 1960 907 corporis

169 930 291 988 sui
358 931 663 1010 copiam
730 927 1044 988 faceret.
1158 923 1210 997 Q
1228 924 1355 984 uib
1374 943 1454 983 us
1512 927 1777 987 verbis
1834 929 1960 989 Or-

167 1029 413 1110 pheus
483 1026 798 1089 Cereris
863 1027 1023 1087 ⁴vim
1097 1034 1171 1083 et
1225 1025 1298 1084 fa
1317 1024 1697 1087 cultatem
1755 1029 1857 1087 iis
1924 1049 1963 1089 a

170 1130 448 1209 quibus
505 1147 644 1208 exp
661 1127 908 1188 e-titur
959 1127 1039 1187 in
1096 1133 1408 1206 promtu
1469 1144 1643 1186 esse
1698 1129 1964 1189 innuit

167 1248 325 1289 eam
344 1247 489 1310 que
556 1236 916 1309 paratam
975 1225 1068 1287 ad
1121 1244 1292 1287 sese
1348 1226 1549 1307 ipsis
1608 1226 1964 1305 dandam,

166 1349 251 1389 eo
265 1349 296 1390 s
311 1349 401 1410 qu
420 1349 454 1388 e
498 1348 586 1388 ex
599 1329 782 1411 plen
801 1327 839 1386 d
855 1346 939 1388 os
955 1322 1051 1408 Π,
1096 1325 1263 1387 unde
1307 1327 1639 1395 manifesto
1684 1341 1964 1413 apparet,

165 1432 326 1492 hune
366 1450 618 1492 versum
660 1447 786 1490 non
831 1428 911 1489 de
953 1427 1168 1489 Baubo
1183 1471 1200 1500 ,
1236 1436 1317 1488 ut
1360 1425 1706 1492 Clavierius
1753 1434 1967 1513 opina-

167 1544 267 1602 tur
281 1576 298 1607 ,
368 1530 480 1593 sed
537 1530 618 1592 de
672 1528 897 1590 Cerere
951 1531 1251 1609 seriptum
1307 1547 1509 1611 neque
1568 1550 1607 1590 a
1664 1532 1965 1611 Gregorio

169 1631 209 1692 d
222 1653 257 1691 e
271 1633 306 1692 f
308 1635 332 1692 i
347 1653 383 1712 g
394 1651 436 1692 u
449 1652 481 1691 r
493 1651 531 1691 a
542 1642 569 1691 t
583 1651 623 1690 u
637 1650 701 1691 m
745 1630 856 1691 sed
900 1632 1136 1690 sincere
1177 1629 1492 1690 redditum
1537 1649 1689 1692 esse.
1775 1633 1968 1716 Apud

167 1735 322 1794 alios
366 1733 539 1792 nulla
579 1733 762 1809 hujus
796 1730 1047 1791 fabulae
1081 1731 1343 1808 vestigia
1376 1732 1600 1810 reperi,
1644 1734 1767 1793 nisi
1800 1735 1970 1814 quod

165 1836 232 1894 in
286 1832 738 1894 obscurissimo
778 1829 1174 1909 Hymnorum
1234 1831 1372 1890 loco
1395 1827 1471 1914 [k]
1531 1823 1771 1893 Cereris
1803 1853 1968 1895 eum

167 1953 292 1996 uno
346 1935 664 2015 hospitum
719 1950 976 1992 suorum
1020 1930 1396 2008 concubitus⁴
1422 1933 1754 2011 significari
1795 1934 1970 1996 vide-

169 2046 293 2098 tur.»
385 2034 630 2095 Fabula
682 2034 828 2115 ipsa
846 2081 848 2085 .
878 2034 1229 2112 excogitata
1273 2043 1367 2092 est
1411 2031 1494 2093 ad
1538 2035 1970 2117 explicandam

170 2136 577 2196 obscenorum
632 2135 922 2213 jocorum
978 2151 1225 2194 causam
1236 2174 1262 2206 ,
1279 2186 1284 2190 .
1305 2133 1529 2214 quibus
1571 2137 1868 2197 mulieres
1893 2139 1970 2198 in

172 2235 682 2317 Thesmophoriis
727 2283 729 2285 r
746 2234 1007 2313 aliisque
1075 2235 1173 2293 sui
1226 2251 1410 2294 sexus
1465 2235 1847 2297 solemnibus
1904 2257 1972 2299 se

171 2339 439 2403 invicem
494 2334 811 2404 ludificare
864 2332 1154 2394 solebant
1167 2377 1184 2406 ‚
1215 2369 1218 2373 ·
1238 2333 1529 2394 dicteriis
1585 2346 1647 2395 et
1702 2339 1970 2398 scurrili-

169 2438 288 2500 bus
330 2435 604 2515 gestibus
649 2442 1084 2494 concertantes
1153 2433 1255 2493 De
1296 2431 1750 2518 Aegyptiorum
1794 2457 1972 2520 pom-

290 2590 331 2652 [ἱ
340 2587 357 2651 ]
389 2592 528 2636 Parili
558 2569 802 2653 sagacitate
842 2591 979 2635 nostri
1009 2591 1248 2648 Symbolici
1277 2591 1457 2635 Baubus
1486 2592 1775 2651 foedissimum
1806 2597 1970 2641 factum

170 2655 539 2710 interpretantur,
581 2653 687 2706 sed,
729 2653 844 2710 quod
875 2666 969 2696 cum
999 2652 1114 2695 bona
1144 2665 1292 2695 eorum
1322 2666 1431 2708 pace
1462 2651 1658 2706 dixerim,
1691 2655 1746 2697 ad
1775 2655 1969 2720 intimum

171 2713 348 2756 fabulae
390 2725 558 2754 sensum
596 2726 682 2754 non
719 2717 963 2769 penetrant.
1023 2710 1205 2753 Baubus
1236 2711 1348 2753 enim
1378 2710 1589 2754 revelatio
1620 2711 1820 2756 Naturae
1850 2716 1885 2757 A
1892 2731 1970 2772 po

171 2772 362 2828 calypsis
402 2778 494 2828 est,
550 2770 903 2827 vulgaribus
946 2770 1225 2813 hominum
1267 2784 1366 2812 sen
1383 2770 1542 2812 sibus
1585 2771 1804 2815 intelle
1822 2779 1967 2818 ctum

170 2831 260 2873 sui
297 2831 466 2875 vario
510 2843 709 2875 rerum
742 2830 992 2886 tegmine
1033 2843 1099 2884 op
1115 2829 1517 2885 erinnentoque
1559 2844 1581 2870 s
1597 2830 1969 2876 ubtrahentis

171 2889 741 2960 (Macrob.Sqmn.1.2)
783 2889 899 2932 sicut
917 2887 1024 2958 ipsa
1055 2888 1110 2930 de
1139 2903 1186 2930 se
1216 2889 1379 2931 effatur
1407 2888 1451 2930 in
1461 2887 1797 2960 antiquissima
1813 2891 1968 2935 inscri-
1983 2906 1989 2917 ·

170 2949 321 3021 ptione
376 2946 445 2993 Τὰ
486 2943 596 2992 ὄντα
637 2949 716 2992 καὶ
749 2945 812 2991 ,τὰ
843 2944 1060 3020 ἐσόμενα
1090 2949 1168 2989 καὶ
1210 2945 1265 2990 τὰ
1306 2943 1529 3005 γεγονότα
1569 2944 1660 3005 ἐγώ
1703 2951 1822 3018 εἰμι·
1866 2966 1891 2994 τ
1902 2967 1925 2994 0
1944 2966 1970 2994 ν

171 3005 272 3066 ἐμὸ
289 3022 317 3050 ν
349 3023 385 3065 χ
401 3009 587 3050 aava
629 3023 654 3052 o
669 3005 830 3056 ὐδεὶς
871 3005 976 3050 ἀπε
993 3002 1098 3050 κάλ
1114 3013 1219 3061 owe
1238 3019 1285 3049 ν·
1330 3006 1406 3049 sed
1446 3006 1667 3050 revelatur
1706 2999 1893 3059 initiatis
1923 3016 1969 3054 et

172 3066 379 3123 mysteria
406 3080 487 3109 sua
516 3066 641 3122 quasi
674 3066 984 3109 contrectanda
1015 3066 1211 3123 praebet.

291 3137 354 3197 [k]
386 3138 444 3182 H.
475 3138 593 3182 XLI.
622 3140 667 3182 in
696 3138 882 3183 Matrem
912 3140 1124 3183 Antaeam

427 3193 663 3253 Εὔβουλον
693 3201 856 3250 τέξασα
885 3195 999 3243 θεὸν
1029 3201 1195 3253 θνητῆς
1226 3194 1297 3240 ὑπ
1332 3193 1531 3254 ἀνάγκης

178 3256 250 3298 ubi
278 3256 314 3297 si
344 3254 434 3300 θεά
464 3259 706 3309 scribatur,
739 3258 924 3314 intelligi
948 3258 1113 3314 poterit
1143 3258 1258 3298 filius
1291 3255 1463 3298 Cereris
1492 3260 1671 3313 ignotus
1703 3273 1728 3299 e
1758 3258 1967 3315 Dysaulis

177 3315 406 3358 concubitu
446 3318 723 3374 progenitus
776 3331 900 3374 quem
943 3317 1214 3361 Hermannus
1259 3313 1483 3371 praeclara
1527 3317 1824 3361 emendatione
1864 3318 1965 3360 huic

178 3375 271 3416 loco
304 3374 507 3417 restituit.
