2150 3814
422 975 1706 1071 rnoonlu'lnlu.

756 1223 1344 1233 wan-ww„

165 1379 320 1492 Ad
363 1433 837 1496 Samothracum
882 1444 1366 1513 transgressurus
1408 1437 1708 1512 mysteria
1739 1433 1954 1495 inclita

164 1530 275 1592 diu
340 1553 582 1595 mecum
597 1579 615 1610 ‚
678 1553 970 1616 quorsum
1039 1544 1497 1615 praeverterem
1511 1580 1529 1610 ,
1596 1535 1952 1597 deliberavi.

164 1633 584 1713 Intelligebam
640 1638 832 1711 enim,
887 1638 943 1696 si
998 1637 1388 1716 antiquorum
1443 1637 1813 1696 testimoniis
1856 1654 1955 1695 ac-

166 1734 570 1812 quiescerem,
626 1755 828 1817 pauca
881 1756 982 1796 me
1038 1736 1242 1796 dicere
1283 1754 1470 1816 posse
1511 1755 1625 1796 nec
1668 1738 1818 1796 satis
1861 1736 1956 1795 fa-

165 1841 337 1894 ctura
390 1834 722 1913 legentium
766 1835 1117 1912 desideriis3
1178 1839 1235 1897 si
1277 1835 1602 1896 doctorum
1647 1837 1955 1915 conjectu-

161 1951 264 1993 ras
329 1935 560 1996 referre
624 1955 909 2011 conarer,
978 1938 1218 1998 nullum
1283 1937 1468 1996 facile
1533 1938 1717 1997 finem
1786 1937 1953 2013 fore3

160 2043 305 2094 sunt
346 2037 510 2096 enim
552 2037 1032 2098 innumerabiles
1068 2039 1200 2099 fere
1239 2046 1302 2097 et
1323 2039 1600 2098 infinitae
1626 2056 1742 2097 suo
1769 2056 1953 2118 quae-

160 2154 279 2214 que
346 2140 583 2198 auctori
650 2139 897 2219 placita.
993 2137 1120 2198 Sed
1184 2139 1358 2219 prius
1425 2136 1507 2197 ad
1577 2139 1952 2215 agnitionem

162 2234 478 2298 doctrinae
506 2241 809 2315 mysticae
834 2236 1357 2299 accommodatius
1381 2239 1611 2312 visum,
1657 2240 1950 2318 quoniam

160 2336 266 2414 qui
310 2336 459 2396 olim
504 2336 583 2396 de
627 2332 866 2399 Cabiris
910 2340 1314 2420 scripserunt,
1369 2339 1551 2420 plura
1592 2339 1842 2398 illorum
1889 2348 1953 2398 et

159 2437 445 2512 graviora
485 2441 924 2517 praetergressi
968 2449 1140 2512 sunt,
1201 2441 1307 2519 qui
1348 2449 1571 2525 postea
1587 2481 1605 2512 ,
1649 2439 1948 2520 interpre-

158 2534 351 2595 tando
408 2539 620 2598 omnia
673 2538 1028 2599 obscuriora
1080 2539 1295 2600 fecere.
1379 2538 1510 2600 Nos
1555 2548 1764 2599 autem
1805 2557 1952 2620 pro-

159 2633 453 2697 ducendis
495 2639 748 2717 singulis
793 2659 870 2699 ex
913 2638 1131 2701 ordine
1173 2640 1431 2701 testibus
1465 2642 1793 2721 unicuique
1822 2647 1951 2700 stu-

162 2734 482 2799 diosorum
517 2742 759 2821 copiam
785 2740 1081 2802 faciemus
1110 2741 1512 2822 computandi
1539 2740 1689 2821 quid
1715 2760 1753 2800 a
1776 2750 1948 2803 vete-

158 2835 327 2899 ribus
370 2842 694 2921 perspicue
738 2841 1066 2917 traditum,
1109 2841 1259 2923 quid
1302 2861 1340 2902 a
1381 2841 1824 2902 recentioribus
1860 2851 1946 2901 te-

158 2955 327 2996 mere
379 2940 682 3003 creditum
736 2944 834 3003 sit.
930 2943 1022 3004 Ac
1065 2944 1121 3003 si
1164 2945 1263 3003 cui
1306 2944 1601 3004 miserum
1646 2952 1707 3003 et
1750 2942 1947 3022 inglu-3

160 3037 321 3098 rium
376 3040 662 3103 videatur
715 3063 848 3104 rem
905 3043 1013 3105 diu
1070 3045 1453 3125 multumque
1509 3046 1806 3124 agitatam
1849 3062 1946 3102 re-

161 3139 478 3202 tractando
513 3144 708 3205 nihilo
746 3145 1194 3228 expeditiorem
1227 3146 1359 3205 fieri
1392 3143 1501 3205 sed
1532 3146 1742 3227 potius
1781 3153 1947 3206 certa

161 3255 316 3318 quae
358 3240 630 3320 fuerant,
673 3265 748 3306 ea
788 3249 1023 3309 incerta
1065 3247 1243 3309 reddi
1260 3292 1277 3320 ,
1323 3244 1608 3327 equidem
1649 3245 1819 3308 haud
1850 3247 1945 3306 in-

163 3337 403 3417 telligo,
468 3361 573 3405 cur
642 3347 1002 3428 Mythologo
1072 3351 1212 3430 plus
1269 3347 1804 3410 verecundandum
1860 3347 1951 3405 sit
