2150 3814
215 182 379 242 lllo
795 197 1036 242 121131311
1080 195 1449 251 ruamus,

210 345 395 407 quam
442 327 893 401 Grammatico,
952 331 1048 387 cui
1093 330 1299 407 aliqua
1341 328 1667 389 nescienda
1710 347 1841 389 esse
1886 352 1990 392 ve-

208 438 306 487 tus
366 426 549 486 edicit
603 426 1019 506 proverbium.
1119 426 1276 487 Nam
1332 448 1518 508 quum
1575 431 1640 487 in
1685 433 1853 489 omni
1896 451 1992 508 ge-

207 546 352 586 nere
397 536 458 585 et
501 527 799 586 varietate
845 525 1159 585 doctrinae
1203 530 1580 608 antiquariae
1623 530 1818 589 multa
1851 532 1993 603 sint,

199 626 364 706 ‘quae
420 628 486 683 in
544 635 860 685 aeternum
915 626 1388 704 ignorabuntur,
1443 641 1575 690 tum
1619 630 1768 690 haec
1810 648 1994 709 quae-

208 729 326 787 stio
373 724 451 784 de
498 722 735 785 Cabiris
781 744 1114 806 eorumque
1156 726 1472 788 sodalibus
1516 728 1719 790 Idaeis
1763 729 1995 806 Dacty-

207 828 317 900 lis,
386 823 745 899 CuretibuS,
814 823 1301 904 CorybantibuS,
1370 845 1495 886 non
1560 827 1740 888 nobis
1795 830 1996 888 solum

205 924 655 1005 inexplicabilis
711 925 826 1011 'sed
851 940 857 943 “
881 927 1195 988 veteribus
1254 945 1495 1009 quoque
1550 947 1769 1007 parum
1814 947 1997 1007 expe-

208 1024 340 1085 dita
382 1025 531 1098 fuit,
575 1026 643 1086 id
688 1026 855 1109 quod
898 1044 1142 1087 summa
1184 1027 1626 1088 sententiarum
1671 1026 1998 1087 diversitas

209 1136 393 1206 atque
478 1125 634 1185 adeo
717 1130 1127 1207 repugnantia
1204 1126 1476 1187 ostendit
1558 1126 1999 1209 Strabonisque

204 1227 402 1306 ipsius
447 1226 782 1300 confessio,
826 1229 932 1307 qui
973 1227 1133 1287 forte
1176 1226 1441 1307 quadam
1484 1229 1551 1286 in
1591 1228 1752 1287 hunc
1794 1228 1999 1287 locum

206 1323 527 1404 delapsuS,
585 1346 774 1406 quum
832 1329 1035 1388 varias
1092 1328 1416 1387 hominum
1476 1326 1799 1388 doctorum
1856 1346 1996 1387 con-

199 1425 471 1502 jecturas
504 1436 1069 1499 commemorasset,
1103 1434 1423 1507 postremo
1459 1429 1668 1486 omnia
1699 1445 2000 1509 suspensa

205 1524 500 1605 relinquit
514 1569 532 1599 ‚
599 1525 870 1607 τοσαύτη
940 1527 1109 1590 ἐστὶν
1179 1530 1247 1591 ἐν
1313 1532 1443 1596 τοῖς
1499 1525 1703 1613 λόγοις
1756 1526 1998 1598 τούτοις

207 1625 515 1700 ποικιλία,
558 1634 690 1691 τῶν
732 1627 851 1710 μὲν
892 1628 1040 1699 τοὺς
1084 1627 1314 1699 αὐτοὺς
1355 1632 1486 1698 τοῖς
1529 1634 1810 1711 Κουρῆσι
1850 1629 1998 1698 τοὺς

207 1725 624 1810 Κορύβαντας
666 1729 772 1791 καὶ
804 1729 1155 1812 Καβείρους
1197 1729 1304 1791 καὶ
1339 1727 1602 1799 Ἰδαίους
1635 1725 1998 1798 Δακτύλους

207 1828 315 1891 καὶ
363 1834 657 1909 Τελχῖνας
700 1828 1210 1913 ἀποφαινόντων,
1254 1836 1387 1892 τῶν
1428 1828 1498 1892 δὲ
1534 1834 1852 1915 συγγενεῖς
1885 1829 1996 1890 οἳ),ω

210 1927 412 2008 λήλων
479 1928 550 2008 L,
615 1929 694 1989 X.
760 1930 905 1990 466.
935 1931 1033 2011 [Ἴ.
1123 1928 1287 2002 Quin
1344 1930 1532 1988 etiam
1588 1930 2000 2008 reperiuntur,

209 2030 316 2108 qui
383 2047 583 2109 neque
648 2030 901 2090 eosdem
964 2048 1162 2110 neque
1217 2027 1426 2088 affines
1479 2028 1599 2088 sibi
1656 2027 1766 2087 sed
1819 2028 2003 2108 plane

211 2129 496 2192 diversos
544 2147 678 2189 esse
714 2129 1013 2208 judicent.
1102 2129 1318 2209 Itaque
1361 2129 1574 2188 relatis
1615 2143 1775 2208 quae
1819 2147 2003 2208 super

207 2233 305 2292 his
362 2232 700 2292 memoriae
752 2230 1004 2311 prodita
1056 2241 1234 2304 sunt,
1289 2229 1518 2311 pedem
1574 2247 1612 2288 a
1666 2229 1802 2288 loeo
1846 2228 2004 2287 sale·

207 2331 394 2392 broso
450 2332 816 2405 referemus,
881 2333 947 2390 in
991 2349 1114 2412 quo
1150 2333 1285 2410 jam
1329 2331 1471 2412 plus
1515 2331 1666 2390 satis
1712 2327 2003 2389 sudatum

212 2442 339 2505 est,
392 2451 764 2512 arenamque
816 2450 1076 2494 vacuam
1118 2432 1534 2511 relinquemus
1576 2432 1686 2503 iis,
1751 2431 1855 2509 qui
1899 2429 2004 2489 vel
2095 2507 2098 2509 -

211 2532 462 2592 Tiberio
506 2534 842 2613 quaerenti,
888 2531 1074 2611 quid
1119 2531 1438 2591 Sirenes
1482 2531 2002 2601 cantaverint,

209 2631 587 2714 respondere
642 2634 849 2713 parati
903 2635 1045 2693 sint.
1159 2632 1276 2691 Est
1329 2630 1664 2712 quaedam,
1719 2639 1791 2688 ut
1842 2628 2000 2689 Her-

210 2735 427 2794 manni
485 2733 693 2795 verbis
751 2741 919 2809 utar,
976 2735 1161 2794 etiam
1206 2731 1519 2792 nesciendi
1562 2749 1661 2791 ars
1705 2739 1769 2789 et
1809 2731 2002 2789 soien-

212 2835 334 2910 tia3
391 2852 536 2895 nam
592 2837 646 2895 si
700 2844 883 2916 turpe
927 2845 1022 2895 est
1063 2836 1296 2895 nescire
1338 2851 1493 2915 quae
1536 2839 1796 2912 possunt
1839 2829 2000 2903 seiri,

212 2952 339 2996 non
393 2936 601 2996 minus
654 2946 836 3017 tur-pe
893 2945 986 2997 est
1038 2937 1193 2996 scire
1249 2954 1314 2995 se
1369 2943 1617 3014 putare,
1662 2949 1817 3011 quae
1861 2930 2001 2990 sciri

218 3046 544 3116 nequeunt.
989 3018 993 3022 ⁴
1841 3052 1845 3055 ·

341 3205 418 3262 [a]
463 3206 561 3249 Hac
589 3207 633 3249 in
663 3213 788 3264 parte
819 3208 921 3252 libri
948 3208 1130 3267 paginas
1161 3205 1360 3251 editionis
1402 3203 1758 3247 Tzschuckianae
1799 3198 1999 3249 indicavi,

221 3263 277 3308 ad
308 3263 562 3317 volvendum
595 3262 829 3311 habilioris.
