2150 3814
760 197 1294 251 or-RPJMCA.
1555 204 1557 207 ·
1796 188 1957 248 1079

185 332 342 390 scuti
384 327 948 394 Romaniformam
993 325 1288 401 Polybius
1331 326 1430 384 VI.
1472 347 1520 385 c.
1566 323 1665 384 25.
1711 346 1956 408 comp&

179 441 278 489 rat
322 448 462 489 cum
506 426 804 496 ποπάνοις
842 427 1235 507 ὃμφαλωτοῖς
1277 434 1404 496 τοῖς
1447 427 1544 489 ἐπὶ
1584 426 1697 502 τὰς
1715 428 1953 497 ,θυσίας

180 530 635 611 ἐπιτιθεμένοις.
680 526 998 606 placentae
1029 525 1419 609 μεσόμφαλοι
1451 525 1672 585 Pollux
1698 524 1773 583 II.
1814 525 1952 589 169.

178 626 421 690 πόπανα
465 626 870 710 ὅρθόμφαλα,
915 624 1372 709 δωδεκόμφαλα
1414 628 1480 685 in
1521 627 1704 686 Inscr.
1747 624 1954 684 Attica

177 724 409 785 Corsin.
480 726 649 785 Fast.
705 726 888 784 Proll.
945 727 990 784 I.
1045 725 1307 785 Boeckh.
1364 727 1410 786 I.
1466 724 1540 786 N.
1597 723 1764 784 532..-
1797 742 1954 805 quae
2005 775 2008 778 A

168 826 353 905 'plura
417 825 686 897 liborum
736 844 960 903 genera
1020 827 1319 899 continet,
1388 833 1785 907 μελιτοῦττα,
1838 850 1954 889 να-

174 925 349 999 στός,
405 926 782 1011 παγκαρπία.
889 925 1104 986 Simile
1155 925 1469 1003 quoddam
1527 934 1954 985 ornamentum

171 1026 362 1105 πηνία
415 1028 456 1089 ἃ
512 1026 826 1090 ἐπετίθετο
879 1031 1008 1095 τοῖς
1051 1033 1394 1087 πλακοῦσιν
1436 1043 1534 1104 ap.
1579 1023 1845 1100 Hesych.
1891 1035 1954 1083 et

170 1125 323 1184 Poll.
842 1195 846 1197 ,

128 1231 132 1237 ’
336 1225 394 1289 Ε
449 1240 728 1294 numero„
748 1222 1049 1295 liborum,
1105 1241 1366 1302 quorum
1408 1223 1664 1281 nomina
1705 1220 1956 1302 prodita

168 1333 344 1396 sunt,
388 1341 578 1393 unum
622 1331 818 1382 restat
871 1321 1220 1406 Σύρβηνόν
1262 1320 1546 1385 πόπανόν
1588 1346 1649 1386 τι
1691 1323 1726 1384 ὃ
1767 1346 1955 1405 παρε-

167 1423 380 1485 τίθετο
446 1431 521 1502 τῇ
587 1422 953 1504 Ἀφροδίτῃ·
1012 1441 1156 1481 nam
1217 1421 1295 1481 de
1347 1421 1714 1481 Psammetis
1767 1440 1957 1502 supra

171 1521 401 1582 dictum
440 1531 557 1580 est.
646 1521 768 1583 Sed
813 1522 1010 1581 multa
1051 1541 1175 1581 non
1217 1523 1586 1581 nominatim
1631 1520 1741 1580 sed
1775 1539 1956 1598 gene-

169 1624 351 1681 ratim
410 1632 862 1694 memorantur,
918 1622 1095 1683 velut
1147 1624 1438 1701 πέμματα
1493 1619 1784 1703 ἒπιχώρια
1835 1620 1957 1680 Ae-

169 1724 471 1800 giensium
514 1722 694 1781 Faus,
739 1720 870 1780 VII.
927 1732 990 1780 et
1030 1721 1501 1780 Atheniensium
1546 1720 1705 1778 VIII.
1751 1721 1850 1780 24.
1896 1730 1958 1779 et

166 1824 277 1883 illa
332 1821 597 1903 θύματα
651 1819 980 1903 ἐπιχώρια,
1039 1840 1195 1899 quae
1253 1818 1650 1895 Thucydides
1707 1820 1753 1877 Ι.
1817 1819 1955 1907 126.

167 1934 447 2002 tempore
483 1922 861 2006 Diasiorum
915 1923 982 1981 in
1041 1939 1179 1979 aras
1221 1921 1465 1999 imponi
1505 1919 1725 1988 refert,
1772 1919 1957 1978 Scho—

165 2025 377 2084 liastes
434 2031 640 2093 autem
696 2023 984 2104 πέμ,ιιατα
1043 2026 1126 2090 εἷς
1171 2018 1351 2095 ζώων
1394 2020 1645 2102 μορφὰς
1661 2020 1732 2100 [¹³]
1777 2044 1956 2082 τετυ-

167 2126 423 2205 πωμένα
478 2125 921 2200 interpretatur
976 2120 1242 2179 fortasse
1297 2120 1603 2178 Maniolas
1659 2118 1959 2197 quasdam

167 2224 512 2300 significans
555 2222 879 2286 hominum
922 2221 1189 2280 vicarias
1210 2214 1308 2299 [¹];
1362 2237 1506 2277 nam
1549 2218 1771 2277 Diasia
1812 2215 1960 2278 Jovi

170 2322 447 2385 Milichio
521 2330 585 2379 et
652 2318 772 2379 diis
826 2320 1112 2379 manibus
1170 2328 1521 2378 consecrata
1576 2327 1765 2378 erant.
1859 2317 1960 2376 De

167 2424 264 2483 his
307 2421 602 2498 figurati8‚
647 2428 716 2477 ut
749 2420 840 2478 ita
874 2419 1095 2492 dicam,
1129 2419 1428 2498 placentis
1465 2428 1813 2498 opportune
1845 2435 1960 2476 nos

169 2521 386 2580 edocet
427 2518 722 2579 Proculus
766 2519 832 2577 in
866 2518 1048 2579 Polit.
1092 2538 1152 2597 p.
1175 2518 1319 2577 419.
1365 2522 1649 2583 ἐνταῦθα
1684 2516 1961 2581 Πλάτων

173 2625 320 2691 ἔθος
375 2622 541 2702 ἡμᾶς
599 2619 836 2691 ἐδίδαξε
890 2620 961 2681 τὸ
1001 2620 1307 2692 Ἀττικὸν,
1366 2604 1449 2690 ὣς
1495 2623 1619 2701 ἄρα
1673 2623 1960 2702 γυναῖκες

164 2721 331 2804 ἦσαν
376 2725 490 2802 οὐχ
534 2722 601 2784 αἱ
644 2720 953 2803 ἀλετρίδες
983 2718 1195 2801 ,μόνον
1239 2722 1395 2782 ἀλλὰ
1439 2721 1545 2783 καὶ
1581 2720 1646 2781 αἱ
1680 2740 1958 2794 ποπανοτ

169 2823 336 2887 ποιοῖ
376 2819 758 2904 μιμούμεναι
811 2820 922 2890 τὰς
979 2819 1193 2902 φύσεις
1246 2820 1357 2889 τὰς
1413 2815 1799 2887 πλαττούσας
1842 2817 1960 2879 ὅσα

168 2929 299 2992 τοῖς
339 2927 514 2992 θεοῖς
573 2924 785 2984 ἀνιᾶσι
843 2921 972 2995 ζῶα
1026 2921 1131 2983 καὶ
1189 2917 1389 3001 φυτά·
1447 2936 1604 2997 quae
1648 2919 1734 2977 sic
1779 2915 1962 2976 scribi

131 3087 134 3089 ,
172 3023 414 3084 malim:
458 3026 524 3084 αἳ
565 3019 946 3103 μιμούμεναι
989 3059 1071 3066 —-
1119 3016 1638 3082 ἀναπλάττουσιν.
1681 3018 1756 3077 In
1791 3015 1960 3077 Ado-

294 3207 367 3263 [e]
413 3206 560 3249 Gloss.
589 3206 791 3266 Μορφαὶ
821 3209 883 3254 εἰς
911 3210 1101 3259 θυσίαν,
1146 3204 1369 3248 bolites.

296 3276 367 3334 [s]
407 3279 475 3322 De
506 3279 574 3323 his
603 3292 702 3324 mox
729 3278 905 3334 paullo3
941 3278 1206 3322 Heliodorus
1236 3277 1315 3318 VI.
1351 3272 1418 3318 14.
1457 3271 1555 3318 249.
1596 3279 1757 3332 πέμμα
1786 3269 1959 3315 meche-

182 3350 266 3381 νον
300 3339 362 3385 εἰς
392 3336 561 3394 ἀνδρὸς
588 3342 773 3396 μίμημα
804 3339 1126 3394 πεπλασμένον
1157 3339 1217 3385 εἰς
1250 3333 1327 3378 τὸν
1367 3330 1536 3392 βόθρον
1566 3334 1746 3388 ἐνέβαλε
1786 3331 1956 3387 (saga).
