2210 3886
839 217 1301 264 onrincA.
1838 209 1986 274 ’791‘

182 373 326 416 suas
396 366 790 413 enumerasse
849 348 1198 429 accepimus
1215 344 1292 430 [f]
1308 386 1330 424 ,
1399 349 1480 410 de
1536 349 1784 432 Orpheo
1839 367 1964 417 non

179 455 366 517 modo
409 452 564 514 nihil
608 448 914 530 ejusmodi
956 448 1293 531 proditum,
1334 449 1446 510 sed
1487 466 1568 510 ne
1612 453 1965 534 conjectum

178 553 437 636 quidem.
490 551 690 614 facilis
759 559 883 625 eet,
951 548 1266 629 quomodo
1303 560 1432 611 ⁷aut‘
1475 569 1573 611 se·
1605 561 1712 612 aut
1765 553 1962 616 alium

177 646 529 735 quempiam
583 668 840 712 suorum
895 650 1255 730 aequalium
1296 651 1501 714 sexies·
1540 660 1824 715 renatum
1866 654 1960 715 di-

175 774 309 813 cere
352 753 643 833 potuerit.
703 750 777 810 Si
822 752 960 830 quis
1002 759 1210 810 autem
1255 750 1419 813 dicat
1458 767 1599 812 non·
1623 754 1808 814 unius
1851 754 1960 813 ho-

175 856 356 914 minis
423 853 535 913 sed
601 852 874 933 plurium
939 852 1404 914 renovationem
1458 845 1785 931 significari
1838 866 1964 915 una

175 953 583 1014 occidentium
625 962 690 1013 et
711 952 1205 1025 innascentium,
1225 950 1410 1009 nihil
1435 950 1626 1027 dicat3
1668 965 1813 1014 nam
1845 965 1960 1034 pro

174 1056 466 1134 cujusque
507 1056 641 1115 vita
682 1060 748 1110 et
789 1049 1064 1111 moribus
1108 1051 1266 1111 alius
1309 1049 1563 1121 tardiust>
1591 1052 1772 1114 orbes
1817 1068 1962 1114 suos

173 1154 413 1212 conficit
455 1152 614 1212 alius
656 1151 935 1211 celerius,
1010 1150 1150 1210 Sed
1194 1151 1345 1211 haec
1387 1154 1677 1230 cogitatio
1721 1170 1835 1213 nos
1879 1153 1962 1213 ad

171 1252 294 1311 alia
336 1251 542 1312 aufert
586 1250 819 1332 Orphei
865 1250 1160 1329 dogmata
1199 1267 1365 1331 quae
1390 1252 1485 1312 αἱ
1526 1262 1803 1314 aetatum
1847 1256 1961 1315 cir-

171 1354 368 1413 cuitus
412 1361 477 1411 et
518 1351 978 1415 vicissitudines
1019 1353 1348 1432 pertinent.
1454 1370 1458 1399 1
1488 1399 1490 1402 ,
1561 1347 1563 1349 ’

802 1713 806 1716 q
885 1627 1076 1690 CAR
1154 1630 1229 1687 Π.

312 1807 333 1819 „
383 1774 495 1831 De
565 1773 1015 1832 seculorum
1075 1769 1744 1830 conversionibus,

318 1941 594 2011 ,Servius
636 1941 716 2003 ad
761 1941 1031 2008 E01.1v.
1079 1940 1178 2000 10.
1233 1939 1607 2018 Nigidius,
1647 1939 1735 2000 de
1771 1940 1960 2001 Diis

167 2042 237 2101 L.
279 2041 382 2101 lV.
430 2040 757 2119 Quidam
803 2041 991 2102 deos
1037 2050 1417 2101 eto-eorum
1461 2059 1740 2119 genera
1781 2050 1963 2101 tem-

167 2143 498 2222 poribus
567 2152 642 2202 et
710 2142 1112 2204 aetatibus
1173 2141 1680 2221 dispescunt,
1750 2142 1961 2201 inter

170 2260 357 2320 quos
413 2249 486 2300 et
541 2240 927 2321 Orpheus,
984 2242 1316 2319 primum
1362 2240 1709 2314 Saturni,
1757 2239 1960 2300 dein-

170 2341 259 2400 de
330 2338 582 2413 Jovis,
651 2351 804 2398 tum
871 2340 1247 2419 Neptuni,
1314 2338 1495 2399 inde
1564 2339 1958 2416 Plutonis;

153 2439 533 2500 nonnulli
594 2441 859 2513 etiam,
917 2449 998 2498 ut
1041 2439 1278 2516 Magi,
1336 2438 1747 2519 Apollinis
1792 2440 1959 2500 fore

166 2558 495 2619 regnum.
602 2539 686 2598 In
759 2557 905 2619 quo
975 2538 1399 2602 videndum
1451 2556 1540 2599 ne
1599 2539 1958 2600 ardorem

168 2643 340 2703 sive
407 2640 558 2700 illa
630 2641 1046 2720 ecpyrosis
1104 2639 1591 2721 appellanda
1645 2650 1792 2714 est,
1854 2640 1958 2699 di-

169 2750 356 2801 cant.
452 2739 572 2800 His
628 2741 891 2800 finitima
934 2750 1110 2813 sunt,
1179 2760 1336 2821 quae
1392 2739 1472 2800 ad
1517 2760 1578 2803 v.
1622 2741 1682 2801 4.
1726 2739 1959 2800 adscri-

166 2843 319 2922 psit:
378 2839 695 2918 Sibylla
750 2838 1097 2901 Cumana
1153 2841 1419 2901 secula
1460 2860 1598 2920 per
1640 2840 1960 2900 metalla

170 2942 482 3016 divisit3
539 2939 747 3001 dixit
790 2943 1062 3016 etiam,
1117 2943 1288 3022 quis
1331 2959 1474 3020 quo
1520 2942 1785 3000 seculo
1829 2942 1958 3000 im-

170 3051 486 3126 peraret
559 3051 630 3101 et
688 3041 899 3102 Solis
955 3042 1350 3112 ultimum,
1417 3039 1500 3099 id
1554 3052 1698 3115 est,
1763 3040 1957 3100 deci-

171 3159 362 3203 mum
421 3157 588 3202 esse
643 3141 940 3203 volunt.
1043 3139 1421 3203 Novimus
1478 3150 1729 3230 autem
1789 3160 1960 3217 eun=-

292 3308 353 3368 [f]
387 3312 637 3355 Nicomach.
683 3311 840 3356 Theol.
881 3312 958 3355 vl.
997 3309 1066 3353 41.
1099 3310 1243 3354 schol.
1275 3311 1408 3368 Soph.
1440 3311 1509 3353 ΕΙ.
1542 3310 1612 3355 62.
1643 3311 1891 3367 Hieronym,
1925 3326 1958 3352 c.

179 3368 318 3413 Rufin.
348 3370 426 3413 111.
457 3368 558 3418 470.
589 3370 645 3415 T.
678 3370 752 3414 1v.
784 3371 841 3415 cf.
872 3371 975 3416 Adr.
1007 3370 1124 3414 Junii
1156 3369 1378 3414 Animadv.
1412 3386 1452 3427 p.
1487 3369 1584 3413 187.
