2150 3814
263 211 425 275 1004
827 226 1061 269 LIBER
1106 225 1531 269 SECUNDUS.

255 357 608 417 conclusura
653 375 772 436 qua
814 357 1165 416 convexitas
1209 354 1380 415 velut
1424 354 1670 415 cordine
1702 358 2016 431 incumbit,

253 455 576 516 umbilicus
636 455 872 514 (licitur.
971 453 1332 514 Aristoteles
1389 453 1465 513 de
1519 455 1729 515 Mund.
1773 456 1875 516 V'I.
1904 459 2016 532 Q.

253 559 312 619 οἱ
366 555 639 637 ὀμφαλοὶ
693 556 752 615 οἱ
805 552 1119 638 λεγόμενοι
1174 556 1232 615 οἱ
1285 558 1352 617 ἐν
1405 561 1539 645 ταῖς
1592 555 1811 638 ψαλίσι
1854 555 2020 618 λίθοι

251 659 311 719 οἱ
351 657 526 735 μέσοι
567 654 831 735 κείμενοι
872 679 1029 716 κατα
1074 653 1189 731 τὴν
1231 659 1315 723 εἰς
1358 653 1644 737 ἑκάτερον
1685 657 1869 738 μέρος
1923 658 2019 718 ἕν-

253 757 432 817 ὃοσιν
486 758 553 817 ἐν
610 754 880 836 ἁρμονία
922 754 1284 833 διατηροῦσι
1324 754 1394 815 τὸ
1443 762 1644 834 σχῆμα
1685 763 1791 835 τῆς
1833 754 2021 837 ψαλί-

247 855 358 924 δος
410 854 531 916 καὶ·
559 853 866 932 ἀκίνητον.
922 853 1272 913 Athenaeus
1314 851 1417 912 XI.
1463 851 1604 912 502.
1656 854 1728 914 E.
1782 854 2020 933 phialas

247 952 827 1038 βαλανειομφάλους
892 952 1014 1012 dici
1086 954 1173 1012 ait
1225 953 1320 1015 ὅτι
1378 955 1436 1015 οἱ
1488 954 1761 1036 ὀμφαλοὶ
1811 947 2022 1016 αὐτῶν

249 1055 356 1118 ’καὶ
396 1062 526 1118 τῶν
567 1053 917 1136 βαλανείων
960 1056 1019 1116 οἱ
1059 1052 1243 1116 θόλοι
1285 1052 1489 1134 ὅμοιοί
1530 1049 1803 1134 εἰσιν[“1].
1859 1052 2022 1112 Hinc

248 1156 456 1236 potius
509 1157 575 1214 in
629 1153 921 1213 Varronis
974 1153 1142 1226 loco,
1199 1155 1254 1212 si
1310 1154 1482 1232 optio
1528 1163 1716 1226 esset,
1759 1171 2022 1232 arqua-

247 1247 398 1314 tum>
426 1252 788 1333 quiddam
842 1253 1083 1333 praefer
1118 1272 1265 1312 rem.
1375 1252 1498 1312 Sed
1548 1254 1904 1314 umbilicum
1946 1253 2020 1311 il-

247 1356 377 1413 lum
406 1355 576 1412 tholo
616 1354 886 1416 thesauri
928 1353 1305 1412 subterranei
1337 1357 1795 1435 superpositum
1831 1353 2021 1413 fuisse

245 1454 398 1513 mihi
440 1454 575 1514 veri
617 1453 999 1513 simillimum
1043 1451 1309 1513 videtur.

472 1912 1553 1990 EPIMETRUM
1677 1868 1860 1989 x*

722 2077 799 2148 ed
852 2092 911 2148 C.
955 2093 1024 2149 V.
1084 2100 1131 2161 ξ.
1179 2097 1264 2149 37.
1321 2104 1451 2148 not.
1504 2112 1551 2147 o.

414 2282 513 2342 De
573 2281 834 2341 oraculis
890 2279 1121 2341 Neroni
1162 2280 1449 2355 redditis,
1510 2279 1727 2361 quibus
1770 2296 2021 2358 exaspe-

245 2391 415 2444 ratus
469 2383 672 2442 locum
728 2400 966 2441 sacrum
1025 2381 1252 2459 injectu
1311 2382 1683 2444 cadaverum
1724 2379 2021 2439 funestari
2114 2435 2115 2438 ,

239 2484 456 2562 jussit,
515 2500 823 2541 rumorem
880 2479 1182 2559 quendam
1225 2481 1641 2559 percrebuisse
1684 2487 1942 2558 apparet
1986 2498 2020 2536 e

247 2585 454 2643 Dione
492 2579 657 2641 Cass.
695 2579 910 2640 LXIII.
945 2577 1039 2637 14.
1064 2589 1125 2638 et
1147 2579 1453 2640 Ammian.
1480 2580 1666 2639 Marc.
1694 2578 1887 2640 XXII.
1921 2577 2016 2637 12.

247 2703 359 2744 nec
402 2681 725 2742 defuerunt
765 2680 869 2759 qui
912 2697 1123 2739 versus
1165 2681 1356 2759 ipsos,
1400 2680 1621 2759 quibus
1654 2678 1878 2757 Pythia
1921 2686 2017 2754 ty—
2097 2671 2101 2677 ’

122 2800 148 2814 ·
246 2802 505 2844 rannum
562 2781 849 2853 devovit,
914 2780 979 2838 in
1032 2778 1303 2839 medium
1361 2780 1659 2840 afferrent.
1758 2779 2018 2892 Sopater

367 2963 643 3039 [(1]”.Ωςπερ
672 2965 723 3009 ἓν
751 2969 848 3015 ταῖς
872 2960 1112 3024 ὑπάντροις
1140 2964 1427 3026 οἰκοδομαῖς
1438 2962 1466 3017 ἢ
1494 2965 1545 3009 ἐν
1572 2967 1665 3014 τοῖς
1691 2966 1783 3007 τῶν
1810 2965 2012 3024 λουτρῶν

251 3021 439 3085 ὀρόφοις
467 3022 490 3068 ὁ
528 3023 577 3068 τὸ
618 3026 711 3067 πᾶν
750 3026 827 3078 τῆς
867 3023 1106 3093 οἰκοδομῆς
1142 3027 1344 3080 συνέχων
1381 3028 1443 3073 εἰς
1479 3019 1671 3093 ὑπάρχει
1707 3024 1834 3072 λίθος
1871 3038 2010 3092 κορυ-

252 3088 390 3142 φαῖος
420 3083 796 3152 ἐγκεκροτημένος
834 3084 886 3143 τῇ
922 3077 1064 3137 θόλῳ,
1110 3085 1263 3139 σφῆνα
1292 3077 1701 3141 προςαγορεύουσιν
1743 3083 1789 3125 οἱ
1825 3076 2006 3129 οἰκοδό-

250 3157 333 3199 μοι
362 3142 593 3190 Caesarius
621 3129 978 3184 Dial.111.652.
1011 3140 1062 3182 C.
1101 3141 1217 3184 Bibl.
1249 3142 1376 3198 Bign.
1416 3141 1473 3183 T.
1515 3139 1593 3183 XI.
1633 3155 1676 3197 p.
1719 3138 1789 3182 94.
1834 3140 1890 3182 T.
1932 3139 2007 3182 VI.

253 3199 372 3243 Gall.
413 3200 484 3242 Ut
527 3200 751 3243 medium
796 3199 843 3242 si
889 3199 1009 3256 quis
1054 3199 1231 3243 vellat
1279 3201 1343 3242 de
1392 3198 1603 3242 fornice
1656 3211 1866 3252 saxum,
1922 3198 2006 3240 in-

254 3259 502 3302 cumbunt
540 3259 626 3301 cui
661 3253 888 3311 cuncta,
929 3257 1081 3300 simul
1117 3258 1318 3301 devexa
1358 3263 1655 3314 sequuntur
1684 3257 1844 3300 Auson.
1875 3255 2006 3300 Eclo-

252 3331 347 3373 gar.
379 3332 421 3360 v.
453 3316 522 3360 15.
555 3318 762 3374 Clypeum
790 3318 1037 3360 balneorum
1065 3323 1222 3361 vocant
1251 3317 1473 3362 architecti
1504 3332 1546 3360 v.
1579 3315 1815 3359 Schneider
1845 3315 1899 3358 ad
1930 3314 2004 3356 vi-

253 3373 1133 3433 truv.v..184p494T11374
