<?xml version="1.0" encoding="UTF-8"?>
<!DOCTYPE html PUBLIC "-//W3C//DTD XHTML 1.0 Transitional//EN"
    "http://www.w3.org/TR/xhtml1/DTD/xhtml1-transitional.dtd">
<html xmlns="http://www.w3.org/1999/xhtml" xml:lang="en" lang="en">
 <head>
  <title>
</title>
<meta http-equiv="Content-Type" content="text/html;charset=utf-8" />
  <meta name='ocr-system' content='tesseract 3.04.00' />
  <meta name='ocr-capabilities' content='ocr_page ocr_carea ocr_par ocr_line ocrx_word'/>
</head>
<body>
  <div class='ocr_page' id='page_1' title='image "./aglaophamussived02lobeuoft_0555.png"; bbox 0 0 2150 3814; ppageno 0'>
   <div class='ocr_carea' id='block_1_1' title="bbox 792 172 1961 232">
    <p class='ocr_par' dir='ltr' id='par_1_1' title="bbox 792 172 1961 232">
     <span class='ocr_line' id='line_1_1' title="bbox 792 172 1961 232; baseline 0.004 -5"><span class='ocrx_word' id='word_1_1' title='bbox 792 181 1342 227; x_wconf 76' lang='lat' dir='ltr'><strong>SAMOTHnAciA.</strong></span> <span class='ocrx_word' id='word_1_2' title='bbox 1789 172 1961 232; x_wconf 84' lang='lat'><strong>1331·</strong></span> 
     </span>
    </p>
   </div>
   <div class='ocr_carea' id='block_1_2' title="bbox 153 307 2011 2992">
    <p class='ocr_par' dir='ltr' id='par_1_2' title="bbox 155 307 1948 2494">
     <span class='ocr_line' id='line_1_2' title="bbox 185 307 1948 401; baseline 0.004 -32"><span class='ocrx_word' id='word_1_3' title='bbox 185 331 322 372; x_wconf 89' lang='lat' dir='ltr'><strong>rum</strong></span> <span class='ocrx_word' id='word_1_4' title='bbox 380 332 659 386; x_wconf 90' lang='lat' dir='ltr'><strong>carmen,</strong></span> <span class='ocrx_word' id='word_1_5' title='bbox 705 308 868 390; x_wconf 86' lang='lat' dir='ltr'><strong>quod</strong></span> <span class='ocrx_word' id='word_1_6' title='bbox 913 307 1192 401; x_wconf 79' lang='lat' dir='ltr'><strong>Clemens</strong></span> <span class='ocrx_word' id='word_1_7' title='bbox 1238 310 1461 371; x_wconf 86' lang='lat' dir='ltr'><strong>Strom.</strong></span> <span class='ocrx_word' id='word_1_8' title='bbox 1509 312 1579 373; x_wconf 92' lang='lat' dir='ltr'><strong>V.</strong></span> <span class='ocrx_word' id='word_1_9' title='bbox 1624 311 1766 372; x_wconf 87' lang='lat'>415.</span> <span class='ocrx_word' id='word_1_10' title='bbox 1811 334 1948 376; x_wconf 90' lang='lat' dir='ltr'><strong>cum</strong></span> 
     </span>
     <span class='ocr_line' id='line_1_3' title="bbox 185 398 1948 535; baseline 0.003 -65"><span class='ocrx_word' id='word_1_11' title='bbox 185 412 379 473; x_wconf 89' lang='lat' dir='ltr'><strong>literis</strong></span> <span class='ocrx_word' id='word_1_12' title='bbox 435 411 736 535; x_wconf 77' lang='lat' dir='ltr'><strong>Ephesiis</strong></span> <span class='ocrx_word' id='word_1_13' title='bbox 765 398 1105 508; x_wconf 77' lang='lat' dir='ltr'><strong>componit:</strong></span> <span class='ocrx_word' id='word_1_14' title='bbox 1143 409 1591 535; x_wconf 41' lang='grc' dir='ltr'><em>ᾈπολλόδωρος</em></span> <span class='ocrx_word' id='word_1_15' title='bbox 1631 412 1666 476; x_wconf 84' lang='grc' dir='ltr'><em>ὃ</em></span> <span class='ocrx_word' id='word_1_16' title='bbox 1710 420 1948 495; x_wconf 82' lang='grc' dir='ltr'><em>Κερκυ-</em></span> 
     </span>
     <span class='ocr_line' id='line_1_4' title="bbox 186 508 1948 596; baseline 0.002 -23"><span class='ocrx_word' id='word_1_17' title='bbox 186 518 358 593; x_wconf 84' lang='grc' dir='ltr'><em>ραῖος</em></span> <span class='ocrx_word' id='word_1_18' title='bbox 408 514 582 582; x_wconf 82' lang='grc' dir='ltr'><em>τοὺς</em></span> <span class='ocrx_word' id='word_1_19' title='bbox 593 510 852 590; x_wconf 72' lang='grc' dir='ltr'><em>στίχους</em></span> <span class='ocrx_word' id='word_1_20' title='bbox 904 508 1159 582; x_wconf 83' lang='grc' dir='ltr'><em>τούςδε</em></span> <span class='ocrx_word' id='word_1_21' title='bbox 1174 512 1293 574; x_wconf 79' lang='grc' dir='ltr'><strong>ὑπὸ</strong></span> <span class='ocrx_word' id='word_1_22' title='bbox 1339 509 1634 596; x_wconf 85' lang='grc' dir='ltr'><em>Βράγχου</em></span> <span class='ocrx_word' id='word_1_23' title='bbox 1689 514 1948 595; x_wconf 79' lang='grc' dir='ltr'><em>ἀναφω-</em></span> 
     </span>
     <span class='ocr_line' id='line_1_5' title="bbox 180 610 1944 697; baseline 0.002 -25"><span class='ocrx_word' id='word_1_24' title='bbox 180 614 453 688; x_wconf 80' lang='grc' dir='ltr'><em>νηθῆναι</em></span> <span class='ocrx_word' id='word_1_25' title='bbox 506 613 660 696; x_wconf 77' lang='grc' dir='ltr'><em>λέγει</em></span> <span class='ocrx_word' id='word_1_26' title='bbox 710 610 1058 690; x_wconf 80' lang='grc' dir='ltr'><strong><em>Μιλησίους</em></strong></span> <span class='ocrx_word' id='word_1_27' title='bbox 1099 611 1542 694; x_wconf 75' lang='grc' dir='ltr'><em>καθαίροντος·</em></span> <span class='ocrx_word' id='word_1_28' title='bbox 1571 612 1622 672; x_wconf 31' lang='grc' dir='ltr'><strong>,ὅ</strong></span> <span class='ocrx_word' id='word_1_29' title='bbox 1666 611 1783 693; x_wconf 76' lang='grc' dir='ltr'><strong>μὲν</strong></span> <span class='ocrx_word' id='word_1_30' title='bbox 1822 613 1944 697; x_wconf 82' lang='grc' dir='ltr'><strong>γὰρ</strong></span> 
     </span>
     <span class='ocr_line' id='line_1_6' title="bbox 179 709 1944 796; baseline 0.002 -26"><span class='ocrx_word' id='word_1_31' title='bbox 179 709 541 789; x_wconf 76' lang='grc' dir='ltr'><em>ἐπιρῤαίνων·</em></span> <span class='ocrx_word' id='word_1_32' title='bbox 595 711 664 779; x_wconf 83' lang='grc' dir='ltr'><strong>τὸ</strong></span> <span class='ocrx_word' id='word_1_33' title='bbox 709 715 963 790; x_wconf 31' lang='grc' dir='ltr'><em>πλῆθος,</em></span> <span class='ocrx_word' id='word_1_34' title='bbox 989 710 1233 794; x_wconf 82' lang='grc' dir='ltr'><em>δάφνης</em></span> <span class='ocrx_word' id='word_1_35' title='bbox 1274 709 1522 780; x_wconf 88' lang='grc' dir='ltr'><em>κλάδοις</em></span> <span class='ocrx_word' id='word_1_36' title='bbox 1563 721 1944 796; x_wconf 81' lang='grc' dir='ltr'><em>προκατῆρχε</em></span> 
     </span>
     <span class='ocr_line' id='line_1_7' title="bbox 175 806 1943 896; baseline 0.004 -26"><span class='ocrx_word' id='word_1_37' title='bbox 175 817 288 871; x_wconf 81' lang='grc' dir='ltr'><strong>τοῦ</strong></span> <span class='ocrx_word' id='word_1_38' title='bbox 345 810 548 890; x_wconf 79' lang='grc' dir='ltr'><em>ὕμνου</em></span> <span class='ocrx_word' id='word_1_39' title='bbox 605 806 741 886; x_wconf 71' lang='grc' dir='ltr'><strong>ὧδέ,</strong></span> <span class='ocrx_word' id='word_1_40' title='bbox 778 814 1230 881; x_wconf 34' lang='grc' dir='ltr'><em>πωςὸΜέλπετε</em></span> <span class='ocrx_word' id='word_1_41' title='bbox 1275 811 1325 875; x_wconf 79' lang='grc' dir='ltr'><strong><em>ὦ</em></strong></span> <span class='ocrx_word' id='word_1_42' title='bbox 1367 812 1581 882; x_wconf 86' lang='grc' dir='ltr'><em>παῖδες</em></span> <span class='ocrx_word' id='word_1_43' title='bbox 1617 809 1943 896; x_wconf 80' lang='grc' dir='ltr'><em>Ἑκάεργον</em></span> 
     </span>
     <span class='ocr_line' id='line_1_8' title="bbox 172 909 1940 995; baseline 0.003 -25"><span class='ocrx_word' id='word_1_44' title='bbox 172 909 278 971; x_wconf 81' lang='grc' dir='ltr'><strong>καὶ</strong></span> <span class='ocrx_word' id='word_1_45' title='bbox 313 909 663 995; x_wconf 74' lang='grc' dir='ltr'><em>Ἑκαέργᾳν,</em></span> <span class='ocrx_word' id='word_1_46' title='bbox 708 911 1001 993; x_wconf 77' lang='grc' dir='ltr'><em>ἐπέψαλλε</em></span> <span class='ocrx_word' id='word_1_47' title='bbox 1046 912 1087 973; x_wconf 89' lang='grc' dir='ltr'><em>δ</em></span> <span class='ocrx_word' id='word_1_48' title='bbox 1094 914 1111 934; x_wconf 85' lang='lat'><em>&#39;</em></span> <span class='ocrx_word' id='word_1_49' title='bbox 1160 913 1242 983; x_wconf 74' lang='grc' dir='ltr'><strong>ὥς</strong></span> <span class='ocrx_word' id='word_1_50' title='bbox 1274 918 1464 975; x_wconf 80' lang='grc' dir='ltr'><em>εἰπεῖν</em></span> <span class='ocrx_word' id='word_1_51' title='bbox 1497 912 1529 975; x_wconf 85' lang='grc' dir='ltr'>ὁ</span> <span class='ocrx_word' id='word_1_52' title='bbox 1566 912 1710 982; x_wconf 87' lang='grc' dir='ltr'><em>λαὸς</em></span> <span class='ocrx_word' id='word_1_53' title='bbox 1747 911 1940 986; x_wconf 81' lang='grc' dir='ltr'><em>Βέδυ,</em></span> 
     </span>
     <span class='ocr_line' id='line_1_9' title="bbox 174 1007 1942 1095; baseline 0.001 -24"><span class='ocrx_word' id='word_1_54' title='bbox 174 1007 370 1092; x_wconf 76' lang='grc' dir='ltr'><em>ζάμψ,</em></span> <span class='ocrx_word' id='word_1_55' title='bbox 387 1008 597 1089; x_wconf 74' lang='grc' dir='ltr'><em>χθών,</em></span> <span class='ocrx_word' id='word_1_56' title='bbox 621 1019 947 1093; x_wconf 76' lang='grc' dir='ltr'><em>πλῆκτρον,</em></span> <span class='ocrx_word' id='word_1_57' title='bbox 977 1012 1182 1095; x_wconf 82' lang='grc' dir='ltr'><em>σφίγξ,</em></span> <span class='ocrx_word' id='word_1_58' title='bbox 1205 1011 1449 1092; x_wconf 81' lang='grc' dir='ltr'><em>κνάξβι,</em></span> <span class='ocrx_word' id='word_1_59' title='bbox 1470 1010 1777 1090; x_wconf 74' lang='grc' dir='ltr'><em>χθύπτης,</em></span> <span class='ocrx_word' id='word_1_60' title='bbox 1797 1014 1942 1092; x_wconf 77' lang='grc' dir='ltr'><em>φλέ-</em></span> 
     </span>
     <span class='ocr_line' id='line_1_10' title="bbox 168 1108 1938 1194; baseline -0.001 -24"><span class='ocrx_word' id='word_1_61' title='bbox 168 1134 330 1194; x_wconf 85' lang='grc' dir='ltr'><em>γμω,</em></span> <span class='ocrx_word' id='word_1_62' title='bbox 375 1108 580 1193; x_wconf 81' lang='grc' dir='ltr'><em>δρώψ,</em></span> <span class='ocrx_word' id='word_1_63' title='bbox 627 1109 846 1189; x_wconf 89' lang='lat' dir='ltr'><strong>quibus</strong></span> <span class='ocrx_word' id='word_1_64' title='bbox 890 1129 1075 1188; x_wconf 87' lang='lat' dir='ltr'><strong>quum</strong></span> <span class='ocrx_word' id='word_1_65' title='bbox 1110 1110 1262 1168; x_wconf 88' lang='lat' dir='ltr'>nihil</span> <span class='ocrx_word' id='word_1_66' title='bbox 1286 1112 1406 1168; x_wconf 87' lang='lat' dir='ltr'><strong>nisi</strong></span> <span class='ocrx_word' id='word_1_67' title='bbox 1433 1120 1692 1188; x_wconf 89' lang='lat' dir='ltr'><strong>quatuor</strong></span> <span class='ocrx_word' id='word_1_68' title='bbox 1719 1112 1938 1186; x_wconf 85' lang='lat' dir='ltr'><strong>viginti</strong></span> 
     </span>
     <span class='ocr_line' id='line_1_11' title="bbox 165 1205 1936 1289; baseline -0.001 -22"><span class='ocrx_word' id='word_1_69' title='bbox 165 1209 519 1268; x_wconf 83' lang='lat' dir='ltr'>literaturae</span> <span class='ocrx_word' id='word_1_70' title='bbox 556 1210 876 1273; x_wconf 80' lang='lat' dir='ltr'><strong>elementa</strong></span> <span class='ocrx_word' id='word_1_71' title='bbox 923 1208 1025 1278; x_wconf 18' lang='lat' dir='ltr'><strong>(bis</strong></span> <span class='ocrx_word' id='word_1_72' title='bbox 1079 1209 1344 1287; x_wconf 86' lang='lat' dir='ltr'><strong>repetita</strong></span> <span class='ocrx_word' id='word_1_73' title='bbox 1388 1210 1811 1267; x_wconf 83' lang='lat' dir='ltr'><strong>contineantur</strong></span> <span class='ocrx_word' id='word_1_74' title='bbox 1828 1205 1936 1289; x_wconf 69' lang='lat' dir='ltr'>[b]‚</span> 
     </span>
     <span class='ocr_line' id='line_1_12' title="bbox 160 1305 1937 1386; baseline 0 -18"><span class='ocrx_word' id='word_1_75' title='bbox 160 1308 387 1368; x_wconf 90' lang='lat' dir='ltr'><strong>mirum</strong></span> <span class='ocrx_word' id='word_1_76' title='bbox 448 1319 541 1367; x_wconf 88' lang='lat' dir='ltr'><strong>est</strong></span> <span class='ocrx_word' id='word_1_77' title='bbox 599 1308 717 1366; x_wconf 88' lang='lat' dir='ltr'><strong>hoc</strong></span> <span class='ocrx_word' id='word_1_78' title='bbox 768 1305 1079 1379; x_wconf 88' lang='lat' dir='ltr'><strong>ludicrum</strong></span> <span class='ocrx_word' id='word_1_79' title='bbox 1127 1307 1520 1386; x_wconf 82' lang='lat' dir='ltr'><strong>alphabetum</strong></span> <span class='ocrx_word' id='word_1_80' title='bbox 1576 1308 1759 1367; x_wconf 91' lang='lat' dir='ltr'><strong>hodie</strong></span> <span class='ocrx_word' id='word_1_81' title='bbox 1803 1318 1937 1368; x_wconf 90' lang='lat' dir='ltr'><strong>tan-</strong></span> 
     </span>
     <span class='ocr_line' id='line_1_13' title="bbox 163 1406 1936 1489; baseline 0.002 -23"><span class='ocrx_word' id='word_1_82' title='bbox 163 1426 345 1486; x_wconf 89' lang='lat' dir='ltr'><strong>quam</strong></span> <span class='ocrx_word' id='word_1_83' title='bbox 401 1406 751 1469; x_wconf 80' lang='lat' dir='ltr'><strong>venerabile</strong></span> <span class='ocrx_word' id='word_1_84' title='bbox 794 1409 1180 1486; x_wconf 87' lang='lat' dir='ltr'><strong>antiquarum</strong></span> <span class='ocrx_word' id='word_1_85' title='bbox 1221 1407 1577 1468; x_wconf 85' lang='lat' dir='ltr'><strong>litaniarum</strong></span> <span class='ocrx_word' id='word_1_86' title='bbox 1623 1409 1936 1489; x_wconf 87' lang='lat' dir='ltr'><strong>exemplar</strong></span> 
     </span>
     <span class='ocr_line' id='line_1_14' title="bbox 161 1504 1935 1588; baseline 0.003 -23"><span class='ocrx_word' id='word_1_87' title='bbox 161 1509 443 1587; x_wconf 88' lang='lat' dir='ltr'><strong>proponi.</strong></span> <span class='ocrx_word' id='word_1_88' title='bbox 504 1504 784 1567; x_wconf 81' lang='lat' dir='ltr'><strong>Clemens</strong></span> <span class='ocrx_word' id='word_1_89' title='bbox 839 1509 1000 1586; x_wconf 88' lang='lat' dir='ltr'><strong>ipse</strong></span> <span class='ocrx_word' id='word_1_90' title='bbox 1035 1508 1151 1567; x_wconf 89' lang='lat' dir='ltr'><strong>etsi</strong></span> <span class='ocrx_word' id='word_1_91' title='bbox 1197 1526 1414 1567; x_wconf 89' lang='lat' dir='ltr'><strong>vocum</strong></span> <span class='ocrx_word' id='word_1_92' title='bbox 1458 1509 1703 1577; x_wconf 90' lang='lat' dir='ltr'><strong>illarum</strong></span> <span class='ocrx_word' id='word_1_93' title='bbox 1750 1511 1935 1588; x_wconf 85' lang='lat' dir='ltr'><strong>signi-</strong></span> 
     </span>
     <span class='ocr_line' id='line_1_15' title="bbox 159 1607 1934 1693; baseline 0.005 -27"><span class='ocrx_word' id='word_1_94' title='bbox 159 1608 473 1666; x_wconf 89' lang='lat' dir='ltr'><strong>ficationes</strong></span> <span class='ocrx_word' id='word_1_95' title='bbox 518 1607 722 1681; x_wconf 76' lang='lat' dir='ltr'><strong>affert,</strong></span> <span class='ocrx_word' id='word_1_96' title='bbox 768 1618 971 1666; x_wconf 90' lang='lat' dir='ltr'><strong>tamen</strong></span> <span class='ocrx_word' id='word_1_97' title='bbox 1017 1626 1202 1686; x_wconf 89' lang='lat' dir='ltr'><strong>quum</strong></span> <span class='ocrx_word' id='word_1_98' title='bbox 1248 1610 1591 1686; x_wconf 88' lang='lat' dir='ltr'><strong>praemittit</strong></span> <span class='ocrx_word' id='word_1_99' title='bbox 1624 1612 1934 1693; x_wconf 76' lang='grc' dir='ltr'><em>ἐπέψαλλε</em></span> 
     </span>
     <span class='ocr_line' id='line_1_16' title="bbox 162 1706 1932 1780; baseline 0 -10"><span class='ocrx_word' id='word_1_100' title='bbox 162 1707 231 1770; x_wconf 82' lang='grc' dir='ltr'><strong>δὲ</strong></span> <span class='ocrx_word' id='word_1_101' title='bbox 284 1708 366 1778; x_wconf 77' lang='grc' dir='ltr'><strong>ὥς</strong></span> <span class='ocrx_word' id='word_1_102' title='bbox 417 1713 605 1779; x_wconf 74' lang='grc' dir='ltr'><em>εἰπεῖν</em></span> <span class='ocrx_word' id='word_1_103' title='bbox 644 1709 676 1770; x_wconf 83' lang='grc' dir='ltr'><strong><em>ὅ</em></strong></span> <span class='ocrx_word' id='word_1_104' title='bbox 723 1706 899 1780; x_wconf 84' lang='grc' dir='ltr'><em>λαός,</em></span> <span class='ocrx_word' id='word_1_105' title='bbox 946 1706 1110 1766; x_wconf 84' lang='lat' dir='ltr'><strong>haud</strong></span> <span class='ocrx_word' id='word_1_106' title='bbox 1155 1707 1411 1767; x_wconf 83' lang='lat' dir='ltr'><strong>obscure</strong></span> <span class='ocrx_word' id='word_1_107' title='bbox 1449 1711 1552 1768; x_wconf 86' lang='lat' dir='ltr'><strong>eas</strong></span> <span class='ocrx_word' id='word_1_108' title='bbox 1598 1710 1678 1769; x_wconf 89' lang='lat' dir='ltr'><strong>ad</strong></span> <span class='ocrx_word' id='word_1_109' title='bbox 1720 1730 1932 1770; x_wconf 89' lang='lat' dir='ltr'><strong>nume-</strong></span> 
     </span>
     <span class='ocr_line' id='line_1_17' title="bbox 157 1791 1933 1890; baseline 0.004 -24"><span class='ocrx_word' id='word_1_110' title='bbox 157 1827 297 1866; x_wconf 90' lang='lat' dir='ltr'><strong>rum</strong></span> <span class='ocrx_word' id='word_1_111' title='bbox 343 1809 813 1867; x_wconf 88' lang='lat' dir='ltr'><strong>crumaticorum</strong></span> <span class='ocrx_word' id='word_1_112' title='bbox 865 1791 1085 1878; x_wconf 51' lang='lat' dir='ltr'><strong>refert,¹</strong></span> <span class='ocrx_word' id='word_1_113' title='bbox 1145 1807 1513 1884; x_wconf 66' lang='lat' dir='ltr'><strong>cujusmodi</strong></span> <span class='ocrx_word' id='word_1_114' title='bbox 1537 1821 1680 1868; x_wconf 89' lang='lat' dir='ltr'><strong>sunt</strong></span> <span class='ocrx_word' id='word_1_115' title='bbox 1721 1809 1933 1890; x_wconf 58' lang='grc' dir='ltr'><strong>τήνελῌ</strong></span> 
     </span>
     <span class='ocr_line' id='line_1_18' title="bbox 161 1905 1932 1991; baseline -0.001 -22"><span class='ocrx_word' id='word_1_116' title='bbox 161 1916 270 1980; x_wconf 82' lang='grc' dir='ltr'><strong>λα,</strong></span> <span class='ocrx_word' id='word_1_117' title='bbox 350 1905 763 1989; x_wconf 77' lang='grc' dir='ltr'><em>θρεττάνελο,</em></span> <span class='ocrx_word' id='word_1_118' title='bbox 833 1906 1114 1991; x_wconf 80' lang='grc' dir='ltr'><em>βλίτυρι,</em></span> <span class='ocrx_word' id='word_1_119' title='bbox 1190 1916 1720 1982; x_wconf 85' lang='lat' dir='ltr'><strong>taratantara,</strong></span> <span class='ocrx_word' id='word_1_120' title='bbox 1799 1912 1932 1989; x_wconf 89' lang='lat' dir='ltr'><strong>qui-</strong></span> 
     </span>
     <span class='ocr_line' id='line_1_19' title="bbox 155 2005 1935 2088; baseline 0.003 -23"><span class='ocrx_word' id='word_1_121' title='bbox 155 2005 271 2067; x_wconf 89' lang='lat' dir='ltr'><strong>bus</strong></span> <span class='ocrx_word' id='word_1_122' title='bbox 330 2007 558 2066; x_wconf 88' lang='lat' dir='ltr'><strong>similia</strong></span> <span class='ocrx_word' id='word_1_123' title='bbox 613 2005 914 2086; x_wconf 89' lang='lat' dir='ltr'><strong>quaedam</strong></span> <span class='ocrx_word' id='word_1_124' title='bbox 971 2016 1272 2065; x_wconf 85' lang='lat' dir='ltr'><strong>nostrates</strong></span> <span class='ocrx_word' id='word_1_125' title='bbox 1327 2017 1552 2086; x_wconf 87' lang='lat' dir='ltr'><strong>poetae</strong></span> <span class='ocrx_word' id='word_1_126' title='bbox 1594 2007 1935 2088; x_wconf 79' lang='lat' dir='ltr'><strong>Buergerus</strong></span> 
     </span>
     <span class='ocr_line' id='line_1_20' title="bbox 156 2105 1937 2190; baseline 0.002 -24"><span class='ocrx_word' id='word_1_127' title='bbox 156 2118 217 2166; x_wconf 90' lang='lat' dir='ltr'><strong>et</strong></span> <span class='ocrx_word' id='word_1_128' title='bbox 260 2107 515 2166; x_wconf 87' lang='lat' dir='ltr'><strong>Vossius</strong></span> <span class='ocrx_word' id='word_1_129' title='bbox 574 2107 638 2164; x_wconf 91' lang='lat' dir='ltr'><strong>in</strong></span> <span class='ocrx_word' id='word_1_130' title='bbox 680 2105 1067 2174; x_wconf 17' lang='lat' dir='ltr'><strong>carminibus*</strong></span> <span class='ocrx_word' id='word_1_131' title='bbox 1092 2106 1590 2186; x_wconf 88' lang='lat' dir='ltr'><strong>popularioribus</strong></span> <span class='ocrx_word' id='word_1_132' title='bbox 1634 2120 1937 2190; x_wconf 87' lang='lat' dir='ltr'><strong>usurpant</strong></span> 
     </span>
     <span class='ocr_line' id='line_1_21' title="bbox 156 2207 1935 2293; baseline 0.004 -28"><span class='ocrx_word' id='word_1_133' title='bbox 156 2225 446 2266; x_wconf 90' lang='lat' dir='ltr'><strong>sonorum</strong></span> <span class='ocrx_word' id='word_1_134' title='bbox 500 2208 902 2266; x_wconf 86' lang='lat' dir='ltr'><strong>imitamenta.</strong></span> <span class='ocrx_word' id='word_1_135' title='bbox 958 2207 1164 2282; x_wconf 88' lang='lat' dir='ltr'><strong>Etym.</strong></span> <span class='ocrx_word' id='word_1_136' title='bbox 1218 2207 1302 2266; x_wconf 91' lang='lat' dir='ltr'><strong>M.</strong></span> <span class='ocrx_word' id='word_1_137' title='bbox 1357 2228 1417 2287; x_wconf 89' lang='lat' dir='ltr'><strong>p.</strong></span> <span class='ocrx_word' id='word_1_138' title='bbox 1463 2208 1608 2283; x_wconf 90' lang='lat'><strong>201,</strong></span> <span class='ocrx_word' id='word_1_139' title='bbox 1651 2210 1752 2271; x_wconf 84' lang='lat'><strong>43.</strong></span> <span class='ocrx_word' id='word_1_140' title='bbox 1795 2210 1935 2293; x_wconf 86' lang='grc' dir='ltr'><em>βλί-</em></span> 
     </span>
     <span class='ocr_line' id='line_1_22' title="bbox 155 2304 1928 2393; baseline 0.002 -25"><span class='ocrx_word' id='word_1_141' title='bbox 155 2305 350 2390; x_wconf 87' lang='grc' dir='ltr'><em>τυρόν</em></span> <span class='ocrx_word' id='word_1_142' title='bbox 406 2311 532 2369; x_wconf 78' lang='grc' dir='ltr'><strong><em>ἐστι</em></strong></span> <span class='ocrx_word' id='word_1_143' title='bbox 586 2307 790 2389; x_wconf 82' lang='grc' dir='ltr'><em>φυτὸν</em></span> <span class='ocrx_word' id='word_1_144' title='bbox 843 2306 882 2386; x_wconf 80' lang='grc' dir='ltr'>ἢ</span> <span class='ocrx_word' id='word_1_145' title='bbox 927 2304 1264 2390; x_wconf 83' lang='grc' dir='ltr'><em>φάρμακον</em></span> <span class='ocrx_word' id='word_1_146' title='bbox 1304 2307 1344 2387; x_wconf 83' lang='grc' dir='ltr'>ἢ</span> <span class='ocrx_word' id='word_1_147' title='bbox 1380 2310 1615 2391; x_wconf 84' lang='grc' dir='ltr'><em>χορδῆς</em></span> <span class='ocrx_word' id='word_1_148' title='bbox 1657 2310 1928 2393; x_wconf 83' lang='grc' dir='ltr'><em>μίμημα,</em></span> 
     </span>
     <span class='ocr_line' id='line_1_23' title="bbox 158 2407 1932 2494; baseline 0.006 -30"><span class='ocrx_word' id='word_1_149' title='bbox 158 2415 220 2465; x_wconf 90' lang='grc'><strong>61</strong></span> <span class='ocrx_word' id='word_1_150' title='bbox 275 2407 486 2488; x_wconf 82' lang='lat' dir='ltr'><strong>paullo</strong></span> <span class='ocrx_word' id='word_1_151' title='bbox 542 2417 683 2466; x_wconf 90' lang='lat' dir='ltr'><strong>ante</strong></span> <span class='ocrx_word' id='word_1_152' title='bbox 737 2407 999 2490; x_wconf 82' lang='grc' dir='ltr'><em>Βλίτυρι</em></span> <span class='ocrx_word' id='word_1_153' title='bbox 1040 2407 1144 2477; x_wconf 79' lang='grc' dir='ltr'><strong>καὶ</strong></span> <span class='ocrx_word' id='word_1_154' title='bbox 1188 2407 1533 2491; x_wconf 77' lang='grc' dir='ltr'><em>σκινδαψός</em></span> <span class='ocrx_word' id='word_1_155' title='bbox 1575 2445 1659 2454; x_wconf 88' lang='lat'><strong>-—-</strong></span> <span class='ocrx_word' id='word_1_156' title='bbox 1703 2412 1932 2494; x_wconf 82' lang='grc' dir='ltr'><em>ἄλογον</em></span> 
     </span>
    </p>

    <p class='ocr_par' dir='ltr' id='par_1_3' title="bbox 153 2497 2011 2992">
     <span class='ocr_line' id='line_1_24' title="bbox 156 2497 2011 2594; baseline 0.004 -28"><span class='ocrx_word' id='word_1_157' title='bbox 156 2506 248 2588; x_wconf 86' lang='lat' dir='ltr'><strong>(id</strong></span> <span class='ocrx_word' id='word_1_158' title='bbox 291 2514 386 2565; x_wconf 87' lang='lat' dir='ltr'><strong>est</strong></span> <span class='ocrx_word' id='word_1_159' title='bbox 429 2507 697 2588; x_wconf 82' lang='grc' dir='ltr'><em>ἄσημον)</em></span> <span class='ocrx_word' id='word_1_160' title='bbox 739 2509 951 2594; x_wconf 78' lang='grc' dir='ltr'><em>γέγονε</em></span> <span class='ocrx_word' id='word_1_161' title='bbox 994 2508 1063 2571; x_wconf 75' lang='grc' dir='ltr'><strong>δὲ</strong></span> <span class='ocrx_word' id='word_1_162' title='bbox 1106 2509 1224 2589; x_wconf 80' lang='grc' dir='ltr'><strong>ἤδη</strong></span> <span class='ocrx_word' id='word_1_163' title='bbox 1258 2510 1673 2591; x_wconf 79' lang='grc' dir='ltr'><em>παροιμιῶδες</em></span> <span class='ocrx_word' id='word_1_164' title='bbox 1708 2510 1790 2580; x_wconf 76' lang='grc' dir='ltr'><strong>ὥς</strong></span> <span class='ocrx_word' id='word_1_165' title='bbox 1823 2523 1930 2573; x_wconf 87' lang='grc' dir='ltr'><strong>κα·</strong></span> <span class='ocrx_word' id='word_1_166' title='bbox 2008 2497 2011 2499; x_wconf 10' lang='lat' dir='ltr'>v</span> 
     </span>
     <span class='ocr_line' id='line_1_25' title="bbox 153 2607 1928 2694; baseline 0.002 -24"><span class='ocrx_word' id='word_1_167' title='bbox 153 2612 605 2690; x_wconf 76' lang='grc' dir='ltr'><em>ταριθμεῒσθαι</em></span> <span class='ocrx_word' id='word_1_168' title='bbox 673 2612 739 2672; x_wconf 81' lang='grc' dir='ltr'><strong>ἐν</strong></span> <span class='ocrx_word' id='word_1_169' title='bbox 790 2607 1115 2694; x_wconf 80' lang='grc' dir='ltr'><em>καταλόγῳ</em></span> <span class='ocrx_word' id='word_1_170' title='bbox 1170 2607 1549 2692; x_wconf 82' lang='grc' dir='ltr'><em>φαρμάκων·</em></span> <span class='ocrx_word' id='word_1_171' title='bbox 1606 2609 1805 2693; x_wconf 80' lang='grc' dir='ltr'><em>Ἰόβας</em></span> <span class='ocrx_word' id='word_1_172' title='bbox 1859 2611 1928 2674; x_wconf 79' lang='grc' dir='ltr'><strong>δὲ</strong></span> 
     </span>
     <span class='ocr_line' id='line_1_26' title="bbox 154 2707 1926 2794; baseline 0.001 -24"><span class='ocrx_word' id='word_1_173' title='bbox 154 2707 267 2771; x_wconf 86' lang='grc' dir='ltr'><strong>τὸν</strong></span> <span class='ocrx_word' id='word_1_174' title='bbox 309 2709 660 2792; x_wconf 74' lang='grc' dir='ltr'><em>σκινδαψὸν</em></span> <span class='ocrx_word' id='word_1_175' title='bbox 692 2710 965 2794; x_wconf 78' lang='grc' dir='ltr'><em>ὄργανον</em></span> <span class='ocrx_word' id='word_1_176' title='bbox 991 2710 1294 2791; x_wconf 85' lang='grc' dir='ltr'><em>μουσικὸν</em></span> <span class='ocrx_word' id='word_1_177' title='bbox 1333 2710 1697 2783; x_wconf 73' lang='grc' dir='ltr'><em>ἀποδίδωσι,</em></span> <span class='ocrx_word' id='word_1_178' title='bbox 1739 2712 1810 2774; x_wconf 82' lang='grc' dir='ltr'><strong>τὸ</strong></span> <span class='ocrx_word' id='word_1_179' title='bbox 1857 2711 1926 2774; x_wconf 83' lang='grc' dir='ltr'><strong>δὲ</strong></span> 
     </span>
     <span class='ocr_line' id='line_1_27' title="bbox 156 2806 1926 2892; baseline 0.002 -24"><span class='ocrx_word' id='word_1_180' title='bbox 156 2806 401 2891; x_wconf 81' lang='grc' dir='ltr'><em>βλίτυρι</em></span> <span class='ocrx_word' id='word_1_181' title='bbox 425 2809 658 2892; x_wconf 82' lang='grc' dir='ltr'><em>χορδῆς</em></span> <span class='ocrx_word' id='word_1_182' title='bbox 693 2809 960 2890; x_wconf 87' lang='grc' dir='ltr'><em>μίμημα,</em></span> <span class='ocrx_word' id='word_1_183' title='bbox 1007 2812 1120 2872; x_wconf 79' lang='grc' dir='ltr'><strong>οὐκ</strong></span> <span class='ocrx_word' id='word_1_184' title='bbox 1164 2808 1252 2883; x_wconf 82' lang='grc' dir='ltr'><strong>εὗ,</strong></span> <span class='ocrx_word' id='word_1_185' title='bbox 1300 2809 1378 2869; x_wconf 84' lang='lat' dir='ltr'><strong>de</strong></span> <span class='ocrx_word' id='word_1_186' title='bbox 1419 2829 1539 2890; x_wconf 89' lang='lat' dir='ltr'><strong>quo</strong></span> <span class='ocrx_word' id='word_1_187' title='bbox 1584 2811 1729 2890; x_wconf 90' lang='lat' dir='ltr'><strong>quid</strong></span> <span class='ocrx_word' id='word_1_188' title='bbox 1753 2811 1926 2871; x_wconf 86' lang='lat' dir='ltr'><strong>Man-</strong></span> 
     </span>
     <span class='ocr_line' id='line_1_28' title="bbox 157 2909 1922 2992; baseline 0.005 -29"><span class='ocrx_word' id='word_1_189' title='bbox 157 2917 362 2967; x_wconf 86' lang='lat' dir='ltr'><strong>nertus</strong></span> <span class='ocrx_word' id='word_1_190' title='bbox 405 2909 628 2969; x_wconf 86' lang='lat' dir='ltr'><strong>dixerit</strong></span> <span class='ocrx_word' id='word_1_191' title='bbox 668 2911 735 2968; x_wconf 88' lang='lat' dir='ltr'><strong>in</strong></span> <span class='ocrx_word' id='word_1_192' title='bbox 772 2910 1030 2969; x_wconf 88' lang='lat' dir='ltr'><strong>Dissert.</strong></span> <span class='ocrx_word' id='word_1_193' title='bbox 1077 2909 1153 2968; x_wconf 90' lang='lat' dir='ltr'><strong>de</strong></span> <span class='ocrx_word' id='word_1_194' title='bbox 1203 2909 1564 2991; x_wconf 85' lang='lat' dir='ltr'><strong>Scindapso,</strong></span> <span class='ocrx_word' id='word_1_195' title='bbox 1608 2913 1821 2989; x_wconf 83' lang='lat' dir='ltr'><strong>ignoro</strong></span> <span class='ocrx_word' id='word_1_196' title='bbox 1852 2912 1922 2992; x_wconf 80' lang='lat'><strong>[⁰]</strong></span> 
     </span>
    </p>
   </div>
   <div class='ocr_carea' id='block_1_3' title="bbox 159 3118 1923 3236">
    <p class='ocr_par' dir='ltr' id='par_1_4' title="bbox 159 3118 1923 3236">
     <span class='ocr_line' id='line_1_29' title="bbox 260 3118 1923 3222; baseline 0.002 -58"><span class='ocrx_word' id='word_1_197' title='bbox 260 3118 347 3222; x_wconf 47' lang='lat' dir='ltr'><strong>tq]</strong></span> <span class='ocrx_word' id='word_1_198' title='bbox 391 3121 442 3164; x_wconf 86' lang='lat' dir='ltr'><strong>In</strong></span> <span class='ocrx_word' id='word_1_199' title='bbox 470 3125 652 3168; x_wconf 78' lang='lat' dir='ltr'><strong>secundo</strong></span> <span class='ocrx_word' id='word_1_200' title='bbox 696 3125 842 3168; x_wconf 82' lang='lat' dir='ltr'><strong>ordiue</strong></span> <span class='ocrx_word' id='word_1_201' title='bbox 881 3125 1001 3169; x_wconf 83' lang='lat' dir='ltr'><strong>deest</strong></span> <span class='ocrx_word' id='word_1_202' title='bbox 1042 3127 1167 3169; x_wconf 80' lang='lat' dir='ltr'><strong>litera</strong></span> <span class='ocrx_word' id='word_1_203' title='bbox 1209 3131 1331 3180; x_wconf 84' lang='lat' dir='ltr'><strong>zeta,</strong></span> <span class='ocrx_word' id='word_1_204' title='bbox 1371 3132 1598 3184; x_wconf 85' lang='lat' dir='ltr'><strong>supersunt</strong></span> <span class='ocrx_word' id='word_1_205' title='bbox 1638 3128 1688 3170; x_wconf 93' lang='lat' dir='ltr'><em>N</em></span> <span class='ocrx_word' id='word_1_206' title='bbox 1712 3131 1756 3169; x_wconf 85' lang='lat' dir='ltr'><strong>et</strong></span> <span class='ocrx_word' id='word_1_207' title='bbox 1785 3129 1831 3169; x_wconf 83' lang='grc' dir='ltr'>Ω</span> <span class='ocrx_word' id='word_1_208' title='bbox 1858 3130 1923 3169; x_wconf 84' lang='lat' dir='ltr'><strong>ter</strong></span> 
     </span>
     <span class='ocr_line' id='line_1_30' title="bbox 159 3193 400 3236; baseline 0.013 -16"><span class='ocrx_word' id='word_1_209' title='bbox 159 3193 259 3236; x_wconf 85' lang='lat' dir='ltr'><strong>repe</strong></span> <span class='ocrx_word' id='word_1_210' title='bbox 281 3194 296 3221; x_wconf 88' lang='lat'><em>1</em></span> <span class='ocrx_word' id='word_1_211' title='bbox 317 3194 400 3223; x_wconf 86' lang='grc'><strong>11111.</strong></span> 
     </span>
    </p>
   </div>
   <div class='ocr_carea' id='block_1_4' title="bbox 158 3265 1922 3389">
    <p class='ocr_par' dir='ltr' id='par_1_5' title="bbox 158 3265 1922 3389">
     <span class='ocr_line' id='line_1_31' title="bbox 276 3265 1922 3330; baseline 0.002 -22"><span class='ocrx_word' id='word_1_212' title='bbox 276 3265 342 3324; x_wconf 79' lang='lat'><strong>[0]</strong></span> <span class='ocrx_word' id='word_1_213' title='bbox 395 3267 674 3327; x_wconf 78' lang='lat' dir='ltr'><strong>Scindapsmn</strong></span> <span class='ocrx_word' id='word_1_214' title='bbox 731 3270 908 3315; x_wconf 86' lang='lat' dir='ltr'><strong>Homeri</strong></span> <span class='ocrx_word' id='word_1_215' title='bbox 968 3272 1166 3315; x_wconf 79' lang='lat' dir='ltr'><strong>famulum</strong></span> <span class='ocrx_word' id='word_1_216' title='bbox 1220 3273 1414 3316; x_wconf 82' lang='lat' dir='ltr'><strong>fabulose</strong></span> <span class='ocrx_word' id='word_1_217' title='bbox 1465 3270 1608 3330; x_wconf 85' lang='lat' dir='ltr'><strong>prodit</strong></span> <span class='ocrx_word' id='word_1_218' title='bbox 1654 3272 1922 3315; x_wconf 87' lang='lat' dir='ltr'><strong>Ptolemaeus</strong></span> 
     </span>
     <span class='ocr_line' id='line_1_32' title="bbox 158 3324 1871 3389; baseline 0.003 -22"><span class='ocrx_word' id='word_1_219' title='bbox 158 3324 297 3383; x_wconf 85' lang='lat' dir='ltr'><strong>Heph.</strong></span> <span class='ocrx_word' id='word_1_220' title='bbox 330 3341 366 3368; x_wconf 92' lang='lat' dir='ltr'><strong>c.</strong></span> <span class='ocrx_word' id='word_1_221' title='bbox 398 3325 475 3369; x_wconf 79' lang='lat' dir='ltr'><strong>vl.</strong></span> <span class='ocrx_word' id='word_1_222' title='bbox 506 3327 576 3370; x_wconf 83' lang='lat' dir='ltr'><strong>fin.</strong></span> <span class='ocrx_word' id='word_1_223' title='bbox 608 3328 868 3389; x_wconf 82' lang='lat' dir='ltr'><strong>Cindapsum</strong></span> <span class='ocrx_word' id='word_1_224' title='bbox 899 3345 1018 3375; x_wconf 87' lang='lat' dir='ltr'><strong>avem</strong></span> <span class='ocrx_word' id='word_1_225' title='bbox 1049 3338 1092 3374; x_wconf 86' lang='lat' dir='ltr'><strong>et</strong></span> <span class='ocrx_word' id='word_1_226' title='bbox 1123 3337 1289 3388; x_wconf 78' lang='lat' dir='ltr'><strong>gentem</strong></span> <span class='ocrx_word' id='word_1_227' title='bbox 1319 3332 1508 3376; x_wconf 86' lang='lat' dir='ltr'><strong>Indicam</strong></span> <span class='ocrx_word' id='word_1_228' title='bbox 1539 3331 1732 3375; x_wconf 81' lang='lat' dir='ltr'><strong>Zonaras</strong></span> <span class='ocrx_word' id='word_1_229' title='bbox 1763 3346 1795 3372; x_wconf 89' lang='lat' dir='ltr'><strong>s.</strong></span> <span class='ocrx_word' id='word_1_230' title='bbox 1830 3345 1871 3375; x_wconf 92' lang='lat' dir='ltr'><strong>v.</strong></span> 
     </span>
    </p>
   </div>
  </div>
 </body>
</html>
