2184 3840
302 245 427 304 878
843 257 1075 300 LIBER
1119 255 1546 299 SECUNDUS.

301 390 437 458 ὄξος
491 385 844 471 γλυκάὸιον.
934 385 1121 444 Fellis
1178 393 1382 443 autem
1444 402 1587 442 usus
1634 386 1737 463 qui
1783 384 1966 444 fuerit
2007 389 2070 444 in

300 488 514 559 sacriS,
573 506 696 545 non
751 488 1026 562 ignotum
1083 493 1252 563 puto.
1339 483 1714 562 Porphyrius
1761 483 1838 542 de
1881 483 1954 542 A.
2000 484 2070 543 N.

302 608 347 648 c.
415 586 637 646 XVIII.
703 587 939 666 μέλιτος
1011 583 1286 660 σπονδὴν
1340 589 1467 652 τοῖς
1515 582 1801 663 χθονίοις
1858 586 2074 656 ἔθυον,

300 687 412 765 τὴν
457 684 525 748 δὲ
562 685 752 764 χολὴν
795 688 922 752 τοῖς
965 687 1136 751 θεοῖς
1151 683 1245 761 [8].
1335 681 1539 742 Aliam
1582 685 1849 743 nominis
1893 684 2074 761 hujus

301 785 802 862 significationem
870 781 1069 841 tradit*
1114 778 1382 840 Galenus
1441 779 1674 841 Comm.
1728 784 1833 842 III.
1888 785 1955 842 in
2009 784 2076 842 L.

302 883 378 942 de
445 883 642 941 Fract.
714 902 773 961 p.
830 879 979 942 259.
1027 881 1106 940 D.
1165 879 1233 939 T.
1289 878 1424 939 XII.
1484 877 1687 940 Chart.
1746 884 1778 944 ὃ
1837 883 2078 961 ἠλίθιος

301 980 531 1060 εὐήθης
575 982 801 1063 ὁμοίως
848 983 1079 1067 λέγεται
1121 989 1195 1061 τῇ
1238 1005 1303 1042 τε
1326 980 1577 1065 γλυκείᾳ
1604 981 1708 1043 καὶ
1729 985 1820 1063 τῷ
1842 983 2080 1063 καλλίᾳ,

301 1087 591 1168 γλυκεῖαν
643 1082 760 1162 μὲν
812 1082 925 1161 τὴν
982 1090 1102 1145 οῦν
1154 1078 1595 1160 ὀνομαζόντων
1649 1088 1776 1145 τῶν
1831 1080 2082 1165 ἀνθρώ-

304 1206 442 1250 πων
486 1183 640 1245 ὅταν
683 1181 880 1262 εὐήθη
927 1187 1061 1263 (scr.
1086 1179 1347 1260 θύηται)
1390 1187 1518 1251 τοῖς
1561 1185 1734 1251 θεοῖς
1777 1183 2083 1264 εὐφημίας

305 1284 513 1355 ἕνεκα,
569 1283 826 1345 καλλίαν
883 1282 950 1345 δὲ
1007 1282 1119 1344 τὸν
1173 1281 1477 1359 πίθηκον,
1535 1281 1737 1361 ἐπειδὴ
1793 1283 1898 1344 καὶ
1939 1280 2085 1345 τού-

301 1406 414 1446 του
483 1384 598 1461 τὴν
670 1381 1085 1466 προςηγορίαν
1143 1380 1556 1464 φυλάττοντες
1624 1383 1690 1463 (i.
1738 1402 1788 1441 e.
1847 1391 2083 1465 φυλατ-

302 1480 576 1564 τόμενοι)
633 1484 947 1567 λέγουσιν,
1010 1482 1205 1564 ὥςπερ
1261 1482 1366 1545 καὶ
1424 1482 1814 1563 Καλλίμαχος
1869 1482 1903 1544 ὃ
1942 1484 2083 1565 πρὸ

302 1589 475 1664 μιῆς
520 1582 722 1664 ιῗρας
766 1581 1054 1664 θηρίον
1099 1583 1184 1643 οὐ
1243 1582 1684 1666 λέγεταιΠἺ.
1771 1582 1870 1641 De
1913 1591 2085 1642 aceto

304 1691 508 1741 autem
553 1683 772 1743 similis
816 1691 909 1741 est
952 1680 1269 1740 adnotatio
1316 1680 1695 1741 Scholiastae
1737 1681 1890 1741 Plat.
1929 1702 1990 1761 p.
2027 1683 2086 1743 9.

303 1782 543 1842 Ruhnk.
591 1782 669 1842 de
710 1780 808 1863 ἧδ’
854 1766 922 1852 ὃς
965 1781 1318 1841 disserentis
1361 1782 1520 1841 hunc
1549 1783 1615 1842 in
1650 1781 1934 1842 modum:
1979 1783 2088 1848 ἐὰν

304 1881 344 1963 ᾗ
404 1885 470 1947 ἓν
524 1886 707 1965 με’ρος
764 1881 984 1967 λόγου,
1042 1885 1212 1944 ἔσται
1268 1882 1476 1963 φίλος,
1535 1882 1619 1952 ὥς
1653 1883 2006 1961 Ἀθηναῖοι,
2048 1882 2088 1962 ἢ

306 1984 543 2065 ὄφελος,
589 1984 672 2053 ὥς
697 1989 1050 2068 Αἰγινῆται,
1093 1981 1131 2060 ἢ
1175 1982 1313 2051 ὄξος
1348 1982 1431 2051 ὥς
1455 1982 1805 2055 Χαλκιδεῖς,
1852 1977 1901 2064 ᾧ
1936 1984 2089 2065 πρὸς

306 2084 385 2146 τὰ
430 2083 563 2166 ἱερὰ
588 2090 885 2166 χρῶνται·
934 2099 1054 2161 quo
1087 2082 1382 2158 significat
1409 2078 1855 2155 Chalcidenses,
1901 2101 2090 2161 quum

312 2182 430 2241 diis
485 2192 725 2242 acetum
769 2180 993 2252 libent,
1060 2190 1268 2239 tamen
1310 2182 1557 2240 nomine
1599 2183 1719 2240 isto
1764 2184 1858 2240 uti
1898 2183 2090 2241 refor-

306 2280 543 2342 midare
585 2294 654 2342 ut
697 2299 920 2361 parum
965 2282 1314 2360 auspicat03
1373 2299 1718 2360 quanquam
1770 2293 1940 2355 sunt,
1987 2285 2091 2363 qui

309 2391 548 2440 acetum
591 2384 778 2441 sacris
824 2379 1134 2454 adhiberi,
1192 2370 1365 2441 {relut
1407 2398 1693 2460 spurcum
1737 2383 1952 2442 vinum
1997 2386 2092 2459 (ut

283 2481 529 2541 'Festus
586 2481 733 2540 dicit
786 2500 846 2559 Ρ.
906 2477 1074 2558 525.)
1131 2483 1384 2539 omnino
1439 2490 1690 2558 negant,
1754 2480 1976 2541 Suidas
2031 2493 2093 2541 et

312 2581 765 2640 Grammaticus
822 2578 1012 2638 Bekk.
1070 2578 1298 2639 Anecd.
1356 2599 1415 2659 p.
1475 2579 1617 2639 326.
1663 2579 1885 2662 ἀλίβας
1928 2583 2090 2666 λέγε-

311 2706 414 2744 ται
467 2682 537 2744 τὸ
597 2683 734 2752 ὄξος
776 2681 944 2762 παρὰ
989 2681 1059 2742 τὸ
1104 2681 1189 2761 μὴ
1236 2680 1556 2763 λείβεσθαι
1599 2684 1803 2753 θεοῖς,
1849 2682 1944 2744 ὅτι
1985 2705 2086 2745 νε-

312 2783 692 2863 νεκρωμένος
735 2782 898 2850 οἶνος
942 2780 1015 2838 cf.
1060 2780 1347 2840 Eustath.
1378 2801 1444 2862 p.
1495 2781 1674 2841 1679.
1720 2781 1820 2841 32.
1873 2797 1985 2840 nec
2024 2783 2090 2839 in

314 2884 499 2941 sacris
554 2882 759 2942 solum
819 2878 1313 2967 Chalcidensium
1368 2880 1478 2940 sed
1534 2882 1719 2958 vulgo
1777 2881 1964 2939 etiam
2024 2882 2090 2939 in

313 2981 496 3041 rebus
552 2983 858 3061 profanis,
916 2991 986 3041 ut
1043 2978 1440 3042 Casaubonus
1498 2980 1579 3040 ad
1634 2979 1854 3040 Athen.
1908 2981 1984 3039 Π.
2027 3000 2087 3059 p.

435 3152 514 3209 [ἢ]
554 3152 753 3209 Excepta
782 3153 946 3195 Junone
975 3150 1189 3207 conjugali
1218 3150 1438 3194 Plutarch.
1470 3149 1594 3206 Ccnj.
1618 3146 1718 3193 419.
1751 3150 1808 3193 T.
1833 3148 1931 3191 VII.
1961 3157 2007 3192 et
2035 3149 2089 3191 de

318 3210 498 3253 Daedal.
531 3225 599 3269 ap.
630 3211 792 3254 Euseb.
823 3212 896 3254 Pr.
927 3210 1011 3258 ΙΙΙ.
1045 3212 1082 3252 1.
1113 3209 1183 3252 84.

435 3282 536 3339 [aa]
581 3284 656 3326 Sic
685 3284 729 3327 in
759 3285 915 3328 Aldina
944 3297 1113 3342 quoque
1142 3282 1300 3338 legitur
1338 3297 1380 3339 p.
1412 3279 1511 3324 266.
1542 3281 1583 3323 b.
1625 3280 1681 3321 T.
1712 3279 1764 3321 V.
1806 3279 2088 3342 Spanhemius

316 3340 389 3383 Fr.
421 3341 497 3384 VI.
530 3338 693 3400 φύεται
723 3345 866 3386 nescio
906 3344 1016 3386 unde
1055 3356 1133 3399 pro
1173 3343 1371 3399 λέγεται,
1414 3340 1542 3395 idque
1582 3337 1872 3382 Blomfieldius
1911 3335 2087 3381 retinuit
2160 3372 2164 3373 γ

314 3400 423 3442 vitio
454 3406 632 3457 apert03
671 3406 756 3459 μία
776 3400 868 3462 ὥρη
899 3408 964 3446 est
992 3400 1020 3457 ἡ
1049 3395 1215 3459 πρώτη.
1306 3446 1308 3448 ,
