2150 3814
800 151 1258 215 01111111οΑ.
1399 177 1402 181 -
1804 141 1929 201 919

151 302 474 363 corporum
519 292 642 341 tres
683 281 806 338 sint
850 277 1260 346 dimensiones
1307 278 1682 358 totidemque
1727 282 1926 361 dupli—

148 404 247 443 ces
314 393 519 441 motus
591 379 766 454 (Phil.
836 377 913 435 de
985 377 1193 437 Somn.
1254 397 1314 456 p.
1373 375 1514 436 569.
1572 377 1667 458 B.)
1731 380 1924 457 longi-

146 483 325 554 tudo,
370 500 526 559 quae
557 478 784 538 *dextro
830 488 892 536 et
934 479 1180 536 sinistro
1226 478 1617 552 terminatur,
1662 480 1923 558 altitudo

146 601 299 660 quae
357 582 559 638 antico
618 589 680 636 et
733 580 1003 657 postic0,
1070 579 1330 636 miratur
1382 577 1748 638 Aristoteles
1806 580 1924 656 Py-

142 681 462 756 thagoreos
519 698 709 737 unum
764 689 1004 736 tantum
1062 697 1138 735 ex
1195 678 1290 737 his
1353 678 1546 739 tribus
1603 681 1922 759 principiis

138 778 370 838 mundo
428 778 744 850 tribuisse,
807 778 971 857 quod
1016 781 1420 838 certissimum
1469 790 1561 838 est
1604 798 1920 857 argumen-

138 889 302 952 tum,
358 897 464 937 eos
524 878 601 937 de
657 879 860 936 antico
919 888 980 936 et
1032 881 1269 956 postico
1314 880 1467 936 nihil
1512 881 1917 938 constituisse.

135 980 346 1058 Neque
388 978 454 1037 id
498 980 813 1058 permittet
854 979 1012 1034 ratio
1058 981 1217 1055 ipsa,
1264 996 1447 1055 quam
1484 981 1725 1057 sequuti
1760 990 1916 1037 sunt.

134 1079 290 1138 Nam
352 1088 422 1137 ut
465 1076 814 1155 Simplicius
860 1075 940 1134 ad
982 1077 1040 1134 h.
1087 1077 1123 1133 1.
1169 1096 1228 1154 p.
1275 1076 1374 1135 94.
1418 1077 1492 1137 A.
1535 1063 1650 1157 pro
1695 1078 1918 1154 Pytha-

133 1180 331 1255 goreis
376 1177 699 1255 disputans
741 1175 1025 1250 adnotat:
1067 1177 1138 1237 τὸ
1184 1178 1344 1239 κατὰ
1388 1177 1644 1240 πάντων
1688 1179 1916 1247 αὐτοὺς

130 1279 202 1341 τὸ
269 1278 484 1348 δεξιὸν·
542 1276 648 1339 καὶ
705 1276 1034 1359 ἇρὶ-στερόν
1094 1278 1321 1360 λέγειν,
1381 1280 1609 1360 ἔλαβον
1666 1283 1731 1341 ἐκ
1785 1287 1916 1341 τῶν

129 1380 278 1441 δέκα
345 1385 745 1456 συστοιχιῶν,
813 1375 976 1435 unde
1044 1378 1447 1457 perspicitur,
1512 1397 1618 1437 eos
1679 1378 1914 1437 mundo

127 1496 252 1537 11011
295 1487 549 1556 propter
591 1471 809 1535 ullam⁴
845 1494 1173 1555 corporum
1229 1479 1636 1537 animantium
1699 1478 1916 1537 simili-

127 1577 403 1636 tudinem
483 1575 770 1636 dextrum
851 1586 913 1634 et
990 1577 1304 1636 sinistrum
1388 1579 1690 1638 tribuisse.
1799 1578 1914 1636 Est

126 1695 275 1737 vero
320 1677 476 1736 alius
518 1676 870 1738 Aristotelis
911 1677 1081 1735 locus
1126 1677 1308 1751 Phys.
1351 1676 1532 1736 Ausc.
1576 1678 1679 1736 IV.
1725 1678 1783 1737 6.
1828 1679 1912 1739 εἷ-

125 1803 231 1840 ναι
275 1780 517 1858 ἔφασαν
558 1777 664 1838 καὶ
706 1777 766 1838 οἱ
807 1775 1242 1860 Πυθαγόρειοι
1285 1778 1467 1839 κενὸν
1521 1778 1625 1839 καὶ
1670 1779 1911 1848 &mcccc-<-

124 1903 230 1940 ναι
285 1877 441 1938 αὐτὸ
495 1884 586 1957 τῷ
640 1878 891 1956 οὐρανῷ
944 1879 1010 1937 ἐκ
1063 1884 1176 1937 τοῦ
1237 1876 1492 1958 ἀπείρου
1537 1875 1908 1958 πνεύματος,

125 1979 208 2047 ὥς
265 1977 347 2039 ἂν
402 1977 799 2039 ἂναπνέοντι·
859 1993 980 2054 quo
1036 1975 1379 2036 Boeckhius
1438 1977 1514 2035 de
1569 1978 1787 2037 Philol.
1845 1997 1908 2059 p.

125 2077 264 2136 108,
349 2075 827 2135 Mesmerianum
899 2086 1314 2135 commentum
1373 2076 1450 2134 de
1510 2079 1639 2138 vita
1694 2077 1912 2138 mundi

122 2180 434 2256 reciproco
502 2175 776 2233 anhelitu
850 2175 1202 2232 continuata
1269 2178 1443 2254 quasi
1504 2177 1907 2255 anticipatum

124 2296 259 2337 esse
300 2277 532 2335 statuit.
603 2272 806 2346 Quum
852 2291 999 2333 vero
1042 2275 1202 2332 inter
1243 2294 1506 2335 vacuum
1552 2276 1739 2350 illud,
1784 2295 1903 2356 quo

120 2393 379 2454 corpora
421 2373 863 2444 discernuntur,
908 2381 970 2430 et
1014 2375 1283 2432 animam
1328 2367 1542 2434 mundi
1568 2377 1902 2454 plurimum

115 2476 386 2547 intersit,
439 2492 563 2532 una
616 2472 976 2552 relinquitur
1032 2472 1204 2532 verbi
1261 2458 1645 2538 ἄναπῇεῢσαι
1687 2474 1902 2534 simili·-

117 2574 298 2647 tudo,
360 2592 479 2653 quo
532 2573 794 2632 fortasse
849 2591 927 2630 ne
973 2573 1077 2650 ,usi
1121 2572 1367 2652 quidem
1412 2585 1556 2634 sunt
1598 2575 1899 2652 Pythago-

116 2662 324 2755 rei[¹¹¹]'
374 2684 483 2732 aut
536 2693 661 2733 non
700 2675 790 2732 ita
833 2673 1083 2752 proprie
1127 2675 1221 2731 usi
1265 2684 1406 2732 sunt
1449 2674 1559 2733 sed
1602 2685 1671 2733 ut
1712 2674 1900 2733 hodie
1983 2680 1990 2687 ‘

117 2775 458 2855 loquimur,
527 2772 766 2833 Terra
816 2772 1174 2832 humores
1231 2774 1620 2832 coelestes
1675 2774 1896 2833 imbi-

118 2874 264 2948 bit,
330 2883 419 2938 et-
458 2874 656 2933 multa
714 2872 1054 2951 ejusmodi,
1113 2873 1296 2932 ducta
1349 2873 1426 2931 ab
1482 2874 1895 2933 animantibus

118 2974 494 3054 metaphora.
540 2972 802 3035 Ovidius
845 2973 1093 3054 quidem
1137 2973 1283 3033 Met.
1318 2972 1452 3032 XV.
1480 2974 1624 3042 ⁸342.
1670 2974 1894 3052 Pytha·

237 3115 333 3172 [111]
365 3115 639 3158 Aristotelem
668 3116 862 3172 sequimi·
886 3115 1156 3159 Themistius
1186 3115 1393 3170 Paraphr.
1424 3115 1467 3157 in
1497 3117 1625 3159 Ausc.
1652 3118 1728 3159 IV.
1752 3114 1822 3159 41.
1846 3132 1884 3159 a.

123 3169 283 3229 ταύτην
310 3174 355 3218 ot
383 3171 873 3234 Πυθαγόρειοιχαίτιάν
902 3177 962 3231 τῷ
991 3177 1127 3230 κοινῷ
1163 3177 1477 3230 προςτυθέασιν
1517 3175 1600 3219 οὐκ
1641 3173 1734 3220 οἶὸ”’
1767 3175 1888 3224 ὅπως

125 3232 504 3281 :talah-nudabat
544 3231 651 3277 αὐτὸ
682 3230 770 3277 ὑπὸ
802 3236 882 3277 τοῦ
923 3231 1091 3280 παντὸς
1131 3233 1300 3281 ἔξωθεν
1340 3239 1708 3293 περικεχυμένου.
1750 3249 1887 3291 neque

125 3287 295 3331 aliunde
323 3291 490 3348 accepit
518 3292 731 3335 Stobaeus
759 3292 855 3335 Ecl.
885 3293 921 3335 Ι.
951 3291 1051 3335 380.
1081 3293 1126 3333 et
1153 3290 1251 3333 388.
