2150 3814
197 201 359 263 1306
750 214 988 259 Lmen
1030 214 1398 260 TERTIUS.

189 347 393 406 tianus
437 341 588 422 Cap.
631 342 806 402 Rhet.
851 360 911 421 p.
955 341 1099 403 436.
1159 339 1499 422 Caperonn.
1554 345 1676 405 sin
1731 363 1972 406 sanna

191 445 420 526 typhi
473 443 687 502 naris
742 442 975 501 imum
1028 445 1362 504 torserit
1388 447 1478 527 [⁸].
1582 444 1794 525 Neque
1847 462 1972 504 non

187 553 425 606 constat
467 551 750 603 veterum
794 555 1140 601 scurrarum
1185 552 1379 604 artem
1422 548 1696 605 maxime
1736 545 1805 603 in
1850 545 1975 603 oris

188 644 553 706 distortione
596 642 870 722 positam
913 642 1354 722 simiarumque
1397 646 1787 723 gesticulatos
1842 661 1976 703 mo-

186 755 286 805 tus
330 742 706 810 aemulatam
757 759 909 800 esse.
995 742 1301 820 Eurybati
1352 762 1578 804 nomen
1635 743 1713 803 ab
1769 743 1976 824 Ephe-

184 847 278 904 sio
306 840 520 903 Croesi
540 839 916 900 fraudatore
937 843 1027 923 [⁸⁸]
1065 842 1412 902 traductum
1445 843 1714 916 videtur,
1759 828 1976 922 quem-

185 942 526 1004 admodum
585 960 776 1021 supra
845 940 1116 1002 diximus
1183 943 1500 1015 Simonem
1559 951 1622 1002 et
1675 943 1975 1004 Niconem

186 1042 582 1104 Telchinibus
614 1041 1065 1103 -adnumeratos
1123 1062 1258 1103 esse
1286 1044 1358 1124 [t]
1417 1043 1778 1124 quibuscum
1834 1061 1975 1102 con-

185 1154 510 1221 gregantur
553 1161 651 1223 ap.
696 1141 934 1201 Aelian.
978 1142 1059 1202 H.
1103 1143 1221 1203 An.
1266 1143 1370 1203 VI.
1417 1128 1514 1204 58.
1567 1141 1619 1207 ὦ
1663 1140 1976 1226 Σισύφων

184 1244 291 1306 καὶ
341 1242 649 1322 Τελχίνων
691 1242 797 1303 καὶ
838 1241 1194 1325 Κερκώπων
1239 1244 1530 1322 ζηλωταί.
1558 1241 1687 1304 vAd
1722 1242 1975 1302 Aeschi-

184 1344 280 1402 nis
329 1341 431 1400 Or.
477 1361 525 1400 c.
572 1338 733 1402 CteS.
777 1360 838 1420 p.
868 1339 1028 1400 527.
1072 1342 1181 1401 ubi
1224 1342 1629 1419 Phrynondas
1675 1352 1738 1401 et
1774 1343 1976 1419 Eury-

183 1442 363 1502 batus
406 1442 836 1513 nominantur,
901 1441 1247 1501 Scholiasta
1302 1462 1364 1522 p.
1407 1442 1554 1502 766.
1609 1442 1761 1501 haec
1809 1461 1976 1501 com-

183 1551 520 1602 mentatur:
576 1539 941 1624 Εὓρύβατοι
984 1539 1101 1604 δύο
1147 1542 1430 1627 ἐγένοντο
1475 1542 1774 1626 πονηροὶ,
1832 1544 1976 1605 ἄπι-

184 1664 354 1716 στοι,
435 1649 812 1728 πανοῦργοι,
889 1659 1150 1720 quorum
1222 1660 1381 1701 unus
1451 1639 1717 1723 Cercops
1785 1629 1978 1703 fuisse

181 1741 464 1816 videtur,
533 1742 690 1802 alter
743 1741 1051 1822 Ephesius
1114 1738 1457 1822 Cercopum
1514 1743 1882 1824 populariS,
1924 1743 1978 1802 si

182 1842 432 1924 quidem
475 1843 541 1902 hi
585 1842 836 1922 Epheso
883 1841 1131 1901 oriundi
1173 1843 1362 1902 fuere.
1433 1841 1771 1923 Cer-copem
1812 1851 1976 1902 certe

182 1944 483 2021 significat
550 1940 847 2022 Alciphro
903 1941 972 2001 L.
1027 1942 1133 2001 III.
1201 1942 1330 2022 ΕΡ.
1375 1943 1476 2002 20.
1544 1943 1977 2012 κλεπτίστατος

185 2047 528 2126 ἄνθρωπος
569 2041 725 2124 ὑπὲρ
770 2043 847 2105 ὃν
891 2040 1200 2123 ἀκούομεν
1255 2040 1637 2125 Εὐρύβατον
1687 2043 1802 2106 τὸν
1864 2047 1974 2107 Οἶ-

178 2145 420 2226 χαλιὲα.
465 2141 846 2219 Hesychius:
887 2139 1261 2225 Εὐρύβατος
1302 2143 1594 2226 Κέρκωψ,
1642 2141 1812 2223 quodi
1831 2147 1974 2201 con*-

184 2283 346 2358 ³112'69‘.
378 2299 450 2343 vel
481 2298 756 2357 ἐξινωμένον
784 2299 856 2342 vel
885 2295 1229 2358 ὑπερινωμένον
1256 2298 1288 2341 i.
1313 2313 1351 2341 e.
1381 2295 1597 2358 ὑπέρινον
1625 2294 1863 2358 γεγονότα,
1896 2296 1974 2341 ad·-

183 2360 287 2403 ditis
317 2359 459 2402 literis
486 2358 727 2402 initialibus
741 2390 755 2411 ‚
786 2358 842 2402 de
872 2370 1054 2414 quarum
1082 2357 1312 2400 omissione
1343 2371 1474 2415 supra
1505 2357 1612 2411 dixi.
1654 2358 1725 2414 [In
1754 2358 1973 2415 Aristopli.

182 2419 324 2481 Rann.
355 2418 455 2461 967.
496 2422 650 2474 νοεῖν,
695 2414 836 2477 ὁρᾷν,
882 2419 1106 2472 ξυνιέναι,
1151 2419 1388 2476 στρέφειν,
1431 2417 1566 2475 ἒρᾷν,
1608 2413 1858 2475 τεχνάζειν,
1892 2430 1972 2477 pro

183 2474 320 2536 ἐρ’ᾄν,
357 2474 472 2533 quod
500 2474 689 2531 intelligi
717 2475 890 2532 nequit,
931 2475 1115 2518 forsitan
1146 2477 1311 2535 φωρᾷν
1340 2475 1641 2532 corrigendum
1671 2489 1766 2519 cum
1794 2465 1972 2518 fluorum

183 2538 413 2580 verborum
443 2534 738 2591 traiectione}
1764 2572 1792 2579 Γ

302 2593 382 2651 [8]
430 2593 560 2636 Hunc
595 2597 641 2635 et
677 2589 935 2647 Hieronymi
973 2589 1135 2634 locum:
1189 2591 1563 2635 subsannatio
1604 2591 1839 2650 proprie
1878 2604 1972 2633 ru-

183 2658 326 2710 gato
375 2655 786 2696 et'contracto
843 2663 981 2693 naso
1021 2650 1401 2708 exprimitur,
1450 2652 1540 2707 jam
1578 2650 1976 2697 Heinsiuu=attulit

184 2714 241 2756 ad
271 2713 381 2756 Met.
411 2710 534 2755 XIV.
567 2709 640 2754 95.

286 2771 379 2828 [⁸³]
423 2768 492 2812 De
521 2770 604 2813 hoc
632 2768 756 2812 multi
793 2767 995 2811 dixerunt
1033 2781 1076 2810 v.
1119 2766 1302 2823 Taylor.
1346 2767 1403 2810 ad
1442 2766 1641 2817 Aeschin.
1683 2782 1743 2825 p.·
1765 2765 1864 2808 527.
1904 2779 1969 2823 sq.

186 2829 439 2873 Boissonad.
471 2828 527 2872 ad
557 2827 772 2871 Aristaen.
803 2843 844 2884 p.
878 2825 978 2869 513.
1007 2825 1138 2869 Marx
1168 2826 1224 2868 ad
1252 2826 1419 2883 Ephor.
1450 2842 1492 2884 p.
1521 2827 1623 2870 207.
1647 2862 1650 2864 ,
1731 2870 1734 2873 Α

289 2888 373 2945 [t]
406 2887 617 2931 Libanius
646 2886 733 2944 Ep.
766 2884 1024 2928 CCCCXX.
1053 2883 1152 2927 215.
1186 2890 1356 2943 φρονεῖ
1370 2887 1458 2944 μὲν
1480 2887 1646 2943 μεῖζον
1669 2879 1968 2938 Ἀλκιβιάδου,

190 2952 314 2991 ποιεῖ
344 2947 395 2992 δὲ
431 2944 486 2989 τὰ
516 2950 742 3001 Σίκωνος,
784 2945 860 2988 ubi
889 2944 1072 2987 Wolfius
1101 2945 1304 2992 Σίνωνος
1342 2943 1588 2996 substituit,
1629 2943 1874 2999 Lennepius
1915 2942 1973 2984 ad

189 3006 364 3048 Phalar.
395 3020 437 3062 p.
468 3004 539 3048 61.
599 3007 838 3063 Σίμωνος,
878 3003 991 3060 quod
1019 3004 1218 3060 praestat
1254 3003 1349 3056 illi,
1389 3015 1633 3059 quanquam
1663 3001 1768 3044 Sino
1799 3014 1970 3058 quoque

187 3064 287 3108 huic
314 3068 605 3107 veteratorum
634 3062 824 3106 familiae
853 3060 1097 3119 adscriptus
1126 3066 1205 3104 est.
1264 3061 1444 3106 Servius
1481 3061 1589 3104 Aen.
1620 3060 1680 3103 H.
1721 3060 1792 3102 79.
1832 3060 1933 3107 ,Au
1947 3083 1970 3090 -

190 3121 426 3179 tolycus
472 3121 672 3178 genuit
718 3121 997 3164 Aesimum
1039 3119 1181 3163 unde
1225 3121 1349 3164 nati
1389 3119 1564 3162 Sinon
1605 3124 1658 3161 et
1698 3118 1968 3163 Anticlea

189 3186 364 3226 mater
401 3180 664 3237 UlyssiS,
706 3180 782 3223 ubi
810 3180 920 3223 male
950 3178 1162 3222 Aesimum
1199 3178 1243 3221 in
1274 3179 1505 3236 Sisyphum
1545 3182 1735 3229 mutant;
1775 3177 1971 3221 Aesimus

190 3240 301 3283 enim
331 3239 536 3294 Autolyci
580 3244 626 3281 et
664 3238 948 3296 Amphitheae
987 3237 1102 3280 filius
1141 3238 1340 3295 proditur
1368 3236 1516 3280 Schol.
1547 3237 1651 3292 Lyc.
1679 3233 1780 3279 344.
1839 3235 1970 3283 Patet

192 3299 290 3342 hinc
318 3303 513 3342 veterum
542 3297 838 3341 fraudatorum
866 3296 1177 3349 nobilissimos,
1222 3297 1418 3340 similiter
1446 3309 1499 3339 ac
1528 3302 1652 3339 vates
1681 3300 1727 3338 et
1765 3294 1967 3338 sacerdo-

193 3367 285 3410 tes,
327 3373 354 3402 a
383 3357 592 3402 communi
621 3357 757 3415 stirpe
785 3356 995 3415 repetitos
1022 3369 1130 3399 esse.
