2184 3840
799 227 1246 272 onrnch.
1776 212 1902 273 809

145 385 205 446 p.
246 365 344 426 69.
389 365 459 423 Ε.
501 358 1000 430 κινδυνεύουσιν,
1055 357 1283 436 inquit,
1337 355 1440 419 καὶ
1495 356 1554 418 οἱ
1593 353 1705 424 τὰς
1744 362 1904 417 τελε-

144 467 255 536 τὰς
319 466 469 545 ἡμῖν
529 457 1021 540 καταστήσαντες
1087 458 1164 518 οὐ
1232 454 1462 539 φαῦλοί
1514 479 1673 525 τινες
1727 454 1905 527 εἶναι,

146 563 296 628 ἀλλὰ
339 571 430 647 τῷ
467 565 600 626 ὄντι
635 558 824 622 πάλαι
865 557 1248 621 αἰνίττεσθαι
1274 556 1388 630 ὅτι,
1433 556 1500 626 ὃς
1523 554 1606 619 ἀν
1635 551 1908 638 ἀμύητος

141 664 246 726 καὶ
288 664 599 732 ἀτέλεστος
642 666 726 730 εἲς
769 659 927 742 ᾅδου
978 656 1294 742 ἀφίκηται,
1339 660 1405 721 ἐν
1445 651 1744 740 βορβόρῳ
1786 652 1907 726 κεί,-

144 786 341 837 σεται,
386 764 419 826 ὃ
458 762 526 826 δὲ
563 760 1025 842 κεκαθαρμένος
1059 782 1124 822 τε
1163 759 1268 822 καὶ
1288 756 1701 839 τετελεσμένος
1725 758 1909 819 ἐκεῖσε

143 861 516 948 ἀφικόμενος
557 862 713 946 μετὰ
755 865 929 925 θεῶν
973 858 1214 939 οἰκήσει.
1282 860 1422 921 Εἰσὶ
1463 858 1584 944 γὰρ
1629 856 1743 938 δὴ,
1786 881 1912 940 φα-

145 965 245 1029 σὶν
289 966 348 1027 οἱ
389 964 528 1047 περὶ
568 963 680 1034 τοὶς
720 962 981 1034 τελετὰς,
1029 956 1502 1043 ναρθηκοφόροι
1544 956 1661 1039 μὲν
1702 955 1915 1019 πολλοὶ

141 1063 364 1147 βάκχοι
399 1065 474 1127 δέ
505 1087 570 1126 τε
597 1069 852 1145 παῦροι·
898 1059 1116 1140 quibus
1142 1059 1291 1119 haec
1313 1056 1673 1118 subnotavit
1701 1054 1915 1132 Olym-

141 1163 438 1245 piodorus
481 1181 520 1222 a
559 1161 850 1222 Forstero
895 1148 1220 1241 apxFisch.
1263 1178 1324 1239 p.
1349 1158 1491 1218 290.
1535 1166 1598 1216 et
1641 1155 1915 1216 Gesnero

140 1267 207 1324 in
248 1264 488 1341 Fragm.
530 1260 742 1325 Inedd.
785 1274 846 1343 p.
889 1260 1034 1321 409.
1063 1259 1498 1341 ‘particulatim
1539 1275 1653 1317 nec
1696 1253 1915 1316 eodem

141 1364 330 1425 modo
387 1363 704 1441 evulgata:
761 1361 1044 1446 παρῳδεῖ
1095 1363 1234 1432 ἔπος
1270 1357 1572 1442 Ὀρφικὰν.
1622 1356 1693 1420 τὸ
1741 1356 1918 1442 λέγον

143 1466 240 1528 ὅτι
294 1465 452 1535 ὅςτις
503 1465 569 1528 δ’.
625 1463 808 1545 ἡμῶν
861 1462 1208 1533 ἀτέλεστος,
1267 1459 1463 1541 ὥςπερ
1509 1459 1575 1522 ἓν
1617 1453 1918 1540 βορβόρῳ

142 1565 403 1629 κείσεται
445 1568 512 1630 ἐν
555 1564 748 1648 ᾅδου·
795 1571 858 1622 et
901 1559 982 1621 ad
1027 1561 1319 1620 alterum:
1362 1559 1644 1643 παρῳδεῖ
1680 1580 1920 1620 παντα-

138 1675 258 1747 χοῦ
313 1666 391 1728 v&
443 1672 558 1728 τοῦ
607 1663 908 1746 Ὀρφέως·
965 1661 1065 1724 διὸ
1125 1660 1230 1723 καὶ
1274 1659 1486 1740 στίχον
1529 1659 1724 1720 αὐτοῦ
1770 1675 1921 1738 φησι

146 1765 383 1829 Πολλοὶ
444 1763 563 1845 μὲν
626 1758 1101 1845 ναρθηκοφόροι
1154 1766 1385 1840 παῦροι
1438 1758 1513 1821 δέ
1559 1781 1625 1819 τε
1678 1752 1921 1837 βάκχοι.

145 1865 373 1924 Prioris
428 1863 549 1923 loci
615 1861 983 1921 sententiam
1037 1860 1429 1937 integriorem
1485 1855 1691 1916 reddit
1746 1854 1921 1915 Steu-

146 1965 291 2024 chus
333 1963 433 2023 De
475 1979 723 2041 perenn.
764 1960 989 2044 philos.
1042 1958 1121 2020 X.
1166 1960 1225 2019 8.
1270 1957 1413 2019 231.
1468 1957 1725 2018 afferens
1771 1974 1922 2017 car·

145 2082 310 2123 men
356 2061 655 2142 Orphei

288 2180 568 2240 Quicunque
603 2176 666 2224 ad
699 2176 864 2224 Ditem
898 2178 1110 2224 incestus
1146 2174 1447 2223 descenderit
1481 2175 1627 2223 imum

8 2328 10 2330 Ι
80 2269 107 2301 0
287 2263 497 2310 infossus
534 2277 683 2310 coeno
720 2277 887 2324 perpes
924 2262 1216 2308 cruciabitur
1251 2269 1375 2312 atro.

150 2379 301 2442 quos
344 2377 558 2422 versus
599 2367 807 2419 utrum
847 2361 984 2439 ipse
1026 2368 1426 2419 commentus·
1450 2359 1531 2417 sit
1557 2376 1636 2416 an
1662 2376 1738 2418 ex
1759 2376 1926 2435 grae-

149 2462 233 2520 cis
290 2459 662 2520 converterit
720 2459 816 2540 (ὃς
871 2459 938 2521 δ’
981 2458 1162 2540 ἡμῶν
1206 2458 1420 2539 ἀτελὴς
1461 2459 1684 2523 νέατον
1726 2456 1928 2542 δόμον

143 2560 357 2630 Ἀΐδος
410 2562 563 2639 ἔλθῃ
620 2556 762 2637 etc.)
831 2556 1155 2619 decernere
1210 2577 1487 2618 mearum
1532 2559 1762 2619 virium
1804 2576 1929 2617 non

150 2670 274 2734 est,
318 2659 427 2719 sed
472 2657 755 2738 Orphicis
795 2659 1140 2739 persimiles
1186 2677 1348 2732 esse,
1394 2658 1792 2718 confidentius
1837 2658 1930 2716 af-

149 2763 393 2821 firmare
434 2777 708 2842 possum.
782 2758 979 2819 Iidem
1021 2778 1171 2821 vero
1215 2762 1651 2837 mysteriorum
1693 2759 1930 2818 antisti-

155 2872 244 2921 tes
302 2859 605 2920 docebant
657 2860 875 2919 noxios
930 2859 1224 2921 adhibitis
1286 2859 1652 2941 quibusdam
1707 2859 1932 2918 sacrifi-

154 2963 261 3021 ciis
306 2959 734 3022 occultioribus
777 2969 946 3020 metu
987 2980 1226 3042 poenae
1269 2960 1507 3022 exsolvi
1551 2968 1612 3019 et
1654 2978 1789 3019 cum
1836 2957 1932 3017 dis

154 3062 394 3143 superis
461 3060 794 3141 inferisque
861 3062 929 3121 in
994 3063 1252 3140 gratiam
1306 3061 1548 3122 restitui
1600 3078 1812 3141 posse:
1868 3061 1934 3121 αἱ

158 3161 390 3224 τελεταὶ
444 3157 526 3224 αὗ
578 3162 738 3247 μέγα
792 3159 1098 3227 δύνανται
1142 3161 1247 3225 καὶ
1290 3163 1348 3225 οἱ
1404 3160 1601 3226 λύσιοι
1643 3160 1804 3234 θεοὶ,
1850 3160 1933 3230 ὥς

163 3263 227 3323 αἱ
266 3263 546 3347 μέγισται
589 3259 790 3332 πόλεις
835 3263 1075 3349 λέγουσι
1119 3263 1220 3326 καὶ
1266 3254 1329 3325 οἷ
1368 3266 1538 3326 θεῶν
1582 3262 1795 3331 παῖδες
1831 3260 1935 3323 καὶ

164 3368 473 3443 προφῆται
537 3370 668 3427 τῶν
723 3367 893 3426 θεῶν
948 3363 1266 3447 γενόμενοι
1324 3361 1472 3443 Rep.
1531 3362 1605 3421 ΙΙ.
1663 3360 1803 3421 366.
1860 3358 1932 3419 Α.
