2150 3814
204 202 368 262 1092
728 216 961 261 LIBER
1006 216 1434 262 SECUNDUS.

198 347 310 406 tris
366 352 686 425 agnoscat,
744 363 898 424 quos
941 346 1114 408 velut
1157 349 1430 423 geminos
1477 349 1789 427 conjungit
1831 349 1977 413 Ovi—

199 443 337 507 dius
381 447 556 507 Pont.
599 444 643 504 I.
687 443 782 503 El.
827 444 928 504 37.

409 575 535 622 Ante
573 573 711 620 deum
746 581 945 621 matrem
982 590 1132 621 cornu
1168 574 1349 624 tibicen
1385 578 1576 627 adunco

536 673 680 720 quum
715 659 871 719 canit,
909 660 1114 724 exiguae
1144 661 1256 724 ‘quis
1293 663 1355 709 st‘
1384 664 1458 725 pis
1495 680 1609 712 aera
1643 662 1823 729 negat?

411 746 586 793 scimus
624 745 683 792 ab
718 745 919 806 imperio
957 745 1063 792 fieri
1103 747 1176 794 nil
1211 749 1309 794 tale
1394 749 1554 809 ianae,

538 828 666 877 unde
701 837 863 877 tamen
895 830 1055 890 vivat,
1092 832 1385 879 vaticinator
1419 832 1578 883 habet.

199 958 309 1019 ubi
358 956 542 1031 deae,
598 966 669 1016 ut
722 966 886 1017 recte
928 967 1142 1018 monet
1186 958 1540 1023 Gronovius
1586 959 1843 1022 Observ.
1887 959 1991 1020 IV.

199 1059 262 1118 7.
308 1055 451 1119 590.
508 1055 824 1131 diversae,
879 1057 1269 1119 sacerdotum
1326 1061 1526 1122 victus
1568 1060 1755 1121 idem.
1838 1059 1994 1120 Dia-

199 1176 318 1219 nae
385 1158 689 1237 Pergaeae
747 1157 1097 1237 sacerdotes
1154 1160 1479 1221 Gallorum
1528 1180 1704 1221 more
1765 1162 1996 1241 stipem

202 1259 519 1337 collegisse
586 1268 799 1318 auctor
865 1267 959 1319 est
1016 1259 1272 1321 Photius
1330 1281 1390 1342 p.
1446 1262 1551 1322 72.
1607 1271 1670 1322 et
1726 1259 1898 1321 Suid.
1954 1261 1995 1341 ἥ

200 1358 493 1445 Πὲργαία
545 1361 882 1442 ”Αρτεμις,
967 1358 1260 1450 τάσσεται
1338 1362 1436 1423 ἐπὶ
1499 1369 1630 1425 τῶν
1697 1364 1994 1446 ἅγυρτῶν

199 1457 307 1520 καὶ
372 1466 736 1537 πλανητῶν·
807 1456 1091 1540 παρόσον
1160 1459 1266 1520 καὶ
1328 1461 1367 1539 ἡ
1424 1462 1576 1530 θεὸς
1629 1465 1999 1524 πλανᾶσθαι

200 1556 517 1640 νομίζεται
544 1559 635 1636 [¹¹].
735 1555 1043 1619 Convenit
1106 1557 1223 1616 hoc
1290 1559 1536 1637 ingenio
1607 1557 1760 1618 deae
1826 1559 1998 1620 fana-

201 1657 360 1717 ticae
377 1701 395 1733 ‚
461 1658 782 1720 vesaniam
837 1669 901 1719 et
955 1675 1212 1735 angores
1269 1661 1490 1720 animis
1548 1660 1802 1738 injicere
1873 1679 1999 1720 cre-

204 1754 389 1834 ditae.
457 1776 519 1818 v.
587 1758 888 1839 Hippocr.
946 1761 1025 1821 de
1081 1761 1280 1821 Morb.
1348 1758 1513 1838 Virg.
1586 1779 1634 1819 c.
1690 1759 1794 1819 ΙΠ.
1853 1757 1998 1820 357.

200 1853 424 1920 Horat.
477 1856 554 1917 A.
608 1858 673 1916 P.
715 1856 860 1921 453.
893 1862 968 1941 [⁰]
1028 1870 1090 1920 et
1145 1861 1438 1939 sanguine
1496 1860 1803 1920 cultorum
1862 1860 2001 1940 pla-

204 1955 453 2015 candae.
538 1956 967 2036 Athenagoras
1009 1960 1152 2038 Leg.
1212 1981 1260 2019 c.
1305 1959 1406 2019 23.
1460 1978 1523 2040 p.
1573 1959 1711 2018 176.
1767 1962 1827 2023 οἱ
1880 1959 2002 2043 μὲν

204 2055 626 2138 ἅποτέιινουσι
693 2057 774 2119 τοὶ
846 2050 1058 2123 οιῖὃοῖοι
1129 2063 1188 2122 οἱ
1263 2046 1404 2142 περὶ
1468 2060 1585 2138 τὴν
1649 2060 1859 2134 Ῥέαν,
1941 2063 2001 2123 οἱ

203 2154 273 2217 δὲ
345 2154 753 2241 ἑγκόπτουσιν
817 2157 856 2238 ἢ
914 2160 1316 2240 ἐντέμνουσιν
1372 2159 1430 2219 οἱ
1483 2158 1624 2241 περὶ
1671 2158 1794 2239 ’τὴν
1839 2161 2003 2243 '‘Aq—

202 2280 397 2336 τεμιν.
489 2254 654 2329 Quin
719 2256 877 2317 illud
944 2257 1276 2342 δαιμόνιον
1340 2256 1793 2342 μεσήμβρινον
1836 2258 2005 2340 quod

204 2355 391 2417 LXX.
435 2356 694 2436 Interpr.
738 2359 804 2417 in
847 2358 1070 2418 Psalm.
1113 2359 1455 2419 intulerunt
1497 2362 1583 2436 (v.
1629 2355 1850 2419 Clerici
1881 2359 2003 2420 Ars

208 2452 356 2516 Crit.
401 2456 466 2514 P.
509 2458 555 2515 I.
601 2455 733 2532 37.)
772 2458 1054 2517 nonnulli
1095 2458 1368 2518 Dianam
1410 2460 1798 2539 interpretati
1840 2467 2001 2519 sunt.

205 2553 363 2614 Acta
408 2554 850 2635 Symphoriani
891 2558 1168 2617 Ruinart.
1201 2557 1336 2618 Act.
1371 2558 1551 2618 Mart.
1586 2578 1647 2639 p.
1675 2560 1777 2619 70.
1821 2559 2002 2620 Dia·
2070 2546 2074 2554 ¹

205 2672 376 2714 nam
434 2654 930 2716 daemonium
989 2675 1158 2716 esse
1211 2658 1740 2719 meridianum
1795 2677 2001 2720 sanc—

205 2763 460 2815 torum
528 2755 924 2818 industria
987 2760 1547 2838 investigavit,
1617 2779 1809 2841 quae
1861 2773 2000 2841 per

327 2966 395 3023 [11]
440 2968 610 3025 Pergae
661 2971 808 3015 fanum
856 2971 1194 3028 antiquissimum
1243 2998 1300 3005 -—
1359 2973 1498 3015 unde
1549 2974 1672 3016 fata
1721 2973 1997 3029 petuntur

211 3024 367 3068 Ascon.
409 3028 455 3069 in
492 3028 576 3071 III.
619 3045 655 3071 c.
698 3031 825 3073 Verr.
866 3045 903 3073 c.
942 3031 1039 3074 CII.
1083 3031 1153 3074 36.
1196 3046 1236 3076 a.
1295 3031 1414 3074 Idem
1453 3032 1507 3074 de
1548 3031 1788 3103 propinquo
1830 3031 1999 3075 Dianae

211 3082 510 3139 Sarpedoniae
539 3087 698 3145 templo
728 3088 955 3147 praedicat
984 3090 1144 3133 Strabo
1174 3090 1290 3134 XIV.
1321 3091 1421 3134 676.
1453 3088 1556 3139 τοὺς
1577 3087 1815 3149 χρησμοὺς
1843 3091 1998 3134 ἔνθεοι

210 3145 580 3200 προθεσπιζουσι.

327 3241 400 3298 [0]
446 3243 709 3289 Athanasius
739 3246 900 3290 Comm.
930 3247 974 3290 in
1004 3247 1160 3291 Matth.
1201 3263 1244 3305 p.
1276 3248 1349 3292 41.
1389 3249 1435 3291 in
1474 3247 1994 3291 Nov.(3011ect.Montf.

212 3298 271 3341 T.
300 3296 337 3341 Ῑ.
377 3300 594 3346 diabolum
624 3306 669 3347 in
700 3320 833 3348 causa
863 3321 957 3349 esse
987 3306 1093 3349 dicit
1124 3321 1201 3348 cur
1231 3307 1454 3365 epileptici
1481 3307 1732 3363 plerumque
1768 3307 1839 3349 die
1868 3306 1994 3349 lunae

213 3357 363 3413 quinto
394 3361 711 3419 corripiantur3
757 3365 856 3408 inde
886 3365 1100 3409 sacrificia
1131 3366 1279 3411 Lunae
1306 3366 1404 3410 fieri
1435 3365 1543 3409 coeli
1572 3365 1762 3421 reginae.

2147 3138 2150 3254 ἕ
