2150 3814
267 189 391 250 902
816 200 1039 245 LIBER
1079 198 1484 244 SECUNDUS.

268 348 414 390 non
457 330 673 390 fallit
714 329 855 390 hoc
899 330 1261 390 volumen
1305 330 1474 406 ejus
1517 325 1946 410 (Pythagorae)
1992 347 2029 386 a

269 429 720 510 quibusdam
791 427 1248 507 Cleemporo
1317 426 1614 487 medico
1672 425 2032 486 adscribi.

266 530 349 589 Et
402 530 470 588 L.
514 528 711 588 XXII.
757 547 804 585 c.
849 527 906 587 9.
963 527 1235 588 fabulam
1291 525 1369 585 de
1425 528 1674 604 eryngio
1734 527 2032 584 inserens:

266 629 558 688 multae
629 628 830 685 circa
894 626 1036 685 hoc
1101 643 1254 684 non
1313 625 1709 702 Magorum
1779 625 2030 684 solum

266 729 661 788 vanitates
730 723 865 783 sed
933 727 1167 783 etiam
1237 724 1936 802 Pythagoricorum
1971 724 2034 802 [‘]

267 844 386 905 quo
444 826 518 886 in,
562 841 816 882 numero
862 823 1125 884 fortasse
1170 824 1353 882 etiam
1398 823 1506 881 illa
1546 825 1791 885 malvae
1836 823 2038 882 obser-

263 925 435 984 vatio
489 922 810 982 referenda
863 933 973 983 est.
1072 922 1342 984 Obvium
1400 921 1646 1002 quidem
1701 931 1793 981 est
1836 923 2035 980 dicere
2131 984 2135 987 ,

263 1034 324 1083 et
365 1043 403 1083 a
445 1024 658 1083 multis
703 1022 967 1097 dictum,
1020 1023 1429 1100 Pythagoram
1474 1031 1536 1081 et
1579 1022 2029 1083 vetustissimos

264 1142 536 1203 quosque
603 1124 733 1200 ejus
800 1132 1127 1183 sectatores
1184 1122 1339 1181 nihil
1394 1121 1563 1182 aliud
1620 1139 1802 1202 quam
1861 1139 2037 1200 prae-

263 1225 439 1302 cepta
499 1222 800 1301 quaedam
857 1224 1136 1284 sanitatis
1193 1221 1458 1283 tuendae
1517 1223 1835 1300 victusque
1877 1220 2037 1279 salu—

261 1321 387 1380 bris
454 1323 755 1381 rationem
824 1322 1182 1396 tradidisse,
1266 1341 1457 1400 eoque
1538 1322 1905 1399 pertinuisse
1975 1327 2038 1377 et

259 1420 467 1480 scillae
521 1420 1150 1494 commendationem,
1208 1420 1285 1478 de
1340 1439 1459 1499 qua
1512 1419 1616 1477 ille
1671 1429 1870 1478 totum
1925 1436 2037 1480 vo-

259 1521 467 1578 lumen
512 1520 846 1599 complevit
888 1532 950 1580 et
991 1521 1294 1586 brassicae
1339 1519 1415 1578 ab
1462 1517 1678 1578 eodem
1707 1537 1832 1577 non
1857 1536 2038 1597 parce

258 1618 546 1678 laudatae
602 1620 754 1678 Plin.
811 1619 950 1679 XX.
1006 1620 1106 1680 32.
1158 1637 1354 1697 neque
1408 1617 1487 1676 ob
1545 1616 1710 1676 aliud
1768 1617 2040 1677 malvam

258 1718 674 1802 praedicatam
720 1737 884 1791 esse,
946 1738 1130 1798 quam
1189 1719 1332 1796 quia
1386 1719 1440 1776 is
1483 1719 1683 1777 victus
1739 1726 1867 1776 tam
1911 1734 2040 1775 cor-

259 1819 399 1897 pori
454 1817 716 1877 salubris
774 1837 955 1896 quam
1011 1836 1230 1897 parcus
1286 1826 1347 1874 et
1388 1817 1710 1895 parabilis3
1765 1834 1887 1894 quo
1930 1834 2041 1874 no-

259 1918 426 1975 mine
487 1916 564 1975 ab
608 1916 886 1975 Hesiodo
933 1925 995 1974 et
1037 1915 1404 1996 Epimenide
1448 1915 1757 1974 laudatur.
1800 1933 1860 1977 v.
1905 1914 2038 1974 Ast.

261 2015 342 2075 ad
397 2016 574 2093 Legg.
643 2036 704 2094 p.
766 2016 903 2074 143.
970 2016 1120 2074 haec
1175 2025 1382 2074 autem
1438 2017 1745 2094 sapienter
1797 2015 2040 2072 monita

259 2114 676 2191 Pythagoreos
728 2114 1240 2193 hypobolimaeos
1283 2115 1348 2171 in
1391 2115 1854 2194 superstitiones
1898 2130 2037 2173 ver-

259 2215 408 2273 tisse
451 2214 659 2273 aniles,
722 2213 865 2287 Sed,
910 2215 1201 2292 quoniam
1244 2213 1395 2270 haec
1437 2230 1678 2291 quoque
1720 2211 2039 2290 benignior

259 2315 685 2393 interpretatio
729 2314 900 2372 nullo
945 2313 1178 2392 antiqui
1222 2311 1487 2371 auctoris
1531 2313 1880 2370 testimonio
1903 2311 2040 2371 fun-

263 2399 407 2472 data
452 2404 570 2484 est,
615 2414 758 2471 licet
801 2414 986 2471 etiam
1031 2412 1398 2470 contrarium
1444 2409 1842 2483 contendere,
1901 2411 2036 2489 phi-

261 2513 610 2591 losophiam
653 2530 860 2570 recens
905 2531 943 2569 a
984 2512 1159 2590 poesi
1203 2519 1490 2587 tanquam
1535 2528 1573 2567 a
1607 2512 1798 2590 stirpe
1834 2510 2037 2570 revul-

261 2631 395 2672 sam
439 2613 688 2688 originis
731 2630 878 2670 suae
921 2611 1286 2671 memoriam
1329 2626 1452 2666 non
1494 2611 1738 2688 penitus
1774 2610 2035 2683 exuisse,

264 2710 402 2784 sed,
458 2711 631 2772 velut
685 2710 881 2770 adhuc
925 2710 1138 2771 divino
1184 2710 1584 2768 concitaretur
1627 2710 1860 2782 afflatu,
1904 2727 2037 2768 sese

264 2831 376 2891 per
427 2810 668 2871 fabulas
723 2821 785 2870 et
825 2811 1118 2870 miracula
1159 2811 1625 2890 praecipitasse,
1667 2818 1885 2889 postea
1927 2826 2028 2868 au-

267 2918 423 2982 tem,
468 2929 655 2989 quum
697 2911 802 2970 ille
844 2910 1124 2988 genitalis
1167 2911 1343 2987 vigor
1386 2909 1818 2983 deferbuisset,
1877 2911 2034 2988 pris-

383 3076 451 3134 [ἴ]
494 3078 773 3136 Pythagorae
809 3080 920 3123 liber
960 3079 1122 3122 Croton
1160 3079 1388 3136 inscriptus
1437 3078 1492 3121 de
1530 3078 1676 3121 herbis
1715 3078 1894 3134 magicis
1933 3077 2031 3128 fuit,
2057 3083 2079 3103 ⁶

267 3134 398 3190 mog.
428 3136 508 3178 La.
539 3138 660 3181 VIII.
689 3138 737 3201 7.Ἰ
768 3138 977 3195 rejectus,
1015 3142 1145 3196 puto,
1185 3139 1240 3181 ab
1280 3138 1467 3194 antiquis
1506 3137 1680 3180 Criticis
1693 3169 1706 3189 ,
1747 3137 1822 3192 qui
1861 3136 2029 3192 Pytha-

266 3197 862 3298 ᾗιξέἰὲιοῖἶεξίῖῗιιζιὲἐῗίᾱᾳηῆω
901 3197 954 3240 de
993 3197 1223 3241 reconditis
1261 3197 1430 3240 artibus
1468 3196 1690 3254 scripsisse
1728 3195 1890 3239 Euseb.
1931 3194 2027 3238 adv.

2095 1955 2119 1988 ³
