2150 3814
699 221 1247 267 SAMOTHRACIA.
1638 184 1641 186 Ὗ
1690 214 1876 280 1231&

86 374 271 415 mune
330 372 466 416 cum
521 355 644 415 illis
697 369 923 412 nomen
977 352 1118 414 θεοὶ
1170 351 1446 437 μεγάλοι..
1467 357 1849 421 invenerant.

83 455 398 516 Diodorus
439 453 542 514 IV.
582 450 684 512 49.
726 450 1110 529 Argonautas
1152 451 1219 510 in
1263 451 1681 522 Samothracia
1722 466 1851 530 τοῖς

79 554 365 641 μεγάλοις
416 556 589 621 θεοῖς
641 559 793 612 vota
846 550 1189 612 reddidisse
1243 553 1461 629 tradit,
1518 559 1600 630 et*
1634 559 1850 620 eodem

82 655 329 713 nomine
399 647 807 731 Cephalenses
873 661 939 711 et
1006 649 1246 713 Clitorii
1302 654 1478 716 Paus.
1534 656 1692 720 VIII.
1751 659 1850 720 21.

0 739 1 769 ³
78 753 414 812 Dioscuros
469 752 748 811 venerati
801 761 944 811 sunt
986 752 1241 832 aliisque
1283 755 1540 817 candem
1588 759 1669 819 ob
1713 779 1849 826 cau-

77 868 211 910 sam
279 853 539 921 ἄνακτες
608 859 671 910 et
737 859 1005 933 σωτῆρες
1072 851 1528 934 nuncupantur,
1595 872 1851 941 propter

74 953 639 1030 praesentissimum
683 953 999 1011 auxilium.
1045 951 1246 1011 Schol.
1289 953 1476 1014 Arist.
1520 956 1675 1015 Plut.
1701 959 1846 1019 438.

77 1052 316 1114 ἄνακτα
361 1051 534 1121 ἰδίως
575 1051 689 1114 τὸν
723 1049 1073 1114 Ἀπόλλωνα
1117 1052 1199 1121 ὥς
1228 1053 1599 1122 ἀλεξίκακον.
1646 1056 1848 1117 Schol.

76 1150 222 1210 Eur.
288 1149 482 1230 Hipp.
539 1150 640 1208 87.
694 1151 873 1219 ,ἄναξ
914 1149 1165 1232 ’κυρίως
1237 1149 1470 1234 σωτήρ·
1531 1155 1678 1225 τοὺς
1734 1155 1849 1220 οὗν

74 1250 266 1318 θεοὺς
332 1252 606 1318 ἄνακτας
666 1248 775 1310 καὶ
843 1255 1124 1332 σωτῆρας
1186 1258 1495 1332 καλοῦμεν
1531 1252 1627 1334 [1].
1726 1256 1851 1317 Sed

73 1350 404 1429 praecipue
459 1347 526 1408 id
581 1359 810 1407 nomen
853 1347 1229 1425 Tyndaridis
1273 1349 1655 1413 tribuebatur
1667 1378 1692 1428 ,2
1742 1358 1849 1427 οὓς

73 1447 298 1519 πάντες
335 1456 634 1530 ,σωτῆρας
689 1446 1068 1530 ὀνομάζουσι
1112 1448 1310 1514 strab.
1357 1451 1430 1511 V.
1474 1443 1618 1513 2‘32.
1653 1471 1847 1536 ‘quus-

73 1566 190 1628 que
230 1550 486 1628 primuS,
529 1558 598 1608 ut
639 1546 936 1608 Aelianus
978 1548 1288 1609 fabulatur
1330 1549 1401 1609 V.
1443 1550 1524 1611 H.
1569 1554 1670 1614 IV.
1707 1576 1754 1616 0.
1789 1554 1846 1619 5.

70 1648 462 1708 Menestheus
545 1651 818 1718 ἄνακτας
895 1648 1000 1710 καὶ
1072 1658 1351 1732 σωτῆρας
1418 1652 1703 1733 ὠνόμασε
1773 1656 1846 1716 cf.

71 1748 353 1826 Wagner.
419 1748 500 1808 ad
554 1747 824 1826 Alciphr.
880 1747 983 1805 ΙΠ.
1042 1748 1142 1807 68.
1225 1749 1437 1828 Itaque
1492 1751 1599 1810 ubi
1654 1763 1849 1814 terror

67 1850 325 1926 ingruit,
380 1847 487 1906 ubi
540 1865 639 1906 res
691 1845 877 1906 foeda
920 1854 983 1904 et
1024 1845 1440 1909 abominanda
1482 1853 1675 1912 oculis
1719 1858 1850 1915 ani-

67 1950 268 2010 misve
311 1947 592 2020 offertur,
634 1946 748 2006 hos
789 1964 914 2006 una
957 1964 1094 2006 cum
1139 1950 1354 2008 ceteris
1397 1951 1699 2014 malorum
1746 1954 1848 2015 de-

69 2046 421 2129 pulsoribus
475 2049 791 2109 invocant:
860 2043 910 2108 ὦ
962 2045 1308 2129 Ἡράκλεις,
1374 2046 1425 2111 ὦ
1480 2057 1751 2127 Ham„
1795 2054 1846 2119 ὦ

73 2147 492 2232 Κορύβαντες,
537 2144 589 2209 ὦ
632 2144 944 2226 Διοςκόρω
986 2145 1175 2206 Arist.
1219 2149 1377 2207 Eccl.
1426 2148 1605 2210 1069.
1651 2155 1844 2225 ἀλεξί-

74 2273 220 2312 κακε
255 2245 567 2330 Ἡράκλεις
620 2246 727 2309 καὶ
781 2253 905 2308 Ζεῦ
962 2245 1337 2330 ἀποτρόπαιε
1391 2251 1497 2312 καὶ
1549 2251 1845 2323 Διόςκου-

75 2374 174 2430 ροι
227 2355 492 2430 σωτῆρες
548 2347 797 2406 Lucian.
850 2345 1024 2406 Alex.
1083 2346 1137 2427 ξ.
1190 2347 1248 2407 4.
1307 2348 1505 2430 66.[“]
1551 2360 1614 2409 et
1654 2353 1844 2421 iidem

71 2450 478 2526 significanter
545 2456 608 2506 et
673 2448 926 2527 proprie
992 2447 1233 2532 ἀγαθοί
1298 2457 1598 2509 vocantur
1654 2452 1844 2514 Arist.

69 2548 214 2626 Izys.
263 2548 442 2609 1301.
484 2547 630 2607 Eur.
657 2546 769 2606 ·El.
813 2546 1048 2627 994.[v]
1095 2555 1158 2606 et
1199 2548 1595 2610 salutares
1641 2551 1842 2612 Schol.

75 2648 280 2709 Germ.
352 2648 491 2709 147.
551 2658 616 2708 et
667 2645 1060 2731 παραστάται
1114 2650 1179 2707 in
1238 2666 1421 2710 versu¹
1474 2659 1697 2734 poetae
1734 2671 1842 2734 ap.

188 2847 257 2903 [Φ]
309 2847 440 2904 Biagi
470 2846 659 2890 Monum.
689 2846 847 2890 Graec.
879 2861 920 2903 p.
952 2845 1035 2889 165
1056 2860 1120 2902 sq.

193 2933 276 2989 [²²]
330 2934 595 2992 Hesychius:
649 2932 884 2994 Τεράστιοι
919 2937 1046 2989 θεοί,
1098 2933 1174 2977 ἐπὶ
1214 2935 1414 2991 σημείων
1453 2934 1730 2991 τεταγμένοι.
1789 2934 1840 2976 In

78 2989 258 3033 Lucina.
285 2990 400 3037 Dial.
430 2994 560 3037 Deor.
588 2993 669 3036 111.
702 2994 741 3036 1.
781 2988 1015 3052 τεράστιον
1042 2994 1196 3035 τοῦτο·
1240 2993 1302 3047 τῷ
1330 2987 1481 3051 τρόπῳ
1521 2990 1561 3034 δ’
1593 2988 1840 3050 &unm-dym-

77 3062 204 3105 quem
231 3049 369 3094 locum
396 3053 543 3110 attigit
571 3053 797 3097 Jacobsius
826 3054 939 3110 App.
971 3051 1026 3094 ad
1056 3051 1177 3093 Pors.
1207 3050 1316 3091 Adv.
1350 3065 1391 3106 p.
1422 3049 1523 3120 ἓξδ.
1554 3050 1841 3093 restituendus

79 3111 150 3177 es}
176 3109 370 3152 senarius
395 3114 522 3171 τέρας
547 3127 590 3156 τι
616 3114 746 3157 τοῦτο
776 3137 835 3147 —-
871 3110 1131 3154 Heliodorus
1159 3109 1217 3151 ΙΙ.
1249 3107 1289 3150 5.
1324 3107 1397 3152 58.
1439 3125 1474 3151 ω
1514 3107 1728 3167 δαίμονες
1765 3123 1840 3152 τε-

79 3176 268 3223 ραστιοι.

126 3271 134 3280 ·
198 3251 279 3309 [V]
322 3253 480 3299 Sextus
508 3271 546 3301 c.
576 3257 657 3300 Ph.
686 3257 724 3300 1.
764 3268 808 3314 p.
849 3254 948 3299 571.
999 3253 1101 3305 τοὺς
1141 3248 1439 3312 Διοςκοὺρους
1477 3248 1680 3310 ἀγαθούς
1717 3267 1841 3301 τινας

78 3305 195 3380 εἶναι
224 3310 456 3369 δαίμονας.
486 3314 710 3359 Persarum
739 3315 888 3371 genios
917 3313 1079 3357 Dews
1108 3311 1349 3367 Hesychius
1377 3310 1686 3369 interpretatur
1705 3309 1840 3358 θεοὺς

81 3366 289 3419 ἀκακους.

1368 3442 1451 3502 29
1479 3449 1506 3477 ¹*
