<?xml version="1.0" encoding="UTF-8"?>
<!DOCTYPE html PUBLIC "-//W3C//DTD XHTML 1.0 Transitional//EN"
    "http://www.w3.org/TR/xhtml1/DTD/xhtml1-transitional.dtd">
<html xmlns="http://www.w3.org/1999/xhtml" xml:lang="en" lang="en">
 <head>
  <title>
</title>
<meta http-equiv="Content-Type" content="text/html;charset=utf-8" />
  <meta name='ocr-system' content='tesseract 3.04.00' />
  <meta name='ocr-capabilities' content='ocr_page ocr_carea ocr_par ocr_line ocrx_word'/>
</head>
<body>
  <div class='ocr_page' id='page_1' title='image "./aglaophamussived02lobeuoft_0176.png"; bbox 0 0 2150 3814; ppageno 0'>
   <div class='ocr_carea' id='block_1_1' title="bbox 162 151 1407 212">
    <p class='ocr_par' dir='ltr' id='par_1_1' title="bbox 162 151 1407 212">
     <span class='ocr_line' id='line_1_1' title="bbox 162 151 1407 212; baseline -0.004 0"><span class='ocrx_word' id='word_1_1' title='bbox 162 151 288 212; x_wconf 87' lang='lat'>952</span> <span class='ocrx_word' id='word_1_2' title='bbox 694 166 934 211; x_wconf 81' lang='lat' dir='ltr'><strong>LIBER</strong></span> <span class='ocrx_word' id='word_1_3' title='bbox 977 164 1407 210; x_wconf 75' lang='lat' dir='ltr'><strong>SECUNDUS.</strong></span> 
     </span>
    </p>
   </div>
   <div class='ocr_carea' id='block_1_2' title="bbox 163 291 1951 758">
    <p class='ocr_par' dir='ltr' id='par_1_2' title="bbox 163 291 1942 477">
     <span class='ocr_line' id='line_1_2' title="bbox 163 291 1942 372; baseline -0.001 -14"><span class='ocrx_word' id='word_1_4' title='bbox 163 298 392 358; x_wconf 87' lang='lat' dir='ltr'>dicat.</span> <span class='ocrx_word' id='word_1_5' title='bbox 438 317 495 359; x_wconf 89' lang='lat' dir='ltr'>v.</span> <span class='ocrx_word' id='word_1_6' title='bbox 539 295 687 357; x_wconf 89' lang='lat' dir='ltr'>Adr.</span> <span class='ocrx_word' id='word_1_7' title='bbox 732 293 901 354; x_wconf 87' lang='lat' dir='ltr'>Junii</span> <span class='ocrx_word' id='word_1_8' title='bbox 945 295 1149 356; x_wconf 91' lang='lat' dir='ltr'>Anim.</span> <span class='ocrx_word' id='word_1_9' title='bbox 1195 313 1255 372; x_wconf 90' lang='lat' dir='ltr'>p.</span> <span class='ocrx_word' id='word_1_10' title='bbox 1301 291 1444 354; x_wconf 86' lang='lat'><strong>235.</strong></span> <span class='ocrx_word' id='word_1_11' title='bbox 1488 294 1724 354; x_wconf 87' lang='lat' dir='ltr'>Reines.</span> <span class='ocrx_word' id='word_1_12' title='bbox 1772 296 1942 356; x_wconf 85' lang='lat' dir='ltr'>Varr.</span> 
     </span>
     <span class='ocr_line' id='line_1_3' title="bbox 168 394 654 477; baseline -0.004 -19"><span class='ocrx_word' id='word_1_13' title='bbox 168 398 360 458; x_wconf 88' lang='lat' dir='ltr'>Lectt.</span> <span class='ocrx_word' id='word_1_14' title='bbox 403 417 464 477; x_wconf 90' lang='lat' dir='ltr'>p.</span> <span class='ocrx_word' id='word_1_15' title='bbox 511 394 654 457; x_wconf 83' lang='lat'><strong>351.</strong></span> 
     </span>
    </p>

    <p class='ocr_par' dir='ltr' id='par_1_3' title="bbox 163 491 1951 758">
     <span class='ocr_line' id='line_1_4' title="bbox 328 491 1950 570; baseline -0.003 -12"><span class='ocrx_word' id='word_1_16' title='bbox 328 497 407 558; x_wconf 91' lang='grc' dir='ltr'>Χ.</span> <span class='ocrx_word' id='word_1_17' title='bbox 492 496 595 556; x_wconf 88' lang='lat' dir='ltr'>Ad</span> <span class='ocrx_word' id='word_1_18' title='bbox 640 493 845 570; x_wconf 84' lang='lat' dir='ltr'>Virgil.</span> <span class='ocrx_word' id='word_1_19' title='bbox 890 491 1042 551; x_wconf 90' lang='lat' dir='ltr'>Aen.</span> <span class='ocrx_word' id='word_1_20' title='bbox 1086 491 1192 550; x_wconf 94' lang='lat' dir='ltr'><strong>III.</strong></span> <span class='ocrx_word' id='word_1_21' title='bbox 1237 493 1339 552; x_wconf 85' lang='lat'>98.</span> <span class='ocrx_word' id='word_1_22' title='bbox 1391 494 1490 553; x_wconf 93' lang='lat' dir='ltr'>Et</span> <span class='ocrx_word' id='word_1_23' title='bbox 1532 496 1700 554; x_wconf 89' lang='lat' dir='ltr'>nati</span> <span class='ocrx_word' id='word_1_24' title='bbox 1743 505 1950 554; x_wconf 89' lang='lat' dir='ltr'>nato-</span> 
     </span>
     <span class='ocr_line' id='line_1_5' title="bbox 163 590 1951 674; baseline -0.003 -16"><span class='ocrx_word' id='word_1_25' title='bbox 163 617 324 658; x_wconf 85' lang='lat' dir='ltr'>rum</span> <span class='ocrx_word' id='word_1_26' title='bbox 380 604 455 655; x_wconf 93' lang='lat' dir='ltr'>et</span> <span class='ocrx_word' id='word_1_27' title='bbox 512 596 641 674; x_wconf 91' lang='lat' dir='ltr'>qui</span> <span class='ocrx_word' id='word_1_28' title='bbox 695 601 1114 650; x_wconf 90' lang='lat' dir='ltr'>nascentur</span> <span class='ocrx_word' id='word_1_29' title='bbox 1159 590 1490 667; x_wconf 85' lang='lat' dir='ltr'>abillis,</span> <span class='ocrx_word' id='word_1_30' title='bbox 1547 595 1800 656; x_wconf 85' lang='lat' dir='ltr'>Servius</span> <span class='ocrx_word' id='word_1_31' title='bbox 1846 594 1951 654; x_wconf 88' lang='lat' dir='ltr'>ad-</span> 
     </span>
     <span class='ocr_line' id='line_1_6' title="bbox 164 689 1950 758; baseline -0.002 -2"><span class='ocrx_word' id='word_1_32' title='bbox 164 706 365 756; x_wconf 88' lang='lat' dir='ltr'>notat:</span> <span class='ocrx_word' id='word_1_33' title='bbox 413 695 608 755; x_wconf 89' lang='lat' dir='ltr'>Sane</span> <span class='ocrx_word' id='word_1_34' title='bbox 651 692 777 750; x_wconf 93' lang='lat' dir='ltr'>hic</span> <span class='ocrx_word' id='word_1_35' title='bbox 810 709 1086 751; x_wconf 89' lang='lat' dir='ltr'>versus</span> <span class='ocrx_word' id='word_1_36' title='bbox 1122 689 1440 752; x_wconf 83' lang='lat' dir='ltr'>Homeri</span> <span class='ocrx_word' id='word_1_37' title='bbox 1475 704 1595 754; x_wconf 91' lang='lat' dir='ltr'>est</span> <span class='ocrx_word' id='word_1_38' title='bbox 1620 696 1689 755; x_wconf 89' lang='grc' dir='ltr'>ΙΙ.</span> <span class='ocrx_word' id='word_1_39' title='bbox 1726 703 1786 758; x_wconf 93' lang='lat' dir='ltr'>Y.</span> <span class='ocrx_word' id='word_1_40' title='bbox 1809 695 1950 755; x_wconf 86' lang='lat'><strong>308.</strong></span> 
     </span>
    </p>
   </div>
   <div class='ocr_carea' id='block_1_3' title="bbox 305 800 1718 874">
    <p class='ocr_par' dir='ltr' id='par_1_4' title="bbox 305 800 1718 874">
     <span class='ocr_line' id='line_1_7' title="bbox 305 800 1718 874; baseline 0 -15"><span class='ocrx_word' id='word_1_41' title='bbox 305 808 410 860; x_wconf 85' lang='grc' dir='ltr'>Καὶ</span> <span class='ocrx_word' id='word_1_42' title='bbox 445 806 624 866; x_wconf 78' lang='grc' dir='ltr'><em>παῖδες</em></span> <span class='ocrx_word' id='word_1_43' title='bbox 661 803 887 868; x_wconf 78' lang='grc' dir='ltr'><em>παίδων,</em></span> <span class='ocrx_word' id='word_1_44' title='bbox 926 803 1011 855; x_wconf 87' lang='grc' dir='ltr'>τοί</span> <span class='ocrx_word' id='word_1_45' title='bbox 1042 823 1124 854; x_wconf 81' lang='grc' dir='ltr'>κεν</span> <span class='ocrx_word' id='word_1_46' title='bbox 1157 800 1442 870; x_wconf 75' lang='grc' dir='ltr'><em>μετόπισθε</em></span> <span class='ocrx_word' id='word_1_47' title='bbox 1478 806 1718 874; x_wconf 79' lang='grc' dir='ltr'><em>γένοιντο.</em></span> 
     </span>
    </p>
   </div>
   <div class='ocr_carea' id='block_1_4' title="bbox 168 903 1995 1978">
    <p class='ocr_par' dir='ltr' id='par_1_5' title="bbox 169 903 1954 1085">
     <span class='ocr_line' id='line_1_8' title="bbox 169 903 1954 988; baseline -0.001 -20"><span class='ocrx_word' id='word_1_48' title='bbox 169 927 387 988; x_wconf 91' lang='lat' dir='ltr'>quem</span> <span class='ocrx_word' id='word_1_49' title='bbox 430 909 604 988; x_wconf 89' lang='lat' dir='ltr'>ipse</span> <span class='ocrx_word' id='word_1_50' title='bbox 641 903 945 983; x_wconf 89' lang='lat' dir='ltr'>Orpheo</span> <span class='ocrx_word' id='word_1_51' title='bbox 981 905 1339 981; x_wconf 84' lang='lat' dir='ltr'>sustulit3</span> <span class='ocrx_word' id='word_1_52' title='bbox 1378 906 1567 964; x_wconf 90' lang='lat' dir='ltr'>item</span> <span class='ocrx_word' id='word_1_53' title='bbox 1605 906 1954 987; x_wconf 83' lang='lat' dir='ltr'><strong>Orpheus</strong></span> 
     </span>
     <span class='ocr_line' id='line_1_9' title="bbox 169 1003 1954 1085; baseline -0.001 -17"><span class='ocrx_word' id='word_1_54' title='bbox 169 1008 258 1068; x_wconf 90' lang='lat' dir='ltr'>de</span> <span class='ocrx_word' id='word_1_55' title='bbox 304 1006 620 1067; x_wconf 92' lang='lat' dir='ltr'>oraculo</span> <span class='ocrx_word' id='word_1_56' title='bbox 665 1005 777 1085; x_wconf 90' lang='lat' dir='ltr'>Ap</span> <span class='ocrx_word' id='word_1_57' title='bbox 795 1005 1085 1063; x_wconf 81' lang='lat' dir='ltr'>olliniS.</span> <span class='ocrx_word' id='word_1_58' title='bbox 1130 1023 1190 1066; x_wconf 84' lang='lat' dir='ltr'>v.</span> <span class='ocrx_word' id='word_1_59' title='bbox 1237 1003 1436 1063; x_wconf 89' lang='lat' dir='ltr'>Schol.</span> <span class='ocrx_word' id='word_1_60' title='bbox 1484 1005 1566 1064; x_wconf 89' lang='lat' dir='ltr'>ad</span> <span class='ocrx_word' id='word_1_61' title='bbox 1608 1007 1796 1068; x_wconf 92' lang='lat' dir='ltr'>Hom.</span> <span class='ocrx_word' id='word_1_62' title='bbox 1841 1009 1881 1067; x_wconf 92' lang='lat' dir='ltr'>l.</span> <span class='ocrx_word' id='word_1_63' title='bbox 1907 1028 1954 1067; x_wconf 94' lang='lat' dir='ltr'>c.</span> 
     </span>
    </p>

    <p class='ocr_par' dir='ltr' id='par_1_6' title="bbox 168 1103 1995 1688">
     <span class='ocr_line' id='line_1_10' title="bbox 335 1103 1957 1188; baseline -0.001 -20"><span class='ocrx_word' id='word_1_64' title='bbox 335 1108 444 1168; x_wconf 88' lang='lat' dir='ltr'>XI.</span> <span class='ocrx_word' id='word_1_65' title='bbox 529 1105 704 1165; x_wconf 85' lang='lat' dir='ltr'>Idem</span> <span class='ocrx_word' id='word_1_66' title='bbox 747 1103 828 1163; x_wconf 88' lang='lat' dir='ltr'>ad</span> <span class='ocrx_word' id='word_1_67' title='bbox 874 1104 1093 1181; x_wconf 86' lang='lat' dir='ltr'>Georg.</span> <span class='ocrx_word' id='word_1_68' title='bbox 1136 1104 1184 1163; x_wconf 91' lang='lat' dir='ltr'>I.</span> <span class='ocrx_word' id='word_1_69' title='bbox 1229 1104 1287 1163; x_wconf 90' lang='lat'>8.</span> <span class='ocrx_word' id='word_1_70' title='bbox 1346 1107 1556 1165; x_wconf 91' lang='lat' dir='ltr'>sicut</span> <span class='ocrx_word' id='word_1_71' title='bbox 1600 1106 1909 1188; x_wconf 90' lang='lat' dir='ltr'>Orpheu</span> <span class='ocrx_word' id='word_1_72' title='bbox 1928 1127 1957 1167; x_wconf 88' lang='lat' dir='ltr'>s</span> 
     </span>
     <span class='ocr_line' id='line_1_11' title="bbox 170 1204 1957 1285; baseline -0.001 -17"><span class='ocrx_word' id='word_1_73' title='bbox 170 1208 363 1268; x_wconf 81' lang='lat' dir='ltr'>(licit</span> <span class='ocrx_word' id='word_1_74' title='bbox 416 1204 901 1285; x_wconf 83' lang='lat' dir='ltr'>generaliter</span> <span class='ocrx_word' id='word_1_75' title='bbox 958 1222 1250 1263; x_wconf 92' lang='lat' dir='ltr'>omnem</span> <span class='ocrx_word' id='word_1_76' title='bbox 1307 1223 1449 1284; x_wconf 90' lang='lat' dir='ltr'>aqu</span> <span class='ocrx_word' id='word_1_77' title='bbox 1467 1225 1580 1265; x_wconf 89' lang='lat' dir='ltr'>am</span> <span class='ocrx_word' id='word_1_78' title='bbox 1646 1217 1957 1269; x_wconf 84' lang='lat' dir='ltr'>veteres</span> 
     </span>
     <span class='ocr_line' id='line_1_12' title="bbox 168 1306 1961 1385; baseline -0.002 -15"><span class='ocrx_word' id='word_1_79' title='bbox 168 1309 227 1369; x_wconf 93' lang='lat' dir='ltr'><strong>A</strong></span> <span class='ocrx_word' id='word_1_80' title='bbox 241 1330 272 1369; x_wconf 93' lang='lat' dir='ltr'>c</span> <span class='ocrx_word' id='word_1_81' title='bbox 284 1310 325 1368; x_wconf 94' lang='lat' dir='ltr'>h</span> <span class='ocrx_word' id='word_1_82' title='bbox 341 1308 462 1367; x_wconf 93' lang='lat' dir='ltr'>elo</span> <span class='ocrx_word' id='word_1_83' title='bbox 477 1325 519 1364; x_wconf 94' lang='lat' dir='ltr'>u</span> <span class='ocrx_word' id='word_1_84' title='bbox 531 1325 595 1364; x_wconf 92' lang='lat' dir='ltr'>m</span> <span class='ocrx_word' id='word_1_85' title='bbox 652 1323 693 1363; x_wconf 91' lang='lat' dir='ltr'>n</span> <span class='ocrx_word' id='word_1_86' title='bbox 710 1323 745 1362; x_wconf 96' lang='lat' dir='ltr'>o</span> <span class='ocrx_word' id='word_1_87' title='bbox 760 1306 918 1364; x_wconf 91' lang='lat' dir='ltr'>min</span> <span class='ocrx_word' id='word_1_88' title='bbox 931 1324 968 1364; x_wconf 91' lang='lat' dir='ltr'>a</span> <span class='ocrx_word' id='word_1_89' title='bbox 980 1314 1076 1363; x_wconf 91' lang='lat' dir='ltr'>nt.</span> <span class='ocrx_word' id='word_1_90' title='bbox 1162 1307 1311 1385; x_wconf 71' lang='grc' dir='ltr'>’Ἀχα</span> <span class='ocrx_word' id='word_1_91' title='bbox 1356 1323 1581 1383; x_wconf 87' lang='lat' dir='ltr'>aquam</span> <span class='ocrx_word' id='word_1_92' title='bbox 1624 1309 1961 1385; x_wconf 87' lang='lat' dir='ltr'>significare</span> 
     </span>
     <span class='ocr_line' id='line_1_13' title="bbox 170 1402 1959 1488; baseline 0 -21"><span class='ocrx_word' id='word_1_93' title='bbox 170 1407 225 1467; x_wconf 87' lang='lat' dir='ltr'>J.</span> <span class='ocrx_word' id='word_1_94' title='bbox 283 1405 349 1468; x_wconf 86' lang='lat' dir='ltr'>C.</span> <span class='ocrx_word' id='word_1_95' title='bbox 407 1406 675 1483; x_wconf 85' lang='lat' dir='ltr'>Scaliger</span> <span class='ocrx_word' id='word_1_96' title='bbox 731 1402 1008 1464; x_wconf 89' lang='lat' dir='ltr'>affirmat.</span> <span class='ocrx_word' id='word_1_97' title='bbox 1064 1424 1124 1466; x_wconf 87' lang='lat' dir='ltr'>v.</span> <span class='ocrx_word' id='word_1_98' title='bbox 1180 1403 1359 1464; x_wconf 77' lang='lat' dir='ltr'>Voss,</span> <span class='ocrx_word' id='word_1_99' title='bbox 1403 1405 1610 1481; x_wconf 92' lang='lat' dir='ltr'>Etym.</span> <span class='ocrx_word' id='word_1_100' title='bbox 1669 1426 1716 1466; x_wconf 89' lang='lat' dir='ltr'>s.</span> <span class='ocrx_word' id='word_1_101' title='bbox 1760 1407 1959 1488; x_wconf 85' lang='lat' dir='ltr'><strong>Aqua,</strong></span> 
     </span>
     <span class='ocr_line' id='line_1_14' title="bbox 172 1503 1961 1587; baseline 0.001 -21"><span class='ocrx_word' id='word_1_102' title='bbox 172 1526 293 1587; x_wconf 92' lang='lat' dir='ltr'>quo</span> <span class='ocrx_word' id='word_1_103' title='bbox 353 1514 601 1566; x_wconf 89' lang='lat' dir='ltr'>auctore</span> <span class='ocrx_word' id='word_1_104' title='bbox 655 1505 861 1563; x_wconf 88' lang='lat' dir='ltr'>nescio</span> <span class='ocrx_word' id='word_1_105' title='bbox 876 1524 891 1578; x_wconf 93' lang='lat'>;</span> <span class='ocrx_word' id='word_1_106' title='bbox 964 1503 1076 1564; x_wconf 90' lang='lat' dir='ltr'>sed</span> <span class='ocrx_word' id='word_1_107' title='bbox 1130 1506 1195 1562; x_wconf 91' lang='lat' dir='ltr'>in</span> <span class='ocrx_word' id='word_1_108' title='bbox 1258 1505 1618 1582; x_wconf 84' lang='lat' dir='ltr'>germanicis</span> <span class='ocrx_word' id='word_1_109' title='bbox 1680 1505 1961 1567; x_wconf 82' lang='lat' dir='ltr'>dialectis</span> 
     </span>
     <span class='ocr_line' id='line_1_15' title="bbox 172 1604 1995 1688; baseline -0.007 -21"><span class='ocrx_word' id='word_1_110' title='bbox 172 1609 288 1667; x_wconf 91' lang='lat' dir='ltr'>hoc</span> <span class='ocrx_word' id='word_1_111' title='bbox 330 1624 560 1666; x_wconf 89' lang='lat' dir='ltr'>nomen</span> <span class='ocrx_word' id='word_1_112' title='bbox 602 1604 932 1666; x_wconf 86' lang='lat' dir='ltr'>invenitur.</span> <span class='ocrx_word' id='word_1_113' title='bbox 1991 1685 1995 1688; x_wconf 18' lang='grc' dir='ltr'><strong><em>Δ</em></strong></span> 
     </span>
    </p>

    <p class='ocr_par' dir='ltr' id='par_1_7' title="bbox 175 1703 1974 1978">
     <span class='ocr_line' id='line_1_16' title="bbox 340 1703 1964 1785; baseline 0 -19"><span class='ocrx_word' id='word_1_114' title='bbox 340 1706 478 1766; x_wconf 87' lang='grc' dir='ltr'>ΧΠ.</span> <span class='ocrx_word' id='word_1_115' title='bbox 563 1704 911 1765; x_wconf 88' lang='lat' dir='ltr'>Homerum</span> <span class='ocrx_word' id='word_1_116' title='bbox 980 1704 1164 1783; x_wconf 89' lang='lat' dir='ltr'>plura</span> <span class='ocrx_word' id='word_1_117' title='bbox 1226 1703 1308 1762; x_wconf 92' lang='lat' dir='ltr'>ub</span> <span class='ocrx_word' id='word_1_118' title='bbox 1366 1703 1615 1785; x_wconf 84' lang='lat' dir='ltr'>Orpheo</span> <span class='ocrx_word' id='word_1_119' title='bbox 1673 1708 1964 1768; x_wconf 85' lang='lat' dir='ltr'>sumsisse</span> 
     </span>
     <span class='ocr_line' id='line_1_17' title="bbox 175 1801 1974 1888; baseline -0.002 -21"><span class='ocrx_word' id='word_1_120' title='bbox 175 1805 436 1867; x_wconf 76' lang='lat' dir='ltr'>affirmat</span> <span class='ocrx_word' id='word_1_121' title='bbox 492 1802 776 1865; x_wconf 79' lang='lat' dir='ltr'>Clemens</span> <span class='ocrx_word' id='word_1_122' title='bbox 834 1803 1059 1863; x_wconf 75' lang='lat' dir='ltr'>strom.</span> <span class='ocrx_word' id='word_1_123' title='bbox 1114 1801 1217 1862; x_wconf 79' lang='lat' dir='ltr'>VI.</span> <span class='ocrx_word' id='word_1_124' title='bbox 1264 1804 1408 1863; x_wconf 84' lang='grc'><strong>738.</strong></span> <span class='ocrx_word' id='word_1_125' title='bbox 1478 1807 1752 1888; x_wconf 73' lang='grc' dir='ltr'><em>Ὀρφέως</em></span> <span class='ocrx_word' id='word_1_126' title='bbox 1795 1805 1974 1887; x_wconf 66' lang='grc' dir='ltr'><em>ποιή-</em></span> 
     </span>
     <span class='ocr_line' id='line_1_18' title="bbox 180 1929 406 1978; baseline -0.004 -7"><span class='ocrx_word' id='word_1_127' title='bbox 180 1929 406 1978; x_wconf 80' lang='grc' dir='ltr'><em>σαντος</em></span> 
     </span>
    </p>
   </div>
   <div class='ocr_carea' id='block_1_5' title="bbox 161 2008 1633 2217">
    <p class='ocr_par' dir='ltr' id='par_1_8' title="bbox 161 2008 1633 2217">
     <span class='ocr_line' id='line_1_19' title="bbox 309 2008 1633 2088; baseline 0 -17"><span class='ocrx_word' id='word_1_128' title='bbox 309 2016 403 2080; x_wconf 70' lang='grc' dir='ltr'>ς,Ως</span> <span class='ocrx_word' id='word_1_129' title='bbox 437 2016 500 2070; x_wconf 83' lang='grc' dir='ltr'>οὗ</span> <span class='ocrx_word' id='word_1_130' title='bbox 533 2015 772 2088; x_wconf 76' lang='grc' dir='ltr'><strong><em>κύντερον</em></strong></span> <span class='ocrx_word' id='word_1_131' title='bbox 807 2008 869 2084; x_wconf 66' lang='grc' dir='ltr'>’ἦν</span> <span class='ocrx_word' id='word_1_132' title='bbox 903 2017 987 2068; x_wconf 88' lang='grc' dir='ltr'>καὶ</span> <span class='ocrx_word' id='word_1_133' title='bbox 1025 2015 1184 2086; x_wconf 77' lang='grc' dir='ltr'><em>ῥίγιον</em></span> <span class='ocrx_word' id='word_1_134' title='bbox 1220 2014 1345 2069; x_wconf 69' lang='grc' dir='ltr'><em>ἄλλο</em></span> <span class='ocrx_word' id='word_1_135' title='bbox 1382 2016 1633 2087; x_wconf 79' lang='grc' dir='ltr'><strong>γυναικός.</strong></span> 
     </span>
     <span class='ocr_line' id='line_1_20' title="bbox 161 2129 1490 2217; baseline -0.005 -19"><span class='ocrx_word' id='word_1_136' title='bbox 161 2136 434 2217; x_wconf 57' lang='grc' dir='ltr'>εΌμηρος</span> <span class='ocrx_word' id='word_1_137' title='bbox 478 2134 772 2215; x_wconf 77' lang='grc' dir='ltr'><em>ἄντικρυς</em></span> <span class='ocrx_word' id='word_1_138' title='bbox 816 2132 972 2216; x_wconf 72' lang='grc' dir='ltr'><em>λέγει</em></span> <span class='ocrx_word' id='word_1_139' title='bbox 1014 2129 1157 2213; x_wconf 85' lang='lat' dir='ltr'>(od.</span> <span class='ocrx_word' id='word_1_140' title='bbox 1202 2132 1277 2191; x_wconf 87' lang='lat' dir='ltr'>A.</span> <span class='ocrx_word' id='word_1_141' title='bbox 1319 2131 1490 2211; x_wconf 85' lang='lat'><strong>426.)</strong></span> 
     </span>
    </p>
   </div>
   <div class='ocr_carea' id='block_1_6' title="bbox 308 2255 1660 2329">
    <p class='ocr_par' dir='ltr' id='par_1_9' title="bbox 308 2255 1660 2329">
     <span class='ocr_line' id='line_1_21' title="bbox 308 2255 1660 2329; baseline 0.002 -18"><span class='ocrx_word' id='word_1_142' title='bbox 308 2257 401 2322; x_wconf 86' lang='grc' dir='ltr'>Ὡς</span> <span class='ocrx_word' id='word_1_143' title='bbox 437 2257 526 2311; x_wconf 75' lang='grc' dir='ltr'>οὒκ</span> <span class='ocrx_word' id='word_1_144' title='bbox 562 2256 822 2329; x_wconf 77' lang='grc' dir='ltr'><em>αῗνότερον</em></span> <span class='ocrx_word' id='word_1_145' title='bbox 857 2259 942 2310; x_wconf 85' lang='grc' dir='ltr'>καὶ</span> <span class='ocrx_word' id='word_1_146' title='bbox 977 2255 1214 2329; x_wconf 74' lang='grc' dir='ltr'><em>κύντερον</em></span> <span class='ocrx_word' id='word_1_147' title='bbox 1250 2257 1374 2311; x_wconf 78' lang='grc' dir='ltr'><em>ἄλλο</em></span> <span class='ocrx_word' id='word_1_148' title='bbox 1411 2259 1660 2328; x_wconf 82' lang='grc' dir='ltr'><strong>γυναικός.</strong></span> 
     </span>
    </p>
   </div>
   <div class='ocr_carea' id='block_1_7' title="bbox 111 2371 1967 3052">
    <p class='ocr_par' dir='ltr' id='par_1_10' title="bbox 111 2371 1962 2557">
     <span class='ocr_line' id='line_1_22' title="bbox 181 2371 1962 2454; baseline 0.003 -19"><span class='ocrx_word' id='word_1_149' title='bbox 181 2376 396 2436; x_wconf 84' lang='lat' dir='ltr'>Socius</span> <span class='ocrx_word' id='word_1_150' title='bbox 451 2371 688 2432; x_wconf 88' lang='lat' dir='ltr'>fraudis</span> <span class='ocrx_word' id='word_1_151' title='bbox 742 2371 1057 2432; x_wconf 88' lang='lat' dir='ltr'>Hesiodus</span> <span class='ocrx_word' id='word_1_152' title='bbox 1116 2371 1277 2453; x_wconf 88' lang='lat' dir='ltr'><strong>Opp.</strong></span> <span class='ocrx_word' id='word_1_153' title='bbox 1335 2374 1479 2434; x_wconf 86' lang='lat'><strong>703.</strong></span> <span class='ocrx_word' id='word_1_154' title='bbox 1540 2383 1646 2454; x_wconf 83' lang='grc' dir='ltr'>τῆς</span> <span class='ocrx_word' id='word_1_155' title='bbox 1699 2377 1768 2438; x_wconf 74' lang='lat'>&lt;5²</span> <span class='ocrx_word' id='word_1_156' title='bbox 1816 2375 1962 2440; x_wconf 80' lang='grc' dir='ltr'>αὖτε</span> 
     </span>
     <span class='ocr_line' id='line_1_23' title="bbox 111 2471 938 2557; baseline -0.006 -19"><span class='ocrx_word' id='word_1_157' title='bbox 111 2482 115 2487; x_wconf 76' lang='grc'><strong>’</strong></span> <span class='ocrx_word' id='word_1_158' title='bbox 179 2483 369 2555; x_wconf 81' lang='grc' dir='ltr'><strong><em>κακῆς</em></strong></span> <span class='ocrx_word' id='word_1_159' title='bbox 411 2475 486 2536; x_wconf 81' lang='grc' dir='ltr'>οὗ</span> <span class='ocrx_word' id='word_1_160' title='bbox 530 2471 728 2557; x_wconf 75' lang='grc' dir='ltr'><em>ῥίγιον</em></span> <span class='ocrx_word' id='word_1_161' title='bbox 772 2473 938 2534; x_wconf 81' lang='grc' dir='ltr'><strong>ἄλλο.</strong></span> 
     </span>
    </p>

    <p class='ocr_par' dir='ltr' id='par_1_11' title="bbox 181 2570 1967 3052">
     <span class='ocr_line' id='line_1_24' title="bbox 348 2570 1967 2655; baseline 0.002 -23"><span class='ocrx_word' id='word_1_162' title='bbox 348 2571 517 2632; x_wconf 90' lang='grc' dir='ltr'><strong>ΧΙΠ.</strong></span> <span class='ocrx_word' id='word_1_163' title='bbox 575 2571 837 2630; x_wconf 88' lang='lat' dir='ltr'>Tzetzes</span> <span class='ocrx_word' id='word_1_164' title='bbox 880 2571 1063 2649; x_wconf 86' lang='lat' dir='ltr'><strong>Exeg.</strong></span> <span class='ocrx_word' id='word_1_165' title='bbox 1108 2590 1168 2650; x_wconf 91' lang='lat' dir='ltr'>p.</span> <span class='ocrx_word' id='word_1_166' title='bbox 1215 2571 1316 2631; x_wconf 88' lang='grc'>26.</span> <span class='ocrx_word' id='word_1_167' title='bbox 1362 2570 1690 2634; x_wconf 90' lang='lat' dir='ltr'>duodecim</span> <span class='ocrx_word' id='word_1_168' title='bbox 1733 2574 1967 2655; x_wconf 86' lang='lat' dir='ltr'>Orphei</span> 
     </span>
     <span class='ocr_line' id='line_1_25' title="bbox 181 2668 1964 2756; baseline 0.001 -22"><span class='ocrx_word' id='word_1_169' title='bbox 181 2690 398 2736; x_wconf 87' lang='lat' dir='ltr'>versus</span> <span class='ocrx_word' id='word_1_170' title='bbox 443 2671 637 2745; x_wconf 86' lang='lat' dir='ltr'>affert,</span> <span class='ocrx_word' id='word_1_171' title='bbox 683 2688 835 2752; x_wconf 90' lang='lat' dir='ltr'>quos</span> <span class='ocrx_word' id='word_1_172' title='bbox 858 2668 1204 2731; x_wconf 87' lang='lat' dir='ltr'>Homerum</span> <span class='ocrx_word' id='word_1_173' title='bbox 1245 2674 1475 2752; x_wconf 87' lang='lat' dir='ltr'>partim</span> <span class='ocrx_word' id='word_1_174' title='bbox 1517 2676 1786 2753; x_wconf 86' lang='lat' dir='ltr'>integros</span> <span class='ocrx_word' id='word_1_175' title='bbox 1818 2693 1964 2756; x_wconf 86' lang='lat' dir='ltr'>par-</span> 
     </span>
     <span class='ocr_line' id='line_1_26' title="bbox 182 2771 1964 2852; baseline 0 -18"><span class='ocrx_word' id='word_1_176' title='bbox 182 2776 295 2834; x_wconf 84' lang='lat' dir='ltr'>tim</span> <span class='ocrx_word' id='word_1_177' title='bbox 350 2771 805 2852; x_wconf 88' lang='lat' dir='ltr'>aliquantulum</span> <span class='ocrx_word' id='word_1_178' title='bbox 845 2779 1133 2831; x_wconf 71' lang='lat' dir='ltr'>rmutatos</span> <span class='ocrx_word' id='word_1_179' title='bbox 1196 2771 1279 2832; x_wconf 89' lang='lat' dir='ltr'>ad</span> <span class='ocrx_word' id='word_1_180' title='bbox 1334 2791 1402 2833; x_wconf 91' lang='lat' dir='ltr'>se</span> <span class='ocrx_word' id='word_1_181' title='bbox 1444 2775 1827 2835; x_wconf 85' lang='lat' dir='ltr'>transtulisse</span> <span class='ocrx_word' id='word_1_182' title='bbox 1871 2774 1964 2837; x_wconf 90' lang='lat' dir='ltr'>di-</span> 
     </span>
     <span class='ocr_line' id='line_1_27' title="bbox 184 2871 1964 2952; baseline 0.001 -19"><span class='ocrx_word' id='word_1_183' title='bbox 184 2875 281 2933; x_wconf 93' lang='lat' dir='ltr'>cit.</span> <span class='ocrx_word' id='word_1_184' title='bbox 365 2871 502 2932; x_wconf 89' lang='lat' dir='ltr'>Hos</span> <span class='ocrx_word' id='word_1_185' title='bbox 546 2873 690 2952; x_wconf 90' lang='lat' dir='ltr'>quia</span> <span class='ocrx_word' id='word_1_186' title='bbox 732 2872 1001 2950; x_wconf 90' lang='lat' dir='ltr'>singulos</span> <span class='ocrx_word' id='word_1_187' title='bbox 1045 2873 1171 2933; x_wconf 89' lang='lat' dir='ltr'>suis</span> <span class='ocrx_word' id='word_1_188' title='bbox 1214 2874 1585 2934; x_wconf 89' lang='lat' dir='ltr'>inseruimus</span> <span class='ocrx_word' id='word_1_189' title='bbox 1628 2876 1810 2948; x_wconf 88' lang='lat' dir='ltr'>locis,</span> <span class='ocrx_word' id='word_1_190' title='bbox 1866 2876 1964 2934; x_wconf 90' lang='lat' dir='ltr'>hic</span> 
     </span>
     <span class='ocr_line' id='line_1_28' title="bbox 183 2974 1164 3052; baseline 0.001 -21"><span class='ocrx_word' id='word_1_191' title='bbox 183 2974 746 3052; x_wconf 76' lang='lat' dir='ltr'>praetermittimus,</span> <span class='ocrx_word' id='word_1_192' title='bbox 875 2980 887 2985; x_wconf 60' lang='lat'><em>⁷</em></span> <span class='ocrx_word' id='word_1_193' title='bbox 1159 2992 1164 2995; x_wconf 67' lang='grc'><em>“</em></span> 
     </span>
    </p>
   </div>
   <div class='ocr_carea' id='block_1_8' title="bbox 187 3070 1964 3253">
    <p class='ocr_par' dir='ltr' id='par_1_12' title="bbox 187 3070 1964 3253">
     <span class='ocr_line' id='line_1_29' title="bbox 353 3070 1963 3155; baseline 0.001 -23"><span class='ocrx_word' id='word_1_194' title='bbox 353 3071 518 3132; x_wconf 90' lang='lat' dir='ltr'><strong>XIV.</strong></span> <span class='ocrx_word' id='word_1_195' title='bbox 606 3070 811 3145; x_wconf 81' lang='lat' dir='ltr'>Quum</span> <span class='ocrx_word' id='word_1_196' title='bbox 855 3079 999 3131; x_wconf 89' lang='lat' dir='ltr'>ante</span> <span class='ocrx_word' id='word_1_197' title='bbox 1039 3071 1152 3132; x_wconf 91' lang='lat' dir='ltr'>hos</span> <span class='ocrx_word' id='word_1_198' title='bbox 1198 3074 1416 3152; x_wconf 86' lang='lat' dir='ltr'>viginti</span> <span class='ocrx_word' id='word_1_199' title='bbox 1460 3093 1654 3135; x_wconf 91' lang='lat' dir='ltr'>annos</span> <span class='ocrx_word' id='word_1_200' title='bbox 1687 3076 1963 3155; x_wconf 90' lang='lat' dir='ltr'>primum</span> 
     </span>
     <span class='ocr_line' id='line_1_30' title="bbox 187 3166 1964 3253; baseline 0.003 -24"><span class='ocrx_word' id='word_1_201' title='bbox 187 3170 264 3230; x_wconf 87' lang='lat' dir='ltr'>de</span> <span class='ocrx_word' id='word_1_202' title='bbox 309 3171 554 3253; x_wconf 89' lang='lat' dir='ltr'>Orpheo</span> <span class='ocrx_word' id='word_1_203' title='bbox 600 3166 924 3231; x_wconf 83' lang='lat' dir='ltr'>scriberem</span> <span class='ocrx_word' id='word_1_204' title='bbox 967 3173 1032 3231; x_wconf 92' lang='lat' dir='ltr'>in</span> <span class='ocrx_word' id='word_1_205' title='bbox 1074 3172 1239 3233; x_wconf 90' lang='lat' dir='ltr'>Diss.</span> <span class='ocrx_word' id='word_1_206' title='bbox 1286 3172 1364 3233; x_wconf 89' lang='lat' dir='ltr'>de</span> <span class='ocrx_word' id='word_1_207' title='bbox 1405 3174 1487 3233; x_wconf 90' lang='lat' dir='ltr'>M.</span> <span class='ocrx_word' id='word_1_208' title='bbox 1527 3175 1595 3235; x_wconf 94' lang='lat' dir='ltr'>B.</span> <span class='ocrx_word' id='word_1_209' title='bbox 1631 3175 1676 3234; x_wconf 91' lang='lat' dir='ltr'>I.</span> <span class='ocrx_word' id='word_1_210' title='bbox 1712 3174 1770 3234; x_wconf 86' lang='lat'>6.</span> <span class='ocrx_word' id='word_1_211' title='bbox 1815 3174 1964 3234; x_wconf 89' lang='lat' dir='ltr'>Ges-</span> 
     </span>
    </p>
   </div>
   <div class='ocr_carea' id='block_1_9' title="bbox 187 3272 1962 3354">
    <p class='ocr_par' dir='ltr' id='par_1_13' title="bbox 187 3272 1962 3354">
     <span class='ocr_line' id='line_1_31' title="bbox 187 3272 1962 3354; baseline 0.003 -24"><span class='ocrx_word' id='word_1_212' title='bbox 187 3273 317 3331; x_wconf 88' lang='lat' dir='ltr'>neri</span> <span class='ocrx_word' id='word_1_213' title='bbox 384 3290 651 3333; x_wconf 89' lang='lat' dir='ltr'>errorem</span> <span class='ocrx_word' id='word_1_214' title='bbox 721 3272 954 3345; x_wconf 86' lang='lat' dir='ltr'>detexi,</span> <span class='ocrx_word' id='word_1_215' title='bbox 1037 3274 1140 3353; x_wconf 90' lang='lat' dir='ltr'>qui</span> <span class='ocrx_word' id='word_1_216' title='bbox 1203 3272 1504 3354; x_wconf 90' lang='lat' dir='ltr'>plurimos</span> <span class='ocrx_word' id='word_1_217' title='bbox 1563 3273 1962 3335; x_wconf 75' lang='lat' dir='ltr'>oraculorum</span> 
     </span>
    </p>
   </div>
  </div>
 </body>
</html>
