2184 3840
228 233 358 293 820
754 245 994 291 masa
1038 244 1471 293 saevimus.

230 375 387 437 lic'b
431 375 557 436 die
603 377 894 437 Gottin.
981 375 1106 436 Nec
1162 375 1383 435 desunt
1426 379 1550 438 alia
1593 379 1881 438 consilia:
1937 389 2011 461 τῇ

229 476 294 539 δ’
355 477 452 539 ἐπὶ
508 474 623 539 οὖν
675 475 924 557 μείδησε
977 475 1101 538 θεὰ
1142 473 1406 561 γήθουσ)
1453 480 1544 542 ἐνὶ
1586 484 1801 561 θυμῷ.
1887 478 2013 538 Sed

226 575 498 635 rationes
558 594 769 636 omnes
823 574 1144 654 perturbat
1184 573 1494 637 Arnobius
1510 621 1527 651 ‚
1584 580 1692 658 qui
1735 576 2015 639 Clemen-

229 676 308 735 tis
354 656 544 737 Verba
578 677 767 735 latine
800 672 1063 734 reddens
1099 674 1503 737 secundarum
1539 681 1811 759 partium
1849 689 2013 739 acto-

229 793 362 835 rem
384 775 667 835 Iacchum
711 773 896 853 plane
930 763 1192 833 omittit:
1237 773 1504 835 Baubo
1549 780 1849 860 accipit
1890 780 2013 838 ho-

229 878 477 956 spitio
538 871 921 947 Cererem;
991 874 1317 933 sitienti
1372 874 1648 937 adoris
1706 880 2013 957 oggerit

227 976 632 1054 potionem
691 974 1033 1049 cinnum3
1090 984 1512 1035 aversatur
1568 984 1643 1034 et
1697 978 2014 1057 respuit

227 1073 371 1134 dea
412 1110 498 1122 —-
542 1072 725 1133 Tum
783 1076 1034 1135 vertit
1088 1074 1350 1134 Baubo
1407 1084 1612 1135 artes
1671 1087 1744 1136 et
1788 1096 2010 1156 quam

227 1175 440 1234 serio
510 1192 660 1233 non
718 1174 999 1254 quibat
1055 1175 1420 1247 allicere,
1475 1175 2010 1237 ludibriorum

224 1274 514 1334 statuit
570 1273 1020 1334 exhilarare
1076 1275 1513 1349 miraculis3
1570 1283 1874 1356 partem
1928 1277 2011 1335 il-

221 1374 374 1434 lam
431 1371 820 1454 corporiS,
876 1394 1014 1455 per
1059 1393 1282 1454 quam
1325 1394 1548 1436 secus
1591 1377 2011 1436 femineum

220 1473 577 1533 sobolem
632 1473 837 1533 solet
880 1473 1248 1559 prod—ere,
1304 1476 1504 1536 facit
1547 1479 1622 1536 in
1665 1477 2010 1556 speciem

216 1573 614 1651 laevigari
697 1574 1035 1633 nondum
1117 1573 1297 1633 duri
1375 1585 1614 1656 atque
1690 1576 2034 1645 striculi,

215 1673 620 1752 pusionis,
676 1671 890 1733 redit
934 1672 1028 1733 ad
1073 1672 1289 1733 deam
1336 1677 1646 1736 tristem
1691 1687 1768 1733 et
1807 1684 2008 1734 rete-

214 1773 326 1849 git
368 1790 447 1832 se
490 1773 732 1850 ipsam
1780 1795 1783 1797 ’

471 1932 556 1981 Sic
594 1931 739 1981 effata
775 1935 885 1980 sinu
920 1941 1109 1982 vestem
1147 1936 1398 1983 contraxit
1429 1937 1487 1983 ab
1525 1919 1620 1984 imo

469 2019 735 2082 obJ'ecitque
772 2019 924 2066 oculis
960 2019 1188 2068 formatas
1225 2022 1503 2087 inguinibus
1538 2039 1616 2070 res
1639 2021 1723 2085 [⁶],

467 2119 588 2166 quas
624 2119 742 2151 cava
778 2106 1053 2153 succutiens
1088 2105 1254 2154 Baubo
1290 2123 1452 2169 manu,
1490 2124 1600 2155 nam
1635 2107 1833 2169 puerilis

461 2190 581 2242 ,ollis
617 2191 780 2237 vultus
818 2199 952 2251 erat,
989 2191 1202 2252 plaudit,
1240 2200 1509 2240 contrectat
1545 2192 1707 2243 amice.

464 2281 567 2321 tum
604 2274 694 2322 dea
733 2275 947 2341 defigens
984 2278 1179 2342 augusti
1215 2278 1412 2325 luminis
1444 2278 1600 2339 orbes,

465 2359 693 2408 tristitias
730 2362 880 2410 animi
914 2364 1109 2425 paulum
1142 2364 1331 2411 mollita
1366 2366 1588 2426 reponit3

464 2442 577 2490 inde
612 2459 759 2492 manu
796 2448 989 2508 poclum¹
1020 2448 1194 2507 sumit,
1230 2450 1424 2512 risuque
1461 2452 1681 2512 sequenti

462 2528 686 2590 producit
721 2538 873 2578 totum
911 2533 1134 2594 cyceonis
1171 2534 1302 2580 laeta
1336 2531 1585 2602 liquorem,

206 2668 276 2728 1..
321 2667 392 2727 V.
437 2688 486 2728 c.
530 2668 631 2730 25.
676 2689 763 2751 sq.
818 2690 957 2733 cum
1014 2670 1347 2735 Clementis
1401 2678 1754 2738 narratione
1811 2679 1995 2740 vehe-

203 2777 442 2828 menter
484 2768 851 2853 discrepant.
893 2770 986 2833 Ac
1029 2774 1370 2836 Salmasius
1414 2776 1664 2858 quidem
1696 2781 1763 2839 in
1795 2780 1994 2860 Epist.

205 2867 287 2927 ad
327 2869 566 2949 Menag.
619 2892 681 2952 p.
736 2872 836 2932 68.
894 2883 957 2934 et
997 2873 1288 2938 Exercitt.
1345 2899 1406 2959 p.
1452 2876 1593 2939 528.
1650 2880 1995 2941 Arnobium

204 2968 414 3048 culpat
470 2972 715 3032 inscitia
767 2975 968 3051 graeci
1009 2980 1309 3038 sermonis
1353 2978 1432 3038 ab
1478 2979 1711 3060 Orphei
1753 2992 1993 3042 senten-

204 3068 293 3126 tia
360 3069 715 3148 longissime
772 3074 1088 3136 aberrasse
1145 3088 1327 3158 atque
1381 3098 1497 3160 pro
1553 3087 1698 3152 παῖς
1752 3082 1840 3144 δ’,
1882 3080 1992 3161 ᾖεν

202 3185 396 3246 puer
463 3171 893 3234 accedebat
954 3176 1345 3238 substituisse
1410 3198 1578 3240 nam
1640 3182 1988 3260 puerilis

319 3338 383 3395 [θ]
414 3338 577 3397 Scalig.
610 3342 665 3384 ad
696 3343 838 3386 Catal.
868 3360 909 3402 p.
940 3345 1041 3390 201.
1072 3347 1245 3390 Anthol.
1279 3347 1337 3392 Τ.
1370 3348 1428 3391 11.
1460 3348 1557 3392 526.
1602 3365 1725 3405 „res
1755 3365 1856 3408 pro
1886 3366 1983 3409 pu—

200 3394 430 3450 dendis,
462 3404 519 3441 ut
550 3403 731 3456 σκεῦος,
763 3404 1099 3459 peculium.“
