2150 3814
165 209 328 272 1216
735 213 971 259 meaa
1023 211 1393 257 TERTJUS.

171 355 397 437 ὁμοίως
453 351 555 415 καὶ
601 346 1088 428 Στησιμβρότου
1130 343 1325 415 δόξαν
1369 344 1452 414 ὥς
1495 343 1572 406 τὰ
1619 346 1686 407 ἐν
1730 351 1953 424 Σαμο-

171 451 383 537 θρᾴκῃ
455 448 590 531 ἱεροὶ
645 452 774 516 τοῖς
829 445 1160 530 Καβείροις
1219 447 1572 506 ἐπετελεῖτο·
1630 446 1961 506 καλεῖσθαι

175 555 248 618 δέ
312 570 502 634 φησιν
564 547 812 616 αὐτοὺς
854 550 1079 614 ἐκεῖνος
1138 543 1260 606 ἀπὸ
1318 551 1431 606 τοῦ
1485 546 1672 628 ὄρους
1725 550 1840 606 τοῦ
1894 545 1962 605 ἐν

176 647 553 740 Βερεκυντίᾳ
588 645 902 729 Καβείρου
925 647 1023 725 [1’],
1067 661 1326 723 quorum
1370 643 1537 718 haec,
1581 653 1653 704 ut
1687 643 1965 721 conjicio,

178 751 480 814 sententia
523 757 642 806 est:
686 744 982 807 Nonnulli
1026 741 1410 820 Corybantes
1467 744 1791 823 (incertum
1837 762 1968 802 om-

179 869 288 912 nes
332 869 411 910 an
456 844 756 907 duntaxat
800 843 1065 925 aliquos)
1108 845 1175 902 in
1219 839 1709 906 Samothraciam
1742 842 1969 914 abiisse

182 957 533 1011 memorant
593 956 679 1007 et¹
710 964 844 1006 esse
901 942 1152 1004 eosdem
1199 945 1304 1023 qui
1346 944 1414 1001 in
1455 942 1572 1002 hac
1611 938 1815 1004 insula
1858 939 1971 1001 Ca-

183 1051 303 1111 biri
343 1050 768 1119 nominentur,
826 1044 969 1118 sed,
1023 1046 1167 1125 quia
1211 1041 1636 1119 Corybantum
1680 1042 1975 1120 Phrygio-

185 1169 325 1210 rum
386 1149 487 1211 vel
545 1145 929 1207 Cretensium
987 1144 1267 1227 πράξεις,
1340 1143 1457 1202 hoc
1514 1154 1607 1203 est
1666 1161 1856 1223 opera
1913 1149 1977 1200 et

188 1249 531 1309 ministeria
586 1248 863 1305 omnium
923 1261 1206 1304 sermone
1248 1242 1659 1316 celebrantur,
1728 1242 1807 1301 de
1863 1241 1974 1302 Sa-

188 1326 542 1409 mothraciis
585 1353 795 1404 autem
841 1341 1299 1420 Corybantibus
1342 1343 1498 1401 nihil
1539 1344 1840 1415 innotuit,
1885 1340 1979 1400 di-

192 1468 327 1510 cere
372 1446 566 1507 coacti
611 1450 755 1504 sunt
795 1442 910 1513 τὰς
942 1440 1191 1525 πράξεις
1225 1442 1439 1519 αὐτῶν
1473 1442 1776 1522 μυστικὰς
1801 1442 1977 1506 εἶναι.

188 1548 263 1610 Id
298 1545 524 1608 ‘autem
567 1546 890 1624 impugnat
930 1542 1318 1615 Demetrius,
1361 1543 1427 1599 in
1470 1541 1784 1617 mysteriis
1826 1540 1981 1600 nihil

169 1647 273 1707 ‘de'
315 1643 679 1707 Cabirorum
722 1643 905 1703 rebus
949 1645 1135 1721 gestis
1178 1641 1381 1715 tradi,
1404 1651 1719 1720 nequent
1749 1641 1983 1701 Rheam

195 1743 489 1808 comitati
527 1747 683 1818 sint,
744 1764 940 1824 neque
983 1754 1053 1803 ut
1094 1742 1317 1805 Jovem
1362 1743 1791 1823 Bacchumque
1835 1739 1983 1800 edu-

195 1849 500 1919 caverint,
558 1845 825 1924 ideoque
878 1844 1110 1903 nullam
1156 1862 1402 1903 causam
1448 1858 1584 1903 esse
1627 1862 1732 1902 cur
1777 1840 1988 1903 Cabiri

195 1946 387 2028 iidem
443 1944 824 2022 Corybantes
881 1962 1014 2003 esse
1070 1943 1411 2003 credantur.
1505 1942 1790 2002 Muelleri
1845 1960 1987 2000 con-

191 2048 429 2125 jectura
445 2047 518 2124 [q]
566 2063 681 2124 pro
724 2044 991 2126 μηδενὸς
1033 2052 1340 2124 μυστικοῦ
1371 2041 1558 2128 λόγου
1591 2043 1732 2125 περὶ
1755 2041 1987 2126 Καβεί-

201 2170 331 2228 ρων
389 2145 720 2229 λεγομένου
777 2142 1206 2202 substituentis
1262 2142 1402 2223 περὶ
1443 2139 1816 2225 Κουρήτων,
1861 2158 1988 2200 non

199 2245 400 2306 solum
437 2245 610 2322 justo
654 2242 946 2303 audacior
989 2242 1101 2301 sed
1146 2244 1334 2301 etiam
1379 2261 1417 2301 a
1460 2243 1764 2301 Demetrii
1817 2260 1992 2319 argu-

201 2346 606 2416 mentatione,
662 2355 818 2423 quae'
862 2352 995 2402 tota
1038 2344 1105 2401 in
1151 2340 1444 2402 Curetum
1489 2338 1993 2420 Corybantumve

204 2455 266 2503 et
321 2441 683 2503 Cabirorum
741 2443 1133 2501 distinctione
1188 2453 1501 2515 versatur,
1567 2444 1768 2502 aliena
1821 2440 1992 2502 vide-

206 2555 335 2619 tur3
388 2563 533 2604 nam
589 2541 755 2623 quod
813 2543 1089 2620 sequitur
1144 2544 1202 2603 οἱ
1244 2543 1311 2604 δ’
1350 2541 1600 2622 Ἑκάτης
1641 2539 1990 2625 προπόλους

207 2640 535 2727 νομίζουσι
586 2644 732 2712 τοὺς
774 2649 1098 2723 Κουρῆτας
1140 2642 1287 2712 τοὺς
1342 2642 1571 2713 αὐτοὺς
1612 2649 1742 2712 τοῖς
1782 2638 1990 2724 Κορύ-

207 2748 401 2827 βασιν
444 2745 652 2817 ὄντας,
696 2741 765 2802 id
809 2734 1128 2803 Strabonis
1173 2741 1664 2802 additamentum
1710 2750 1820 2816 est,
1868 2759 1990 2822 quo

330 2901 407 2957 [P]
457 2900 585 2943 Mons
614 2900 813 2955 ignotus,
843 2897 1128 2955 Berecyntiae
1159 2913 1332 2951 nomen,
1374 2899 1488 2955 quod
1527 2899 1707 2941 licenter
1734 2898 1815 2941 toti
1845 2898 1989 2954 Phry-

215 2959 314 3015 giae
341 2959 572 3013 tribuitur,
614 2959 883 3014 ambiguum,
927 2971 1034 3013 gens
1071 2958 1360 3013 Berecyntum
1390 2959 1464 3000 diu
1493 2965 1593 3000 ante
1622 2958 1880 3000 Strabonem
1911 2958 1991 2999 ab-

216 3018 323 3060 olita
350 3033 392 3060 v·
416 3017 469 3059 L.
501 3017 604 3060 XII.
642 3017 715 3059 fin.
760 3017 836 3059 ubi
874 3015 1130 3071 Aeschylum
1170 3017 1295 3059 docet
1334 3016 1551 3059 Troadem
1588 3030 1670 3058 una
1711 3031 1806 3058 curn
1846 3020 1990 3059 tractu

216 3076 506 3131 Berecynthio
548 3075 727 3118 Tantali
768 3089 902 3130 regno
943 3075 1225 3116 contribuisse
1269 3075 1442 3130 Fragm.
1487 3075 1620 3117 Niob.
1663 3074 1864 3117 CXLIII.
1904 3074 1991 3130 (ibi

217 3134 373 3176 dudum
404 3134 662 3176 correximus
692 3137 786 3178 πᾶν
817 3133 860 3176 δ’
897 3132 1082 3192 ὀρεχθεῖ
1109 3130 1335 3190 δάπεδον)
1365 3131 1522 3190 Νομὸς
1550 3129 1854 3189 Βερεκὺνθιος
1884 3132 1989 3175 Cal-

217 3192 303 3234 lim.
332 3192 390 3234 H.
421 3192 465 3233 in
493 3191 619 3234 Dian.
650 3192 751 3234 246.
793 3193 908 3235 haud
939 3191 1067 3235 dubie
1098 3192 1256 3234 Cariae
1286 3196 1375 3244 est,
1405 3192 1570 3233 vicinus
1599 3192 1749 3248 Nysae
1779 3197 1824 3234 et
1855 3191 1987 3243 Tral-

217 3251 341 3293 libus.
388 3250 490 3292 xSed
539 3251 717 3294 Servius
765 3253 871 3294 Aen.
914 3251 990 3294 VI.
1040 3248 1138 3292 785.
1218 3251 1632 3304 Berecynthum
1686 3249 1986 3293 castellum

218 3308 504 3363 Phrygiae
542 3310 707 3363 juxta
747 3309 1106 3366 Sangarium,
1148 3310 1241 3352 ubi
1281 3314 1460 3352 mater
1496 3309 1646 3351 deum
1687 3309 1914 3352 colitur.

333 3367 404 3423 [(1]
451 3367 654 3423 Prolegg.
687 3383 724 3409 z.
754 3368 895 3425 Myth.
927 3383 967 3425 p.
1001 3367 1093 3411 150.
