2150 3814
734 260 876 306 snm
890 261 1279 308 ornRAcu.
1750 253 1911 316 1343

142 388 441 472 ἀπιούσης
479 389 588 454 καὶ
624 388 738 458 τὰς
780 389 1008 468 σχέσεις
1032 400 1035 402 ’
1061 392 1199 467 (scr.
1243 390 1491 471 σχίσεις)
1534 388 1615 454 αὗ
1657 395 1763 456 καὶ
1802 399 1914 468 τὰς

139 490 444 574 τριόδους,
475 488 598 554 ἀπὸ
637 495 770 552 τῶν
825 489 1060 553 οὐσιῶν
1116 492 1254 573 (ser.
1301 491 1573 571 θυσιῶν)
1627 492 1734 555 καὶ
1786 504 1914 559 τῶν

138 598 463 674 πατρικῶν
513 593 776 669 θεσμῶν
826 587 1343 671 τεκμαιρόμενος,
1399 592 1440 654 ἃ
1485 590 1563 671 δὴ
1606 600 1725 672 τῆς.
1757 613 1917 675 συμ-

137 695 392 773 βολικῆς
434 690 682 753 ἅπαντα
724 687 997 771 θεωρίας
1040 690 1168 752 ἐστὶ
1209 692 1439 773 μεστοὶ,
1482 691 1591 779 καὶι
1628 700 1756 756 τῶν
1797 718 1919 756 πα-

137 790 223 872 ρὰ
290 795 420 859 τοῖς
483 794 764 868 ποιηταῖς
831 791 1327 872 θρυλλουμένων
1393 777 1646 856 ἀνόδων
1696 817 1762 855 τε
1815 794 1921 856 καὶ

136 887 444 952 καθόδων
495 896 628 952 τῶν
684 913 752 951 τε
817 893 1252 954 Διονυσιακῶν
1324 889 1755 973 συνθημάτων
1805 895 1922 956 καὶ

135 997 271 1053 τῶν
318 995 683 1053 Τιτανικῶν·
710 988 1180 1072 ἁμαρτημάτων
1234 993 1582 1076 λεγομένων
1636 993 1741 1055 καὶ
1791 1002 1923 1058 τῶν

139 1092 209 1153 ἐν
251 1090 412 1171 ᾅδου
454 1086 730 1171 τριόδων
768 1089 878 1151 καὶ
918 1097 1028 1167 τῆς
1068 1088 1322 1168 πλάνης.
1391 1090 1593 1150 Locus
1650 1102 1744 1151 est
1785 1094 1922 1152 Pla-

138 1190 305 1248 tonis
370 1188 595 1250 phaed.
655 1208 717 1267 p.
777 1187 916 1247 108.
970 1187 1047 1246 Α.
1106 1188 1145 1265 ἡ
1205 1193 1291 1256 εἰς
1347 1188 1507 1267 ᾅδου
1565 1190 1782 1273 πορεία
1837 1228 1924 1238 --

139 1289 293 1350 ἔοικε
338 1287 563 1366 σχίσεις
601 1309 668 1347 τε
710 1285 817 1348 καὶ
858 1283 1188 1368 περιόδους
1241 1287 1505 1356 πολλοὺς
1560 1291 1744 1367 ἔχειν·
1799 1292 1920 1354 ἀπὸ

136 1394 266 1449 τῶν
308 1390 562 1449 θυσιῶν
602 1407 669 1447 τε
711 1384 819 1446 καὶ
859 1384 1151 1467 νομίμων
1203 1393 1335 1449 τῶν
1388 1384 1622 1450 ἐνθάδε
1675 1413 1925 1473 τεκμαι-

136 1483 401 1568 ρόμενος
454 1485 609 1570 λέγω
619 1529 643 1558 ,
707 1483 831 1542 ubi
871 1482 1269 1545 Heindorfius
1325 1494 1386 1544 et
1439 1485 1754 1547 Bekkerus
1810 1508 1925 1568 pro

138 1589 421 1658 θυσιῶν,
478 1582 648 1663 quod
692 1581 1180 1663 olympiodorus
1225 1594 1288 1645 et
1329 1587 1461 1645 sine
1506 1586 1694 1646 dubio
1739 1590 1927 1648 etiam

142 1685 436 1745 Proculus
494 1682 573 1743 ab
616 1681 985 1744 Heindorfio
1034 1686 1343 1763 neglectus
1386 1687 1453 1743 in
1497 1688 1623 1746 suis
1654 1689 1927 1748 >invene-

139 1793 287 1845 runt
364 1783 570 1856 libris,
653 1782 936 1842 codicum
1001 1785 1275 1864 plurium
1342 1785 1669 1849 lectionem
1735 1788 1928 1852 ὁσίων

140 1885 579 1966 praetulerunt.
712 1881 1152 1960 Olympiodori
1221 1882 1541 1943 adnotatio
1614 1886 1763 1945 haec
1837 1896 1931 1946 est

142 1982 488 2065 Σωκράτης
531 1980 799 2045 δεικνύει
843 1983 1162 2064 ἱερατικῶς
1211 1984 1333 2046 ἀπὸ
1389 1993 1520 2049 τῶν
1576 1988 1644 2049 ἐν
1694 1983 1927 2069 τριόδῳ

141 2110 345 2167 τιμων
397 2093 506 2162 τῆς
553 2079 836 2160 Ἑκάτης,
908 2099 948 2139 a
1003 2099 1124 2160 quo
1184 2081 1467 2143 dissentit
1530 2083 1930 2146 Heindorfius

144 2205 206 2264 p.
247 2183 394 2244 221.
440 2181 802 2242 obscuris
845 2180 968 2240 his
1010 2180 1277 2242 verbis
1321 2201 1472 2241 non
1516 2201 1648 2260 ego
1689 2182 1930 2244 Heca-

148 2294 269 2344 tes
339 2301 565 2343 sacra
629 2280 764 2341 sed
821 2283 1209 2358 mysteria
1271 2282 1493 2358 tangi
1554 2283 1928 2360 conjicio,

149 2385 227 2443 in
270 2383 549 2464 quibus
593 2381 998 2443 anfractus
1042 2381 1173 2440 illi
1215 2381 1292 2440 in
1338 2379 1611 2441 Orcum
1658 2381 1930 2444 ducen-

150 2494 265 2543 tes
353 2491 887 2564 spectatorum
985 2482 1233 2541 oeulis
1329 2480 1929 2560 subjicerentun

151 2584 426 2643 Primum
491 2602 617 2645 non
685 2589 926 2645 'constat
990 2580 1108 2642 hoc
1163 2598 1438 2661 unquam
1493 2581 1725 2643 factum
1780 2602 1932 2658 esse,

154 2683 379 2744 deinde
421 2686 670 2744 nomine
716 2685 838 2744 isto
896 2681 1090 2746 ὁσίων
1145 2681 1251 2744 καὶ
1303 2681 1591 2764 νομίμων
1633 2683 1932 2758 mysteria

155 2785 479 2861 significari
538 2803 665 2844 non
727 2792 1014 2864 possunt,
1088 2790 1458 2863 postremo,v
1511 2784 1566 2841 si
1629 2782 1740 2841 illa
1791 2784 1934 2862 ipsa

157 2883 401 2945 Tartari
443 2894 506 2944 et
546 2885 749 2962 Elysii
792 2884 1064 2947 divortia
1104 2884 1488 2943 initiatorum
1549 2882 1748 2942 oculis*
1791 2882 1934 2943 sub-

151 2985 318 3061 jecta
369 2984 659 3058 fuissent,
736 2983 1044 3065 quomodo
1103 2984 1278 3043 Plato
1348 2982 1550 3042 dicere
1605 2983 1811 3061 potuit
1865 3001 1935 3042 se
1985 2991 1987 2995 ’

158 3084 302 3143 hinc
344 3086 872 3162 conjecturam
918 3104 1218 3165 capere,
1262 3091 1334 3143 ut
1360 3081 1759 3143 Heindorfius
1795 3100 1934 3144 ver-

161 3185 272 3258 tit,
353 3182 432 3243 de
509 3184 691 3246 rebus
757 3186 835 3245 iis
905 3204 1059 3265 quae
1128 3183 1409 3244 omnibus
1474 3185 1540 3243 in
1608 3183 1935 3262 conspicuo

167 3283 376 3343 erant'.l
462 3283 763 3364 Equidem
806 3285 1065 3347 Proculo
1122 3295 1179 3346 et
1227 3282 1676 3366 Olympiodoro
1731 3301 1934 3346 assen—

166 3385 286 3444 tior
354 3384 612 3462 intelligi
670 3386 843 3463 justa
896 3387 1178 3448 funebria
1233 3385 1370 3447 sive
1426 3384 1710 3457 inferias,
1779 3400 1937 3462 quae
2022 3394 2025 3398 ⁴

1445 3482 1605 3542 36*
