2150 3814
199 201 363 264 1048
726 215 963 260 mnan
1005 214 1436 261 sncuNDUS.

193 355 369 406 nota:
408 344 581 425 ιὝης,
638 345 796 413 Ζεὺς
851 346 1129 428 ὄμβριος.
1232 342 1358 404 Sed
1410 342 1728 404 Diodorus
1768 344 1873 405 ΠΙ.
1912 346 1974 427 4.-

197 445 529 507 Sabazium
599 440 758 504 Jove
825 453 887 502 et
958 443 1328 522 Proserpina
1394 454 1610 505 natum
1668 443 1978 524 perhibet3

194 565 352 628 quae
391 553 566 604 tanta
604 542 906 601 dissensio
936 543 1070 620 jam
1113 542 1262 602 olim
1289 544 1637 605 Rubenium
1669 543 1747 604 de
1771 545 1979 606 Numo

195 647 452 722 August.
507 662 568 722 p.
624 643 768 703 273.
825 661 898 702 eo
953 642 1193 720 adegit,
1237 653 1308 702 ut
1350 663 1563 705 omnes
1608 644 1801 719 deoS,
1832 663 1985 726 quo-

195 763 334 806 rum
379 761 552 802 sacra
596 744 920 820 orgiastiea
963 751 1184 816 essent,
1229 743 1530 805 Sabazios
1568 753 1825 807 vocatos
1852 763 1986 805 esse

198 852 512 904 statueret.
594 841 668 901 Id
727 834 975 923 quidem
1030 845 1180 903 satis
1225 852 1516 923 apparet,
1563 844 1830 905 Graecos
1873 864 1986 905 nu-

188 963 340 1005 men
405 942 735 1009 barbarum
789 942 982 1003 modo
1039 942 1185 1006 Jovi
1236 943 1427 1003 modo
1482 944 1768 1021 Dionyso
1828 963 1991 1004 com-

197 1062 479 1126 parasse,
569 1062 828 1122 quorum
897 1052 1224 1124 utrumque
1280 1063 1319 1103 a
1379 1041 1610 1120 Cybele
1665 1043 1994 1106 educatum

201 1146 441 1204 scirent.
503 1143 727 1203 Strabo
782 1143 861 1203 X.
919 1144 1063 1204 470.
1121 1144 1230 1204 ubi
1299 1143 1377 1203 de
1434 1144 1868 1206 Bacchicorum
1930 1154 1994 1205 et

200 1245 608 1322 Phrygiarum
666 1246 1094 1304 convenientia
1152 1246 1310 1323 agit,
1378 1246 1483 1309 καὶ
1547 1247 1581 1308 ὅ
1645 1244 1992 1329 Σαβάζιος,

201 1346 432 1423 inquit,
488 1351 618 1407 τῶν
675 1350 1061 1430 Φρυγιακῶν
1105 1347 1235 1407 ἐστι
1277 1345 1382 1407 καὶ
1422 1342 1659 1428 τρόπον
1699 1346 1845 1410 τινὰ
1887 1355 1995 1426 τῆς

201 1443 467 1527 Μητρὸς
519 1443 591 1505 τὸ
647 1444 902 1507 παιδίον
954 1443 1453 1526 παραδιδόμενος
1510 1451 1639 1515 τοῖς
1682 1445 1995 1511 Διονύσου

200 1543 308 1606 καὶ
376 1540 597 1616 αὐτός,
668 1563 851 1622 quem
919 1546 1126 1605 locum
1180 1546 1355 1607 varie
1410 1554 1665 1604 tentant.
1763 1545 1998 1626 Aperte

204 1650 369 1702 errat
425 1642 709 1703 Valesius
766 1644 848 1704 ad
908 1645 1138 1706 Mauss.
1193 1665 1254 1725 p.
1301 1645 1444 1704 329.
1503 1645 1654 1704 haec
1697 1645 1996 1708 scribens:

205 1742 599 1823 proverbiale
668 1763 802 1804 esse
855 1755 968 1809 τοῦ
1026 1747 1261 1829 πατρὸς
1316 1755 1424 1805 aut
1476 1754 1584 1824 τῆς
1637 1747 1871 1829 μητρὸς
1925 1748 1996 1810 τὸ

205 1843 460 1906 παιδίον
518 1843 688 1923 apud
743 1845 1046 1906 Basilium
1108 1848 1226 1926 Ep.
1286 1843 1552 1905 CXLVI.
1613 1848 1698 1928 (p.
1750 1847 1888 1907 117.
1934 1845 2000 1907 C.

209 1942 279 2003 T.
323 1944 453 2021 111.)
514 1943 875 2007 Tertullian.
923 1945 1005 2005 ad
1047 1945 1292 2006 Nation.
1335 1946 1410 2004 H.
1460 1945 1572 2004 13.
1600 1947 2004 2026 similiterque

209 2042 689 2123 Aristophanem
760 2045 992 2105 dixisse
1060 2047 1131 2108 τὸ
1203 2046 1437 2128 πατρὸς
1504 2044 1782 2110 νεόττιον
1837 2046 2003 2109 Airv.

206 2144 351 2203 767.
396 2143 627 2203 Verum
673 2147 837 2205 enim
880 2146 998 2204 hoc
1040 2144 1344 2204 ludicrum
1374 2145 1796 2226 proverbium,
1839 2145 2007 2225 quod

207 2244 275 2302 in
334 2262 617 2303 sermone
671 2245 966 2304 familiari
1022 2246 1238 2305 tritum
1294 2255 1387 2305 est
1442 2245 1519 2305 de
1573 2247 1681 2320 iis,
1737 2247 1842 2327 qui
1895 2265 2006 2326 pa-

207 2353 449 2403 rentum
518 2346 830 2422 ingenium
899 2346 1171 2405 referunt
1241 2365 1467 2426 eosque
1523 2348 1701 2428 quasi
1763 2366 2008 2425 regene-

212 2453 383 2516 rant,
463 2445 560 2506 ἐπὶ
629 2455 759 2510 τῶν
827 2447 1013 2526 ὅμοια
1080 2445 1433 2510 ποιούντων
1498 2454 1628 2517 τοῖς
1694 2445 2007 2530 πατράσιν

211 2542 441 2604 Anecd.
486 2543 677 2604 Bekk.
720 2563 781 2625 p.
827 2542 1021 2626 65.[¹‘]
1069 2564 1107 2605 a
1152 2544 1475 2605 Strabonis
1521 2545 1764 2605 dicendi
1789 2566 2009 2624 genere

218 2711 316 2756 134.
359 2713 587 2756 Idaeum
629 2714 924 2758 Simoenta
961 2714 1125 2757 Jovis
1168 2716 1457 2758 cunabula
1497 2709 1698 2773 Propert'.
1739 2716 1941 2766 ΙΠηΕΙ.
1969 2717 2005 2762 Ῑ.

214 2772 286 2814 27.
328 2794 386 2803 —
444 2773 631 2815 Nomina
660 2773 781 2815 Jovis
811 2774 1009 2830 Phrygia
1038 2779 1245 2831 Βαγαῖος
1284 2780 1328 2817 et
1369 2771 1555 2825 Μαζεύς
1584 2776 1715 2818 affert
1742 2775 2006 2832 Hesychius,

217 2829 452 2886 Bithynica
483 2831 671 2888 Papas
702 2836 747 2874 et
776 2833 932 2875 Attis
963 2833 1172 2875 Arrianus
1202 2834 1329 2875 Eust.
1372 2848 1414 2890 p.
1446 2833 1547 2878 565.
1586 2833 1627 2877 3.
1666 2847 1844 2890 quorum
1885 2835 2007 2892 prius

220 2890 408 2931 fortasse
438 2894 607 2946 patrem
638 2890 871 2946 significat,
901 2894 951 2933 ut
978 2892 1022 2933 in
1052 2892 1294 2947 Aeschyleo
1325 2891 1419 2934 loco
1451 2892 1601 2949 Suppl.
1632 2890 1730 2936 905.
1769 2884 1804 2934 ὦ
1832 2895 1901 2950 μᾶ
1929 2895 2006 2951 γᾶ,

218 2948 286 2988 πᾶ
317 2950 433 3002 Ζεῦ,
477 2947 515 2989 si
544 2963 648 3000 vere
676 2952 739 2992 ita
774 2951 1032 3006 corrigitur3
1075 2965 1318 3007 quanquam
1349 2951 1503 2992 Tellus
1532 2951 1653 2993 Jovis
1683 2956 1820 2994 mater
1850 2951 2009 2994 dicitur

219 3005 355 3060 Soph.
398 3005 509 3049 Phil.
551 3007 649 3050 393.
702 3008 943 3065 Lydiisque
984 3009 1194 3051 asseritur
1230 3010 1512 3065 religionibus
1555 3009 1628 3051 sed
1672 3010 1736 3051 ita
1774 3014 1824 3052 ut
1860 3010 2009 3052 Rheae

218 3063 448 3118 subjuncta
489 3065 546 3107 sit
575 3068 710 3109 notio.

344 3120 415 3176 [k]
463 3123 538 3164 Sic
571 3125 770 3167 Comicus
803 3140 871 3182 ap.
902 3126 1056 3168 Athen.
1088 3125 1165 3170 IX.
1207 3125 1306 3169 373.
1337 3127 1392 3168 E.
1438 3123 1622 3183 ὁμοίους
1662 3124 1765 3174 τοὺς
1806 3123 2011 3175 νεοττοὺς

223 3181 286 3234 τῷ
327 3184 479 3239 πατρί.
543 3183 836 3240 Theophrast.
878 3183 1009 3228 Char.
1053 3185 1112 3228 II.
1149 3188 1351 3243 χρηστοῦ
1390 3182 1560 3239 πατρὸς
1598 3181 1810 3227 νεόττιον.
1860 3185 2008 3227 Philo-

221 3241 344 3279 strat.
375 3238 430 3279 V.
470 3238 603 3297 Soph.
636 3242 692 3284 II.
724 3243 766 3286 9.
799 3240 913 3285 584.
938 3246 1018 3287 τοῦ
1048 3242 1216 3303 πατρός
1254 3246 1348 3289 ἐστι
1386 3243 1435 3287 τὸ
1477 3243 1678 3286 παιδίον.
1720 3245 1774 3285 cf.
1818 3243 2005 3285 casaub.

221 3295 277 3337 ad
308 3296 462 3338 Athen.
494 3312 538 3353 p.
574 3299 681 3362 186.
723 3300 936 3362 Ἀκριβῶς
964 3304 1042 3347 τοῦ
1073 3302 1242 3363 πατρὸς
1272 3301 1367 3352 υἱὸς
1396 3300 1508 3345 κατὰ
1543 3300 1624 3355 τὴν
1654 3305 1906 3360 παροιμίαν
1933 3301 2006 3344 Li—

220 3355 321 3397 ban.
354 3354 438 3412 Ep.
473 3355 728 3402 MCDLXA
779 3361 809 3404 ἵ.
843 3359 938 3402 672.
