2150 3814
206 175 371 238 1236
771 187 1007 231 hinnu
1049 185 1407 230 TERTms,

208 329 403 404 μεῦον
448 322 619 386 θεοῖς
662 317 740 379 τὰ
784 319 924 398 παρ’
973 314 1338 398 ἀνθρώπων
1379 316 1482 379 καὶ
1520 313 1880 398 ἀνθρώποις
1901 317 1980 378 τὰ

208 420 378 504 παρὰ
431 423 604 480 θεῶν
661 450 744 459 --
800 415 907 477 διὰ
964 413 1189 478 τούτου
1241 417 1280 494 ἡ
1331 416 1596 498 μαντικὴ
1639 420 1833 497 χωρεῖ
1881 415 1984 476 καὶ

207 522 245 600 ἡ
290 526 419 582 τῶν
463 516 672 599 ἱερέων
712 514 891 594 τέχνη
937 522 1065 578 τῶν
1109 514 1248 597 περὶ
1287 517 1398 587 τὰς
1434 516 1674 585 τελετὰς
1697 514 1803 577 καὶ
1827 516 1986 595 ἐπῳ-

212 619 328 688 δὰς
384 617 489 678 καὶ
545 612 830 700 γοητείαν
889 612 1104 692 Symp.
1163 632 1223 692 p.
1280 614 1422 675 202.
1478 617 1550 675 E.
1609 624 1670 673 et
1711 612 1989 694 pluribus

215 715 417 779 verbis
497 713 795 793 Apulejus
879 711 955 770 de
1025 712 1177 771 Gen.
1216 712 1412 774 Scor.
1477 733 1539 793 p.
1570 736 1574 740 ’
1604 713 1755 773 674.
1817 722 1992 772 sunt

212 815 582 896 quaedam
630 812 955 873 divinae
998 812 1306 872 mediae
1349 811 1991 892 potestates[‘³]-

211 953 295 961 -
351 917 559 974 inter
615 912 1037 972 terricolas
1097 913 1681 992 coelicolasque
1737 918 1993 971 vecto--

210 1034 332 1074 res
389 1015 571 1073 hinc
630 1031 938 1092 precum
996 1012 1179 1072 inde
1238 1011 1649 1084 donorum,
1710 1012 1995 1095 utrius-

214 1114 897 1194 que'interpretes
957 1123 1030 1170 et
1082 1111 1621 1189 salutigeruli3
1677 1131 1814 1190 per
1856 1111 1996 1170 hos

211 1215 608 1291 Magorum
687 1212 1101 1284 miracula,
1172 1213 1766 1291 praesagiorum
1835 1229 1998 1288 spe-

214 1316 407 1385 cieS‚
490 1312 916 1371 Tuscorum
997 1313 1310 1389 piacula
1389 1320 1498 1370 etc.
1603 1309 1739 1369 Hos
1809 1309 2002 1368 Stoici

219 1410 485 1480 ἐπόπτας
555 1409 985 1493 ἀνθρωπίνων
1037 1409 1427 1495 πραγμάτων
1483 1408 1768 1467 dicebant
1819 1409 1999 1485 Diog.

215 1511 322 1569 La.
383 1510 512 1568 VII.
575 1507 712 1569 151.
799 1509 1108 1568 Maximus
1169 1509 1392 1583 Tyrius
1449 1513 1638 1571 θεῶν
1676 1508 2002 1589 ὑπηρέτας,
2076 1570 2080 1575 ,

217 1609 580 1692 ἀνθρώπων
635 1608 962 1678 ἐπιστάτας
1017 1609 1183 1668 Diss,
1242 1608 1403 1667 XIV.
1449 1608 1591 1667 266.
1652 1626 1878 1687 eosque
1923 1606 2000 1666 ab

216 1709 495 1769 Hesiodo
556 1710 760 1789 Ζηνὸς
816 1707 1165 1791 προπόλους
1225 1709 1386 1788 opp.
1433 1706 1576 1768 252.
1621 1717 1682 1767 et
1726 1705 2006 1790 φύλακας

218 1808 582 1893 ἀνθρώπων
651 1807 1071 1878 πλουτοδότας
1140 1829 1197 1869 v.
1261 1807 1399 1867 125.
1460 1810 1672 1868 Vocari
1729 1807 1802 1866 cf.
1863 1807 2005 1865 Plu-

218 1909 404 1967 tarch.
463 1907 540 1968 de
595 1908 672 1967 Is.
719 1928 765 1966 c.
810 1906 1035 1966 XXVI.
1082 1907 1158 1966 (le
1201 1909 1342 1967 Def.
1391 1906 1492 1965 Or.
1538 1906 1674 1966 XII.
1730 1906 1834 1985 qui
1877 1905 2002 1965 Da-

186 1985 418 2086 {ctylos
476 2017 538 2066 et
584 2004 965 2084 Corybantes
1009 2007 1170 2066 hunc
1214 2009 1277 2066 in
1321 2026 1644 2066 numerum
1689 2007 2007 2084 geniorum

189 2106 663 2177 *beneficorum,
738 2103 1035 2187 σωτήρων
1105 2107 1211 2169 καὶ
1279 2105 1612 2188 φυλάκων,
1670 2105 1859 2163 refert
1910 2106 2009 2164 De

195 2207 331 2285 fac.
377 2206 530 2264 Lun.
578 2226 624 2264 c.
671 2204 862 2265 XXX.
909 2203 1008 2265 95.
1055 2205 1123 2265 Τ.
1168 2205 1334 2265 XIII.
1391 2210 1456 2267 ἐκ
1498 2213 1628 2268 τῶν
1671 2202 2010 2286 βελτιόνων

222 2304 547 2388 ὃαιιιόνων
590 2306 736 2375 τοὺς
779 2331 918 2388 περι
959 2306 1072 2369 τὸν
1116 2303 1364 2387 Κρόνον
1409 2308 1594 2374 ὄντας
1640 2307 1881 2388 ἔφασαν
1926 2303 2010 2364 εἷ-

223 2431 329 2469 ναι
371 2406 477 2468 καὶ
518 2403 821 2485 πρότερον
865 2410 932 2468 ἐν
974 2414 1049 2485 τῇ
1092 2403 1303 2487 Κρήτῃ
1346 2405 1490 2474 τοὺς
1539 2403 1800 2473 Ἰδαίους
1843 2408 2010 2464 Λακ-

223 2503 466 2577 τύλους,
513 2508 579 2568 ἐν
606 2511 680 2583 τῇ
712 2503 964 2587 Φρυγίᾳ
995 2505 1141 2572 τοὺς
1170 2502 1584 2585 Κορύβαντας
1611 2503 1904 2587 γενέσθαι
1922 2496 2008 2581 [¹]

225 2604 322 2663 Ex
365 2605 460 2663 his
505 2613 709 2663 autem
753 2620 880 2660 non
925 2602 1247 2661 obscurum
1292 2602 1426 2662 fore
1470 2620 1651 2683 spero
1698 2620 1881 2680 quam
1921 2600 2012 2659 fa-

346 2787 422 2843 [0]
478 2784 552 2829 Sic
583 2788 665 2829 hoc
707 2787 874 2829 nomine
919 2786 1057 2828 utitur
1097 2786 1276 2829 Servius
1319 2787 1372 2828 V.
1414 2785 1483 2828 95.
1525 2785 1755 2842 singula
1795 2786 2012 2828 numina

227 2845 440 2887 habent
481 2845 798 2888 inferiores
842 2851 1170 2901 potestates
1213 2844 1529 2890 ministros.
1574 2850 1618 2886 et
1646 2845 1728 2886 hoc
1757 2844 1882 2886 modo
1914 2858 2011 2885 sae-

225 2903 322 2960 pius
353 2904 435 2945 III.
467 2903 538 2945 93.
569 2904 668 2946 VII.
699 2903 771 2946 91.
815 2903 1092 2959 similiterque
1124 2903 1287 2947 Graeci
1315 2903 1577 2946 recentiores
1608 2899 1822 2961 ὅινάιιεις
1849 2917 1891 2944 v.
1923 2902 2010 2943 Co

228 2975 311 3017 ray
341 2962 397 3004 ad
426 2961 600 3004 Heliod.
631 2977 673 3019 p.
707 2960 806 3004 147.

344 3033 418 3090 [f]
471 3035 590 3077 Idem
630 3035 730 3077 Def.
770 3035 927 3076 Oraec.
971 3049 1008 3076 c.
1050 3033 1219 3077 XVIII.
1261 3034 1373 3075 hanc
1411 3033 1591 3075 insulam
1633 3037 1839 3075 memorat
1869 3046 2011 3106 prope

227 3091 521 3145 Britanniam,
562 3094 639 3136 ubi
667 3093 902 3135 Saturnum
930 3092 976 3133 in
1005 3092 1202 3133 custodia
1236 3092 1374 3134 teneri
1413 3086 1759 3165 φρουρούμενον
1800 3088 1888 3134 ὑπο
1931 3093 2011 3135 τοῦ

228 3144 435 3221 Βριάρεω
476 3147 779 3194 καθεύδοντα·
836 3148 1008 3212 δεσμὸν
1046 3147 1135 3208 γὰρ
1176 3148 1296 3206 αὐτῷ
1338 3147 1418 3193 τὸν
1461 3149 1609 3193 ὕπνον
1645 3152 2010 3219 μεμηχανῆσθαι,

230 3206 423 3257 πολλοὺς
453 3208 503 3252 δὲ
534 3211 639 3266 περὶ
669 3207 806 3252 αὐτον
836 3212 951 3252 εἰναι
981 3189 1204 3266 δαίμονας
1233 3192 1436 3256 ὀπαδοὺς
1475 3209 1595 3250 καὶ
1583 3205 1880 3276 Ἱεριιποντας.
1940 3207 2010 3249 Ea

230 3271 296 3308 est
326 3267 417 3308 sine
448 3267 576 3308 dubio
608 3273 865 3310 mortuorum
897 3266 1035 3308 insula
1067 3266 1120 3308 de
1152 3279 1235 3323 qua
1267 3267 1375 3340 mira
1404 3273 1553 3309 narrat
1574 3266 1809 3326 Procopius
1832 3281 1872 3308 v
1898 3266 2008 3307 Ges—

234 3339 310 3367 ner
341 3325 396 3367 ad
427 3325 580 3368 Claud.
611 3325 655 3367 in
686 3326 785 3368 Ruf.
817 3325 870 3370 L.
903 3324 938 3367 I.
974 3321 1069 3368 123.
