2150 3814
290 195 452 259 1340
828 212 1061 257 LIBER
1120 214 1481 263 TERTIUS,

281 348 409 407 τῶν
450 345 831 439 ἑρπυστικῶν
873 341 978 403 καὶ
1016 340 1283 424 ἰοβόλων
1309 348 1552 430 θηρίων
1575 359 1683 410 etc.
1714 351 2042 414 draconem

278 440 426 501 dicit
468 450 879 500 consecratum
924 459 1056 501 esse
1099 451 1230 502 tum
1275 443 1353 503 ob
1397 447 1547 508 alias
1605 469 1851 525 causam,
1909 461 2039 514 tum

276 542 420 620 quia
458 539 756 620 reptando
800 540 1093 604 ποικίλων
1149 527 1479 626 σχημάτων
1532 547 1780 625 τύπουςρ
1804 553 2040 618 ,ἅποτε-
2076 546 2079 549 ’

277 648 377 704 λεῒ.
433 676 518 685 -
573 677 655 685 -
761 642 837 705 Οἱ
890 640 1221 726 Αἰγύπτιοι
1275 652 1382 724 τῆς
1436 648 1623 727 αὐτῆς
1678 650 1916 721 ἐννοίας
1963 648 2036 732 [¹¹]

274 742 385 804 τὸν
453 738 690 822 κόσμον
754 738 1099 825 γράφοντες
1158 753 1449 827 περιφερῆ
1514 746 1744 812 κύκλον
1796 748 2039 833 χαράσ-

274 861 451 904 σουσι
491 841 597 903 καὶ
637 842 828 921 μέσον
867 843 1201 922 τεταμένον
1244 845 1395 926 ὄφιν
1438 846 1897 931 ἱερακόμορφον
1934 851 2040 913 καὶ

273 943 397 1004 ἔστι
437 941 507 1003 τὸ
553 949 681 1004 πᾶν
736 949 937 1022 σχῆμα
994 942 1077 1012 ὥς
1118 943 1187 1004 τὸ
1246 945 1387 1027 παρ’
1444 945 1595 1027 ἡμῖν
1656 953 1846 1028 Θῆτα·
1908 951 2038 1027 qui-

268 1039 383 1101 bus
428 1040 705 1118 adJungit
746 1041 1086 1106 Zoroastris
1132 1052 1192 1102 et
1236 1043 1479 1104 Ostanis
1536 1048 1920 1120 testimonia,
1978 1057 2039 1108 et

267 1149 578 1220 postremo
624 1139 800 1200 addit
840 1139 1066 1211 πάντες
1108 1143 1221 1213 τὰς
1264 1145 1554 1228 ἀφορμὰς
1599 1149 1698 1210 ἀπ’
1745 1149 1938 1210 αὐτοῦ
1964 1147 2036 1227 [⁰]

268 1239 561 1322 λαβόντες
628 1239 1152 1326 ἐφυσιολόγησαν,
1225 1242 1421 1326 ὥςπερ
1497 1243 1847 1327 πρόκειται,
1931 1247 2038 1309 καὶ

265 1341 345 1403 τὰ
398 1339 515 1421 μὲν
569 1347 785 1421 πρῶτα
843 1348 1108 1420 στοιχεῖα
1166 1343 1246 1404 τοὶ
1302 1344 1410 1406 διὰ
1463 1353 1594 1408 τῶν
1653 1347 1861 1427 ὄφεων
1919 1349 2033 1423 (sc.

263 1437 811 1521 ὑποσημαινόμενα
855 1439 956 1500 vel
997 1441 1539 1526 ὑπογεγραμμένα)
1603 1447 1794 1515 ναοὺς
1845 1471 2036 1509 κατα-

265 1539 711 1622 σκευασάμενοι
779 1542 845 1603 ἐν
913 1541 1123 1610 αὐτοῖς
1179 1543 1537 1624 οἷφιέρωσαν
1597 1563 1656 1623 Ρ.
1711 1543 1829 1612 42.,
1878 1563 2035 1624 quae

262 1643 529 1720 pessime
596 1638 802 1699 reddit
868 1640 1198 1720 interpres:
1285 1644 1563 1723 primis
1625 1643 2034 1704 elementis

263 1743 739 1821 serpentium
783 1738 1031 1800 forma
1064 1743 1162 1802 ⁴in
1206 1743 1557 1823 templiS,
1613 1762 1800 1824 quae
1855 1762 2034 1803 con-

263 1850 752 1914 struxerunt,
807 1841 1119 1900 solenni
1161 1843 1317 1900 ritu
1363 1842 1757 1904 dedicatis
1801 1844 2033 1903 sacri-

260 1942 454 2000 ficia
510 1940 1029 2000 celebrarunt.
1116 1949 1406 2021 Στοιχεῖα
1460 1946 1585 2002 non
1639 1952 1784 2003 sunt
1819 1962 2032 2013 rerum

261 2042 589 2115 elementa,
633 2051 702 2099 ut
743 2042 860 2098 iste
903 2041 1199 2112 somniat,
1245 2041 1355 2099 sed
1396 2043 1642 2118 literae,
1685 2043 1776 2105 τὰ»
1810 2049 2028 2107 Φοινι-

260 2141 404 2204 xmo?
444 2146 712 2220 στοιχεῖα
755 2141 889 2200 sive
932 2140 1140 2218 potius
1184 2138 1429 2200 illorum
1473 2150 1830 2222 prototypa,
1881 2161 2028 2222 quo-

257 2260 393 2300 rum
438 2241 766 2300 simulacra
809 2238 1062 2299 aedibus
1106 2241 1292 2298 sacris
1335 2242 1652 2321 inscripta.
1677 2243 1885 2304 varios
1926 2242 2030 2313 sse·

257 2359 372 2400 xus
443 2341 792 2420 formasque
877 2350 1227 2421 serpentum
1313 2341 1542 2400 referre
1628 2340 2029 2401 credebantur

256 2440 548 2504 ποικίλων
593 2439 925 2520 σχημάτων
966 2439 1198 2511 τύπους
1244 2442 1659 2504 ἀποτελοῦντα
1672 2487 1694 2514 ,
1753 2443 1910 2502 sicut
1950 2441 2025 2500 li-

256 2550 387 2599 tera
436 2546 483 2603 Θ
527 2539 742 2599 mundi
783 2542 986 2616 imago
1027 2539 1262 2598 dicitur.
1343 2540 1613 2599 Pertinet
1652 2541 1770 2600 hoc
1811 2540 1890 2600 ad
1931 2541 2023 2599 in-

254 2641 749 2721 terpretationem
792 2639 1105 2698 literarum
1148 2641 1502 2716 mysticam,
1563 2639 1640 2699 de
1695 2658 1815 2723 qua
1851 2649 2022 2700 vete-

251 2759 349 2800 res
416 2739 635 2800 Judaei
675 2735 749 2819 [d]
822 2749 883 2796 et
950 2738 1167 2797 Graeci
1230 2741 1598 2799 recentiores
1659 2738 2019 2820 praesertim

285 2969 344 3011 ‘1‘
371 2908 460 2967 [b]
513 2909 617 2953 Scil.
655 2903 779 2959 ὄντες
817 2909 887 2952 vel
926 2905 1016 2952 ἀπὸ
1056 2909 1131 2962 τῆς
1177 2931 1219 2938 -
1264 2909 1375 2952 male
1414 2910 1623 2967 interpres
1663 2907 1848 2952 eodem
1887 2923 2015 2953 con-

253 2985 300 3012 Sl
332 2983 400 3012 10·

370 3041 442 3098 [⁰]
492 3042 531 3083 A
562 3040 760 3092 Taaute‚
801 3043 850 3082 ut
882 3039 1067 3082 videtur.
1127 3036 1251 3082 Philo
1283 3040 1336 3082 de
1365 3040 1432 3082 his
1460 3039 1585 3096 plura
1614 3053 1660 3081 se
1689 3039 1920 3082 tradidisse
1951 3042 2015 3085 ait

251 3100 303 3144 ἓν
327 3104 421 3148 τοῖς
456 3098 840 3159 ἐπιγραφομένοις
874 3098 1086 3142 ἔθωθίων
1121 3094 1429 3156 ὑπομνήμασι.
1470 3098 1544 3140 ubi
1587 3098 1819 3154 genitivum
1859 3094 2014 3156 ὄφεων

251 3158 501 3201 delitescere
531 3157 740 3209 arbitron
781 3171 876 3199 nam
907 3157 960 3199 de
989 3159 1228 3213 serpentum
1258 3156 1466 3212 religione
1496 3156 1728 3213 disputatio
1745 3156 1834 3199 fila
1861 3161 1942 3201 est.

370 3242 447 3301 [d]
498 3260 541 3287 v.
570 3244 792 3287 Reuchl'in.
824 3244 963 3287 Cabb.
994 3243 1047 3287 L.
1077 3242 1158 3284 ΠΙ.
1198 3257 1240 3298 p.
1271 3242 1370 3285 752.
1402 3257 1464 3299 sq.
1525 3242 1577 3285 In
1616 3242 1786 3286 easdem
1823 3243 2010 3302 ineptias

248 3302 400 3347 incidit
426 3304 613 3346 Jacobus
642 3303 870 3346 Boehmius
899 3302 967 3346 vel
997 3301 1118 3344 libris
1148 3315 1240 3343 cum
1271 3302 1463 3345 scombro
1493 3307 1537 3345 et
1563 3302 1713 3359 pipere
1752 3303 1874 3345 emtis
1910 3315 2008 3344 eru-

251 3362 366 3405 ditus
394 3362 464 3406 vel
493 3362 676 3405 naturali
705 3362 888 3419 quadam
917 3359 1127 3405 stultitiae
1155 3359 1422 3414 contagione.
1486 3411 1487 3414 Ἴ

1904 3534 1961 3583 ,915
