<?xml version="1.0" encoding="UTF-8"?>
<!DOCTYPE html PUBLIC "-//W3C//DTD XHTML 1.0 Transitional//EN"
    "http://www.w3.org/TR/xhtml1/DTD/xhtml1-transitional.dtd">
<html xmlns="http://www.w3.org/1999/xhtml" xml:lang="en" lang="en">
 <head>
  <title>
</title>
<meta http-equiv="Content-Type" content="text/html;charset=utf-8" />
  <meta name='ocr-system' content='tesseract 3.04.00' />
  <meta name='ocr-capabilities' content='ocr_page ocr_carea ocr_par ocr_line ocrx_word'/>
</head>
<body>
  <div class='ocr_page' id='page_1' title='image "./aglaophamussived02lobeuoft_0311.png"; bbox 0 0 2150 3814; ppageno 0'>
   <div class='ocr_carea' id='block_1_1' title="bbox 641 178 1922 276">
    <p class='ocr_par' dir='ltr' id='par_1_1' title="bbox 641 178 1922 276">
     <span class='ocr_line' id='line_1_1' title="bbox 641 178 1922 276; baseline 0.008 -10"><span class='ocrx_word' id='word_1_1' title='bbox 641 178 1263 268; x_wconf 37' lang='grc' dir='ltr'><strong>’,ιὀιιΡΗΙοΑ.</strong></span> <span class='ocrx_word' id='word_1_2' title='bbox 1759 214 1922 276; x_wconf 88' lang='grc'>1087</span> 
     </span>
    </p>
   </div>
   <div class='ocr_carea' id='block_1_2' title="bbox 122 353 1971 3435">
    <p class='ocr_par' dir='ltr' id='par_1_2' title="bbox 122 353 1971 3435">
     <span class='ocr_line' id='line_1_2' title="bbox 148 353 1926 441; baseline 0.002 -25"><span class='ocrx_word' id='word_1_3' title='bbox 148 358 307 418; x_wconf 90' lang='lat' dir='ltr'><strong>mias</strong></span> <span class='ocrx_word' id='word_1_4' title='bbox 351 357 550 437; x_wconf 83' lang='lat' dir='ltr'><strong>Epist.</strong></span> <span class='ocrx_word' id='word_1_5' title='bbox 592 353 740 415; x_wconf 50' lang='lat'><strong>1.„-›3.</strong></span> <span class='ocrx_word' id='word_1_6' title='bbox 797 353 1040 434; x_wconf 72' lang='grc' dir='ltr'><strong><em>ὄψεσθε</em></strong></span> <span class='ocrx_word' id='word_1_7' title='bbox 1083 353 1154 414; x_wconf 76' lang='grc' dir='ltr'><strong>ἐν</strong></span> <span class='ocrx_word' id='word_1_8' title='bbox 1194 354 1538 429; x_wconf 81' lang='grc' dir='ltr'><strong><em>Βαβυλῶνι</em></strong></span> <span class='ocrx_word' id='word_1_9' title='bbox 1578 355 1770 425; x_wconf 74' lang='grc' dir='ltr'><strong><em>θεοὺς</em></strong></span> <span class='ocrx_word' id='word_1_10' title='bbox 1811 358 1926 441; x_wconf 77' lang='grc' dir='ltr'><strong>ἆρ-</strong></span> 
     </span>
     <span class='ocr_line' id='line_1_3' title="bbox 145 449 1926 543; baseline -0.003 -22"><span class='ocrx_word' id='word_1_11' title='bbox 145 466 379 543; x_wconf 74' lang='grc' dir='ltr'><strong><em>γυροῦς</em></strong></span> <span class='ocrx_word' id='word_1_12' title='bbox 439 456 546 519; x_wconf 82' lang='grc' dir='ltr'><strong>καὶ</strong></span> <span class='ocrx_word' id='word_1_13' title='bbox 601 460 879 536; x_wconf 81' lang='grc' dir='ltr'><strong><em>χρυσοῦς</em></strong></span> <span class='ocrx_word' id='word_1_14' title='bbox 930 451 1037 514; x_wconf 81' lang='grc' dir='ltr'><strong>καὶ</strong></span> <span class='ocrx_word' id='word_1_15' title='bbox 1089 449 1387 522; x_wconf 81' lang='grc' dir='ltr'><strong><em>ξυλίνους.</em></strong></span> <span class='ocrx_word' id='word_1_16' title='bbox 1444 461 1508 511; x_wconf 90' lang='lat' dir='ltr'><strong>et</strong></span> <span class='ocrx_word' id='word_1_17' title='bbox 1561 456 1807 535; x_wconf 90' lang='lat' dir='ltr'><strong>saepius</strong></span> <span class='ocrx_word' id='word_1_18' title='bbox 1864 476 1926 518; x_wconf 85' lang='lat' dir='ltr'><strong>v.</strong></span> 
     </span>
     <span class='ocr_line' id='line_1_4' title="bbox 151 549 1926 626; baseline 0.003 -13"><span class='ocrx_word' id='word_1_19' title='bbox 151 557 246 614; x_wconf 91' lang='grc'><strong>10.</strong></span> <span class='ocrx_word' id='word_1_20' title='bbox 290 574 350 615; x_wconf 84' lang='lat' dir='ltr'><strong>v.</strong></span> <span class='ocrx_word' id='word_1_21' title='bbox 395 554 495 613; x_wconf 86' lang='lat'><strong>29.</strong></span> <span class='ocrx_word' id='word_1_22' title='bbox 537 573 596 615; x_wconf 85' lang='lat' dir='ltr'><strong>v.</strong></span> <span class='ocrx_word' id='word_1_23' title='bbox 642 550 742 612; x_wconf 86' lang='lat'><strong>56.</strong></span> <span class='ocrx_word' id='word_1_24' title='bbox 788 552 1031 611; x_wconf 83' lang='lat' dir='ltr'>Daniel.</span> <span class='ocrx_word' id='word_1_25' title='bbox 1075 549 1149 608; x_wconf 90' lang='lat' dir='ltr'><strong>V.</strong></span> <span class='ocrx_word' id='word_1_26' title='bbox 1191 550 1252 610; x_wconf 89' lang='lat'><strong>4.</strong></span> <span class='ocrx_word' id='word_1_27' title='bbox 1297 561 1359 610; x_wconf 90' lang='lat' dir='ltr'><strong>et</strong></span> <span class='ocrx_word' id='word_1_28' title='bbox 1401 552 1501 612; x_wconf 84' lang='lat'><strong>23.</strong></span> <span class='ocrx_word' id='word_1_29' title='bbox 1547 555 1694 624; x_wconf 80' lang='grc' dir='ltr'><strong><em>τοὺς</em></strong></span> <span class='ocrx_word' id='word_1_30' title='bbox 1735 556 1926 626; x_wconf 77' lang='grc' dir='ltr'><strong><em>θεοὺς</em></strong></span> 
     </span>
     <span class='ocr_line' id='line_1_5' title="bbox 144 652 1926 737; baseline 0.001 -23"><span class='ocrx_word' id='word_1_31' title='bbox 144 654 289 723; x_wconf 74' lang='grc' dir='ltr'><strong><em>τοὺς</em></strong></span> <span class='ocrx_word' id='word_1_32' title='bbox 322 661 600 734; x_wconf 78' lang='grc' dir='ltr'><strong><em>χρυσοῦς</em></strong></span> <span class='ocrx_word' id='word_1_33' title='bbox 641 653 748 715; x_wconf 79' lang='grc' dir='ltr'><strong>καὶ</strong></span> <span class='ocrx_word' id='word_1_34' title='bbox 791 654 1108 737; x_wconf 72' lang='grc' dir='ltr'><strong><em>ἀργυροῦς</em></strong></span> <span class='ocrx_word' id='word_1_35' title='bbox 1162 652 1268 714; x_wconf 57' lang='grc' dir='ltr'><strong>καὶ</strong></span> <span class='ocrx_word' id='word_1_36' title='bbox 1301 661 1571 732; x_wconf 82' lang='grc' dir='ltr'><strong><em>χαλκοῦς</em></strong></span> <span class='ocrx_word' id='word_1_37' title='bbox 1612 654 1718 716; x_wconf 81' lang='grc' dir='ltr'><strong>καὶ</strong></span> <span class='ocrx_word' id='word_1_38' title='bbox 1758 654 1926 725; x_wconf 84' lang='grc' dir='ltr'><strong><em>ξυλί-</em></strong></span> 
     </span>
     <span class='ocr_line' id='line_1_6' title="bbox 140 750 1926 839; baseline -0.002 -22"><span class='ocrx_word' id='word_1_39' title='bbox 140 778 288 822; x_wconf 87' lang='grc' dir='ltr'><strong><em>νους</em></strong></span> <span class='ocrx_word' id='word_1_40' title='bbox 330 752 435 814; x_wconf 81' lang='grc' dir='ltr'><strong>καὶ</strong></span> <span class='ocrx_word' id='word_1_41' title='bbox 478 752 777 822; x_wconf 74' lang='grc' dir='ltr'><strong><em>λιθίνους.</em></strong></span> <span class='ocrx_word' id='word_1_42' title='bbox 867 750 1173 839; x_wconf 74' lang='lat' dir='ltr'><strong>Quoniam</strong></span> <span class='ocrx_word' id='word_1_43' title='bbox 1219 771 1367 813; x_wconf 87' lang='lat' dir='ltr'><strong>vero</strong></span> <span class='ocrx_word' id='word_1_44' title='bbox 1404 754 1542 813; x_wconf 85' lang='lat' dir='ltr'><strong>fieri</strong></span> <span class='ocrx_word' id='word_1_45' title='bbox 1583 755 1813 833; x_wconf 88' lang='lat' dir='ltr'><strong>nequit,</strong></span> <span class='ocrx_word' id='word_1_46' title='bbox 1856 763 1926 813; x_wconf 91' lang='lat' dir='ltr'><strong>ut</strong></span> 
     </span>
     <span class='ocr_line' id='line_1_7' title="bbox 138 850 1926 934; baseline 0.002 -24"><span class='ocrx_word' id='word_1_47' title='bbox 138 871 176 910; x_wconf 92' lang='lat' dir='ltr'><strong>a</strong></span> <span class='ocrx_word' id='word_1_48' title='bbox 220 850 451 934; x_wconf 86' lang='grc' dir='ltr'><strong><em>φαλλός</em></strong></span> <span class='ocrx_word' id='word_1_49' title='bbox 510 851 766 912; x_wconf 89' lang='lat' dir='ltr'><strong>ducatur</strong></span> <span class='ocrx_word' id='word_1_50' title='bbox 820 851 1194 930; x_wconf 85' lang='lat' dir='ltr'><strong>adjectivum</strong></span> <span class='ocrx_word' id='word_1_51' title='bbox 1240 851 1572 934; x_wconf 82' lang='grc' dir='ltr'><strong><em>φαλληνός,</em></strong></span> <span class='ocrx_word' id='word_1_52' title='bbox 1634 854 1926 914; x_wconf 90' lang='lat' dir='ltr'><strong>substitui</strong></span> 
     </span>
     <span class='ocr_line' id='line_1_8' title="bbox 136 952 1923 1032; baseline 0.002 -22"><span class='ocrx_word' id='word_1_53' title='bbox 136 952 478 1029; x_wconf 86' lang='lat' dir='ltr'><strong>genitivum</strong></span> <span class='ocrx_word' id='word_1_54' title='bbox 522 958 876 1032; x_wconf 79' lang='grc' dir='ltr'><strong><em>Φαλλῆνος,</em></strong></span> <span class='ocrx_word' id='word_1_55' title='bbox 934 962 1229 1029; x_wconf 87' lang='lat' dir='ltr'><strong>tanquam</strong></span> <span class='ocrx_word' id='word_1_56' title='bbox 1274 952 1589 1030; x_wconf 83' lang='lat' dir='ltr'><strong>epitheton</strong></span> <span class='ocrx_word' id='word_1_57' title='bbox 1630 953 1923 1030; x_wconf 85' lang='lat' dir='ltr'><strong>Dionysi,</strong></span> 
     </span>
     <span class='ocr_line' id='line_1_9' title="bbox 139 1043 1924 1130; baseline 0.001 -20"><span class='ocrx_word' id='word_1_58' title='bbox 139 1053 311 1129; x_wconf 76' lang='lat' dir='ltr'><strong>quus</strong></span> <span class='ocrx_word' id='word_1_59' title='bbox 355 1052 593 1111; x_wconf 86' lang='lat' dir='ltr'><strong>formae</strong></span> <span class='ocrx_word' id='word_1_60' title='bbox 637 1050 988 1129; x_wconf 88' lang='lat' dir='ltr'><strong>exemplum</strong></span> <span class='ocrx_word' id='word_1_61' title='bbox 1032 1067 1158 1108; x_wconf 90' lang='lat' dir='ltr'><strong>non</strong></span> <span class='ocrx_word' id='word_1_62' title='bbox 1202 1043 1507 1130; x_wconf 84' lang='lat' dir='ltr'><strong>suppetit,</strong></span> <span class='ocrx_word' id='word_1_63' title='bbox 1551 1049 1662 1109; x_wconf 90' lang='lat' dir='ltr'><strong>sed</strong></span> <span class='ocrx_word' id='word_1_64' title='bbox 1706 1053 1924 1111; x_wconf 90' lang='lat' dir='ltr'><strong>simili-</strong></span> 
     </span>
     <span class='ocr_line' id='line_1_10' title="bbox 136 1148 1922 1234; baseline 0.003 -26"><span class='ocrx_word' id='word_1_65' title='bbox 136 1150 288 1209; x_wconf 87' lang='lat' dir='ltr'><strong>tudo</strong></span> <span class='ocrx_word' id='word_1_66' title='bbox 333 1161 592 1231; x_wconf 87' lang='lat' dir='ltr'><strong>apparet</strong></span> <span class='ocrx_word' id='word_1_67' title='bbox 631 1153 697 1209; x_wconf 89' lang='lat' dir='ltr'><strong>in</strong></span> <span class='ocrx_word' id='word_1_68' title='bbox 741 1153 945 1231; x_wconf 75' lang='grc' dir='ltr'><strong><em>ἕρπης,</em></strong></span> <span class='ocrx_word' id='word_1_69' title='bbox 989 1150 1246 1229; x_wconf 74' lang='grc' dir='ltr'><strong><em>ἕρπητος</em></strong></span> <span class='ocrx_word' id='word_1_70' title='bbox 1290 1158 1351 1208; x_wconf 92' lang='lat' dir='ltr'><strong>et</strong></span> <span class='ocrx_word' id='word_1_71' title='bbox 1382 1148 1605 1234; x_wconf 67' lang='grc' dir='ltr'><strong><em>ἑρπήν,’</em></strong></span> <span class='ocrx_word' id='word_1_72' title='bbox 1640 1153 1922 1233; x_wconf 81' lang='grc' dir='ltr'><strong><em>ἑρπῆνος,</em></strong></span> 
     </span>
     <span class='ocr_line' id='line_1_11' title="bbox 136 1244 1925 1331; baseline 0.002 -24"><span class='ocrx_word' id='word_1_73' title='bbox 136 1268 329 1328; x_wconf 90' lang='lat' dir='ltr'><strong>eoque</strong></span> <span class='ocrx_word' id='word_1_74' title='bbox 386 1251 574 1309; x_wconf 82' lang='lat' dir='ltr'><strong>etiam</strong></span> <span class='ocrx_word' id='word_1_75' title='bbox 615 1267 842 1308; x_wconf 90' lang='lat' dir='ltr'><strong>nomen</strong></span> <span class='ocrx_word' id='word_1_76' title='bbox 887 1244 1199 1326; x_wconf 78' lang='grc' dir='ltr'><strong><em>Φαλήνιος</em></strong></span> <span class='ocrx_word' id='word_1_77' title='bbox 1253 1248 1332 1308; x_wconf 88' lang='lat' dir='ltr'><strong>ab</strong></span> <span class='ocrx_word' id='word_1_78' title='bbox 1375 1248 1790 1331; x_wconf 85' lang='lat' dir='ltr'><strong>Aristophane</strong></span> <span class='ocrx_word' id='word_1_79' title='bbox 1823 1253 1925 1330; x_wconf 87' lang='lat' dir='ltr'><strong>jo-</strong></span> 
     </span>
     <span class='ocr_line' id='line_1_12' title="bbox 138 1348 1924 1433; baseline 0.003 -26"><span class='ocrx_word' id='word_1_80' title='bbox 138 1349 422 1407; x_wconf 89' lang='lat' dir='ltr'><strong>culariter</strong></span> <span class='ocrx_word' id='word_1_81' title='bbox 463 1349 670 1408; x_wconf 90' lang='lat' dir='ltr'><strong>fictum</strong></span> <span class='ocrx_word' id='word_1_82' title='bbox 728 1348 993 1425; x_wconf 66' lang='lat' dir='ltr'><strong>Hesych.</strong></span> <span class='ocrx_word' id='word_1_83' title='bbox 1037 1365 1084 1407; x_wconf 87' lang='lat' dir='ltr'><strong>s.</strong></span> <span class='ocrx_word' id='word_1_84' title='bbox 1121 1348 1254 1410; x_wconf 81' lang='grc' dir='ltr'><strong>Ἐπὶ</strong></span> <span class='ocrx_word' id='word_1_85' title='bbox 1296 1351 1587 1433; x_wconf 82' lang='grc' dir='ltr'><strong><em>φαλινίου</em></strong></span> <span class='ocrx_word' id='word_1_86' title='bbox 1630 1350 1924 1412; x_wconf 85' lang='lat' dir='ltr'><strong>reducen-</strong></span> 
     </span>
     <span class='ocr_line' id='line_1_13' title="bbox 135 1447 1921 1532; baseline 0.002 -24"><span class='ocrx_word' id='word_1_87' title='bbox 135 1448 284 1508; x_wconf 90' lang='lat' dir='ltr'><strong>dum</strong></span> <span class='ocrx_word' id='word_1_88' title='bbox 327 1448 594 1510; x_wconf 88' lang='lat' dir='ltr'><strong>videtur.</strong></span> <span class='ocrx_word' id='word_1_89' title='bbox 639 1447 801 1509; x_wconf 90' lang='lat' dir='ltr'><strong>Nam</strong></span> <span class='ocrx_word' id='word_1_90' title='bbox 838 1468 918 1509; x_wconf 90' lang='lat' dir='ltr'><strong>ne</strong></span> <span class='ocrx_word' id='word_1_91' title='bbox 961 1452 1268 1532; x_wconf 82' lang='grc' dir='ltr'><strong><em>βαλλῆνος</em></strong></span> <span class='ocrx_word' id='word_1_92' title='bbox 1308 1470 1673 1530; x_wconf 86' lang='lat' dir='ltr'><strong>reponerem</strong></span> <span class='ocrx_word' id='word_1_93' title='bbox 1719 1452 1921 1512; x_wconf 89' lang='lat' dir='ltr'><strong>obsta-</strong></span> 
     </span>
     <span class='ocr_line' id='line_1_14' title="bbox 131 1547 1922 1616; baseline 0.004 -7"><span class='ocrx_word' id='word_1_94' title='bbox 131 1549 238 1609; x_wconf 88' lang='lat' dir='ltr'><strong>bat</strong></span> <span class='ocrx_word' id='word_1_95' title='bbox 279 1548 622 1609; x_wconf 85' lang='lat' dir='ltr'><strong>Pausaniae</strong></span> <span class='ocrx_word' id='word_1_96' title='bbox 664 1551 940 1608; x_wconf 87' lang='lat' dir='ltr'><strong>narratio</strong></span> <span class='ocrx_word' id='word_1_97' title='bbox 984 1547 1064 1608; x_wconf 90' lang='lat' dir='ltr'><strong>X.</strong></span> <span class='ocrx_word' id='word_1_98' title='bbox 1115 1549 1209 1608; x_wconf 84' lang='lat'><strong>19.</strong></span> <span class='ocrx_word' id='word_1_99' title='bbox 1256 1550 1530 1614; x_wconf 78' lang='grc' dir='ltr'><strong><em>ἁλιεῦσιν</em></strong></span> <span class='ocrx_word' id='word_1_100' title='bbox 1574 1555 1640 1614; x_wconf 77' lang='grc' dir='ltr'><strong>ἐν</strong></span> <span class='ocrx_word' id='word_1_101' title='bbox 1682 1553 1922 1616; x_wconf 75' lang='grc' dir='ltr'><em>Μεθύ-</em></span> 
     </span>
     <span class='ocr_line' id='line_1_15' title="bbox 131 1649 1921 1733; baseline 0.002 -20"><span class='ocrx_word' id='word_1_102' title='bbox 131 1674 259 1731; x_wconf 86' lang='grc' dir='ltr'><strong>μνῃ</strong></span> <span class='ocrx_word' id='word_1_103' title='bbox 314 1655 396 1712; x_wconf 81' lang='grc' dir='ltr'><strong>τὰ</strong></span> <span class='ocrx_word' id='word_1_104' title='bbox 437 1650 662 1713; x_wconf 76' lang='grc' dir='ltr'><strong><em>δίκτυα</em></strong></span> <span class='ocrx_word' id='word_1_105' title='bbox 705 1649 1063 1714; x_wconf 77' lang='grc' dir='ltr'><strong><em>ἀνείλκυσεν</em></strong></span> <span class='ocrx_word' id='word_1_106' title='bbox 1105 1653 1172 1712; x_wconf 78' lang='grc' dir='ltr'><strong>ἐκ</strong></span> <span class='ocrx_word' id='word_1_107' title='bbox 1211 1650 1537 1730; x_wconf 73' lang='grc' dir='ltr'><strong><em>θαλάσσης</em></strong></span> <span class='ocrx_word' id='word_1_108' title='bbox 1590 1649 1921 1733; x_wconf 85' lang='grc' dir='ltr'><strong><em>πρόςωπον</em></strong></span> 
     </span>
     <span class='ocr_line' id='line_1_16' title="bbox 132 1748 1920 1832; baseline 0.002 -20"><span class='ocrx_word' id='word_1_109' title='bbox 132 1750 336 1820; x_wconf 81' lang='grc' dir='ltr'><strong><em>ἐλαίας</em></strong></span> <span class='ocrx_word' id='word_1_110' title='bbox 392 1748 577 1820; x_wconf 80' lang='grc' dir='ltr'><strong><em>ξύλου</em></strong></span> <span class='ocrx_word' id='word_1_111' title='bbox 634 1752 1072 1832; x_wconf 77' lang='grc' dir='ltr'><strong><em>πεποιημένον·</em></strong></span> <span class='ocrx_word' id='word_1_112' title='bbox 1128 1758 1313 1812; x_wconf 82' lang='grc' dir='ltr'><strong><em>τοῦτο</em></strong></span> <span class='ocrx_word' id='word_1_113' title='bbox 1371 1751 1546 1812; x_wconf 74' lang='grc' dir='ltr'><strong><em>ἰδέαν</em></strong></span> <span class='ocrx_word' id='word_1_114' title='bbox 1599 1751 1920 1832; x_wconf 80' lang='grc' dir='ltr'><strong><em>παρείχετο</em></strong></span> 
     </span>
     <span class='ocr_line' id='line_1_17' title="bbox 132 1846 1918 1932; baseline 0.001 -19"><span class='ocrx_word' id='word_1_115' title='bbox 132 1853 340 1929; x_wconf 81' lang='grc' dir='ltr'><strong><em>ξένην·</em></strong></span> <span class='ocrx_word' id='word_1_116' title='bbox 405 1855 644 1932; x_wconf 70' lang='grc' dir='ltr'><strong><em>εἴροντο</em></strong></span> <span class='ocrx_word' id='word_1_117' title='bbox 704 1846 820 1913; x_wconf 79' lang='grc' dir='ltr'><strong>οὖν</strong></span> <span class='ocrx_word' id='word_1_118' title='bbox 865 1852 924 1912; x_wconf 81' lang='grc' dir='ltr'><strong>οἱ</strong></span> <span class='ocrx_word' id='word_1_119' title='bbox 965 1853 1383 1932; x_wconf 73' lang='grc' dir='ltr'><strong><em>Μεθυμναῖοι</em></strong></span> <span class='ocrx_word' id='word_1_120' title='bbox 1446 1850 1553 1929; x_wconf 85' lang='grc' dir='ltr'><strong>τὴν</strong></span> <span class='ocrx_word' id='word_1_121' title='bbox 1607 1851 1918 1926; x_wconf 76' lang='grc' dir='ltr'><strong><em>Πυθίαν,</em></strong></span> 
     </span>
     <span class='ocr_line' id='line_1_18' title="bbox 128 1947 1916 2041; baseline 0.001 -28"><span class='ocrx_word' id='word_1_122' title='bbox 128 1952 275 2014; x_wconf 81' lang='grc' dir='ltr'><strong><em>ὅτου</em></strong></span> <span class='ocrx_word' id='word_1_123' title='bbox 316 1954 494 2013; x_wconf 76' lang='grc' dir='ltr'><strong><em>θεῶν</em></strong></span> <span class='ocrx_word' id='word_1_124' title='bbox 533 1949 573 2029; x_wconf 74' lang='grc' dir='ltr'><strong>’ἢ</strong></span> <span class='ocrx_word' id='word_1_125' title='bbox 617 1949 724 2011; x_wconf 79' lang='grc' dir='ltr'><strong>καὶ</strong></span> <span class='ocrx_word' id='word_1_126' title='bbox 763 1947 988 2031; x_wconf 78' lang='grc' dir='ltr'><strong><em>ἡρώων</em></strong></span> <span class='ocrx_word' id='word_1_127' title='bbox 1014 1949 1181 2014; x_wconf 79' lang='grc' dir='ltr'><strong><em>ἐστὶν</em></strong></span> <span class='ocrx_word' id='word_1_128' title='bbox 1214 1950 1251 2030; x_wconf 80' lang='grc' dir='ltr'>ἡ</span> <span class='ocrx_word' id='word_1_129' title='bbox 1281 1947 1482 2012; x_wconf 74' lang='grc' dir='ltr'><strong><em>εἰκών·</em></strong></span> <span class='ocrx_word' id='word_1_130' title='bbox 1511 1949 1549 2028; x_wconf 84' lang='grc' dir='ltr'>ἡ</span> <span class='ocrx_word' id='word_1_131' title='bbox 1581 1949 1651 2011; x_wconf 72' lang='grc' dir='ltr'><strong>δὲ</strong></span> <span class='ocrx_word' id='word_1_132' title='bbox 1687 1952 1916 2041; x_wconf 47' lang='lat' dir='ltr'><strong>aymus</strong></span> 
     </span>
     <span class='ocr_line' id='line_1_19' title="bbox 129 2046 1918 2133; baseline -0.002 -19"><span class='ocrx_word' id='word_1_133' title='bbox 129 2053 429 2133; x_wconf 77' lang='grc' dir='ltr'><strong><em>σέβεσθαι</em></strong></span> <span class='ocrx_word' id='word_1_134' title='bbox 470 2046 786 2113; x_wconf 90' lang='grc' dir='ltr'><strong><em>Διόνυσον</em></strong></span> <span class='ocrx_word' id='word_1_135' title='bbox 826 2058 1198 2132; x_wconf 79' lang='grc' dir='ltr'><strong><em>Κεφαλλῆνα</em></strong></span> <span class='ocrx_word' id='word_1_136' title='bbox 1242 2051 1553 2124; x_wconf 73' lang='grc' dir='ltr'><strong><em>ἐκέλευσε,</em></strong></span> <span class='ocrx_word' id='word_1_137' title='bbox 1594 2048 1703 2110; x_wconf 87' lang='lat' dir='ltr'><strong>ubi</strong></span> <span class='ocrx_word' id='word_1_138' title='bbox 1744 2051 1918 2112; x_wconf 88' lang='lat' dir='ltr'><strong>idem</strong></span> 
     </span>
     <span class='ocr_line' id='line_1_20' title="bbox 124 2148 1916 2234; baseline -0.002 -24"><span class='ocrx_word' id='word_1_139' title='bbox 124 2169 353 2210; x_wconf 85' lang='lat' dir='ltr'><strong>nomen</strong></span> <span class='ocrx_word' id='word_1_140' title='bbox 397 2155 696 2228; x_wconf 79' lang='grc' dir='ltr'><strong><em>Φαλλῆνα</em></strong></span> <span class='ocrx_word' id='word_1_141' title='bbox 750 2148 1207 2226; x_wconf 86' lang='lat' dir='ltr'><strong>subrogandum</strong></span> <span class='ocrx_word' id='word_1_142' title='bbox 1266 2156 1360 2206; x_wconf 88' lang='lat' dir='ltr'><strong>est</strong></span> <span class='ocrx_word' id='word_1_143' title='bbox 1411 2150 1623 2228; x_wconf 90' lang='lat' dir='ltr'><strong>inepto</strong></span> <span class='ocrx_word' id='word_1_144' title='bbox 1667 2159 1916 2234; x_wconf 73' lang='grc' dir='ltr'><strong><em>Κεφαλ-</em></strong></span> 
     </span>
     <span class='ocr_line' id='line_1_21' title="bbox 129 2247 1916 2329; baseline 0.002 -22"><span class='ocrx_word' id='word_1_145' title='bbox 129 2259 295 2329; x_wconf 80' lang='grc' dir='ltr'><strong><em>λῆνι,·</em></strong></span> <span class='ocrx_word' id='word_1_146' title='bbox 352 2247 502 2329; x_wconf 86' lang='lat' dir='ltr'><strong>quid</strong></span> <span class='ocrx_word' id='word_1_147' title='bbox 559 2249 724 2307; x_wconf 88' lang='lat' dir='ltr'><strong>enim</strong></span> <span class='ocrx_word' id='word_1_148' title='bbox 781 2251 1133 2308; x_wconf 83' lang='lat' dir='ltr'><strong>commercii</strong></span> <span class='ocrx_word' id='word_1_149' title='bbox 1193 2247 1383 2307; x_wconf 88' lang='lat' dir='ltr'><strong>habet</strong></span> <span class='ocrx_word' id='word_1_150' title='bbox 1424 2249 1658 2326; x_wconf 85' lang='lat' dir='ltr'><strong>lignum</strong></span> <span class='ocrx_word' id='word_1_151' title='bbox 1704 2270 1742 2310; x_wconf 92' lang='lat' dir='ltr'><strong>a</strong></span> <span class='ocrx_word' id='word_1_152' title='bbox 1783 2251 1916 2310; x_wconf 89' lang='lat' dir='ltr'><strong>Me-</strong></span> 
     </span>
     <span class='ocr_line' id='line_1_22' title="bbox 127 2345 1915 2429; baseline 0.001 -20"><span class='ocrx_word' id='word_1_153' title='bbox 127 2350 474 2426; x_wconf 89' lang='lat' dir='ltr'><strong>thymnaeis</strong></span> <span class='ocrx_word' id='word_1_154' title='bbox 536 2369 570 2407; x_wconf 89' lang='lat' dir='ltr'><strong>e</strong></span> <span class='ocrx_word' id='word_1_155' title='bbox 623 2350 785 2408; x_wconf 88' lang='lat' dir='ltr'><strong>mari</strong></span> <span class='ocrx_word' id='word_1_156' title='bbox 844 2359 1181 2408; x_wconf 84' lang='lat' dir='ltr'><strong>extractum</strong></span> <span class='ocrx_word' id='word_1_157' title='bbox 1245 2367 1383 2406; x_wconf 91' lang='lat' dir='ltr'><strong>cum</strong></span> <span class='ocrx_word' id='word_1_158' title='bbox 1441 2345 1915 2429; x_wconf 87' lang='lat' dir='ltr'><strong>Cephallenibus</strong></span> 
     </span>
     <span class='ocr_line' id='line_1_23' title="bbox 128 2447 1916 2533; baseline 0.004 -25"><span class='ocrx_word' id='word_1_159' title='bbox 128 2459 236 2509; x_wconf 89' lang='lat' dir='ltr'><strong>aut</strong></span> <span class='ocrx_word' id='word_1_160' title='bbox 289 2451 424 2530; x_wconf 91' lang='lat' dir='ltr'><strong>quis</strong></span> <span class='ocrx_word' id='word_1_161' title='bbox 479 2467 518 2508; x_wconf 93' lang='lat' dir='ltr'><strong>a</strong></span> <span class='ocrx_word' id='word_1_162' title='bbox 570 2450 823 2507; x_wconf 87' lang='lat' dir='ltr'><strong>nomine</strong></span> <span class='ocrx_word' id='word_1_163' title='bbox 875 2449 1109 2533; x_wconf 76' lang='grc' dir='ltr'><strong><em>κεφαλὴ</em></strong></span> <span class='ocrx_word' id='word_1_164' title='bbox 1165 2447 1541 2526; x_wconf 85' lang='lat' dir='ltr'><strong>adjectivum</strong></span> <span class='ocrx_word' id='word_1_165' title='bbox 1585 2449 1916 2533; x_wconf 82' lang='grc' dir='ltr'><strong><em>κεφαλλήν,</em></strong></span> 
     </span>
     <span class='ocr_line' id='line_1_24' title="bbox 125 2548 1971 2630; baseline 0.001 -20"><span class='ocrx_word' id='word_1_166' title='bbox 125 2551 459 2630; x_wconf 88' lang='lat' dir='ltr'><strong>capitatum</strong></span> <span class='ocrx_word' id='word_1_167' title='bbox 524 2549 900 2627; x_wconf 87' lang='lat' dir='ltr'><strong>significans,</strong></span> <span class='ocrx_word' id='word_1_168' title='bbox 969 2548 1240 2610; x_wconf 88' lang='lat' dir='ltr'><strong>derivari</strong></span> <span class='ocrx_word' id='word_1_169' title='bbox 1303 2567 1490 2629; x_wconf 89' lang='lat' dir='ltr'><strong>posse</strong></span> <span class='ocrx_word' id='word_1_170' title='bbox 1554 2549 1801 2613; x_wconf 61' lang='lat' dir='ltr'><strong>credat?</strong></span> <span class='ocrx_word' id='word_1_171' title='bbox 1854 2551 1914 2612; x_wconf 91' lang='lat' dir='ltr'><strong>A</strong></span> <span class='ocrx_word' id='word_1_172' title='bbox 1969 2550 1971 2553; x_wconf 78' lang='grc'><strong>’</strong></span> 
     </span>
     <span class='ocr_line' id='line_1_25' title="bbox 124 2647 1913 2711; baseline 0.001 -2"><span class='ocrx_word' id='word_1_173' title='bbox 124 2650 430 2710; x_wconf 90' lang='lat' dir='ltr'><strong>Pausania</strong></span> <span class='ocrx_word' id='word_1_174' title='bbox 474 2657 680 2709; x_wconf 91' lang='lat' dir='ltr'><strong>autem</strong></span> <span class='ocrx_word' id='word_1_175' title='bbox 723 2659 785 2708; x_wconf 90' lang='lat' dir='ltr'><strong>et</strong></span> <span class='ocrx_word' id='word_1_176' title='bbox 808 2647 1080 2708; x_wconf 89' lang='lat' dir='ltr'><strong>Eusebio</strong></span> <span class='ocrx_word' id='word_1_177' title='bbox 1126 2649 1384 2711; x_wconf 87' lang='lat' dir='ltr'><strong>eandem</strong></span> <span class='ocrx_word' id='word_1_178' title='bbox 1427 2651 1750 2711; x_wconf 88' lang='lat' dir='ltr'><strong>historiam</strong></span> <span class='ocrx_word' id='word_1_179' title='bbox 1773 2670 1913 2711; x_wconf 88' lang='lat' dir='ltr'><strong>nar-</strong></span> 
     </span>
     <span class='ocr_line' id='line_1_26' title="bbox 122 2749 1912 2830; baseline 0.001 -21"><span class='ocrx_word' id='word_1_180' title='bbox 122 2751 278 2823; x_wconf 87' lang='lat' dir='ltr'><strong>rari,</strong></span> <span class='ocrx_word' id='word_1_181' title='bbox 335 2750 577 2827; x_wconf 81' lang='lat' dir='ltr'><strong>singula</strong></span> <span class='ocrx_word' id='word_1_182' title='bbox 632 2749 824 2811; x_wconf 88' lang='lat' dir='ltr'><strong>verba</strong></span> <span class='ocrx_word' id='word_1_183' title='bbox 873 2749 1155 2830; x_wconf 31' lang='lat' dir='ltr'><strong>probant&amp;</strong></span> <span class='ocrx_word' id='word_1_184' title='bbox 1269 2749 1428 2810; x_wconf 90' lang='lat' dir='ltr'><strong>Nam</strong></span> <span class='ocrx_word' id='word_1_185' title='bbox 1487 2751 1654 2830; x_wconf 90' lang='lat' dir='ltr'><strong>quod</strong></span> <span class='ocrx_word' id='word_1_186' title='bbox 1709 2751 1912 2829; x_wconf 87' lang='lat' dir='ltr'><strong>Zoega</strong></span> 
     </span>
     <span class='ocr_line' id='line_1_27' title="bbox 125 2848 1906 2931; baseline 0.002 -23"><span class='ocrx_word' id='word_1_187' title='bbox 125 2849 202 2909; x_wconf 90' lang='lat' dir='ltr'><strong>de</strong></span> <span class='ocrx_word' id='word_1_188' title='bbox 256 2848 517 2912; x_wconf 87' lang='lat' dir='ltr'><strong>Obelisc.</strong></span> <span class='ocrx_word' id='word_1_189' title='bbox 574 2870 635 2931; x_wconf 90' lang='lat' dir='ltr'><strong>p.</strong></span> <span class='ocrx_word' id='word_1_190' title='bbox 690 2850 832 2912; x_wconf 87' lang='lat'><strong>229.</strong></span> <span class='ocrx_word' id='word_1_191' title='bbox 896 2851 1130 2911; x_wconf 89' lang='lat' dir='ltr'><strong>nescire</strong></span> <span class='ocrx_word' id='word_1_192' title='bbox 1186 2868 1253 2909; x_wconf 90' lang='lat' dir='ltr'><strong>se</strong></span> <span class='ocrx_word' id='word_1_193' title='bbox 1307 2851 1538 2910; x_wconf 87' lang='lat' dir='ltr'><strong>fatetur</strong></span> <span class='ocrx_word' id='word_1_194' title='bbox 1594 2851 1906 2931; x_wconf 88' lang='lat' dir='ltr'><strong>quomodo</strong></span> 
     </span>
     <span class='ocr_line' id='line_1_28' title="bbox 123 2946 1905 3036; baseline 0 -25"><span class='ocrx_word' id='word_1_195' title='bbox 123 2946 451 3032; x_wconf 85' lang='grc' dir='ltr'><strong><em>πρόςωπον</em></strong></span> <span class='ocrx_word' id='word_1_196' title='bbox 503 2953 730 3032; x_wconf 89' lang='lat' dir='ltr'><strong>prioris</strong></span> <span class='ocrx_word' id='word_1_197' title='bbox 787 2970 925 3015; x_wconf 76' lang='lat' dir='ltr'><strong>cum</strong></span> <span class='ocrx_word' id='word_1_198' title='bbox 967 2952 1351 3034; x_wconf 78' lang='grc' dir='ltr'><strong><em>κεφαλοειὸεἷ</em></strong></span> <span class='ocrx_word' id='word_1_199' title='bbox 1387 2959 1603 3036; x_wconf 77' lang='grc' dir='ltr'><strong><em>κορμῷ</em></strong></span> <span class='ocrx_word' id='word_1_200' title='bbox 1652 2952 1905 3012; x_wconf 87' lang='lat' dir='ltr'><strong>alterius</strong></span> 
     </span>
     <span class='ocr_line' id='line_1_29' title="bbox 125 3050 1903 3132; baseline 0.003 -25"><span class='ocrx_word' id='word_1_201' title='bbox 125 3051 453 3109; x_wconf 87' lang='lat' dir='ltr'><strong>consistere</strong></span> <span class='ocrx_word' id='word_1_202' title='bbox 507 3052 738 3132; x_wconf 86' lang='lat' dir='ltr'><strong>possit,</strong></span> <span class='ocrx_word' id='word_1_203' title='bbox 807 3050 874 3110; x_wconf 90' lang='lat' dir='ltr'><strong>id</strong></span> <span class='ocrx_word' id='word_1_204' title='bbox 929 3051 1110 3112; x_wconf 87' lang='lat' dir='ltr'><strong>facile</strong></span> <span class='ocrx_word' id='word_1_205' title='bbox 1164 3053 1428 3113; x_wconf 84' lang='lat' dir='ltr'><strong>solvitur</strong></span> <span class='ocrx_word' id='word_1_206' title='bbox 1476 3053 1529 3111; x_wconf 90' lang='lat' dir='ltr'><strong>si</strong></span> <span class='ocrx_word' id='word_1_207' title='bbox 1586 3070 1903 3112; x_wconf 87' lang='lat' dir='ltr'><strong>sumamus</strong></span> 
     </span>
     <span class='ocr_line' id='line_1_30' title="bbox 124 3150 1902 3225; baseline 0.002 -17"><span class='ocrx_word' id='word_1_208' title='bbox 124 3157 404 3210; x_wconf 88' lang='lat' dir='ltr'><strong>truncum</strong></span> <span class='ocrx_word' id='word_1_209' title='bbox 425 3150 602 3211; x_wconf 90' lang='lat' dir='ltr'><strong>illum</strong></span> <span class='ocrx_word' id='word_1_210' title='bbox 635 3152 1009 3212; x_wconf 86' lang='lat' dir='ltr'><strong>lineamenta</strong></span> <span class='ocrx_word' id='word_1_211' title='bbox 1035 3154 1158 3212; x_wconf 88' lang='lat' dir='ltr'><strong>oris</strong></span> <span class='ocrx_word' id='word_1_212' title='bbox 1183 3153 1453 3225; x_wconf 88' lang='lat' dir='ltr'><strong>humani,</strong></span> <span class='ocrx_word' id='word_1_213' title='bbox 1496 3151 1762 3212; x_wconf 87' lang='lat' dir='ltr'><strong>formam</strong></span> <span class='ocrx_word' id='word_1_214' title='bbox 1795 3171 1902 3212; x_wconf 91' lang='lat' dir='ltr'><strong>au-</strong></span> 
     </span>
     <span class='ocr_line' id='line_1_31' title="bbox 125 3252 1901 3332; baseline 0.003 -25"><span class='ocrx_word' id='word_1_215' title='bbox 125 3259 251 3309; x_wconf 84' lang='lat' dir='ltr'><strong>tem</strong></span> <span class='ocrx_word' id='word_1_216' title='bbox 283 3267 320 3307; x_wconf 89' lang='lat' dir='ltr'><strong>a</strong></span> <span class='ocrx_word' id='word_1_217' title='bbox 344 3253 574 3311; x_wconf 89' lang='lat' dir='ltr'><strong>vertice</strong></span> <span class='ocrx_word' id='word_1_218' title='bbox 596 3254 772 3312; x_wconf 86' lang='lat' dir='ltr'><strong>cunei</strong></span> <span class='ocrx_word' id='word_1_219' title='bbox 795 3253 1060 3312; x_wconf 89' lang='lat' dir='ltr'><strong>similem</strong></span> <span class='ocrx_word' id='word_1_220' title='bbox 1086 3252 1395 3325; x_wconf 84' lang='lat' dir='ltr'><strong>habuisse,</strong></span> <span class='ocrx_word' id='word_1_221' title='bbox 1424 3271 1605 3332; x_wconf 86' lang='lat' dir='ltr'><strong>quam</strong></span> <span class='ocrx_word' id='word_1_222' title='bbox 1634 3252 1901 3312; x_wconf 87' lang='lat' dir='ltr'><strong>formam</strong></span> 
     </span>
     <span class='ocr_line' id='line_1_32' title="bbox 127 3347 1900 3435; baseline 0.002 -27"><span class='ocrx_word' id='word_1_223' title='bbox 127 3350 233 3428; x_wconf 88' lang='lat' dir='ltr'><strong>qui</strong></span> <span class='ocrx_word' id='word_1_224' title='bbox 287 3347 514 3409; x_wconf 86' lang='lat' dir='ltr'><strong>habent</strong></span> <span class='ocrx_word' id='word_1_225' title='bbox 554 3353 735 3432; x_wconf 84' lang='grc' dir='ltr'><strong><em>φοξοί</em></strong></span> <span class='ocrx_word' id='word_1_226' title='bbox 788 3371 834 3412; x_wconf 90' lang='lat' dir='ltr'><strong>s.</strong></span> <span class='ocrx_word' id='word_1_227' title='bbox 888 3354 1283 3435; x_wconf 62' lang='grc' dir='ltr'><strong><em>ὅξυκέφαλοι,</em></strong></span> <span class='ocrx_word' id='word_1_228' title='bbox 1338 3353 1527 3413; x_wconf 87' lang='lat' dir='ltr'><strong>latine</strong></span> <span class='ocrx_word' id='word_1_229' title='bbox 1571 3352 1818 3425; x_wconf 85' lang='lat' dir='ltr'><strong>cilones,</strong></span> <span class='ocrx_word' id='word_1_230' title='bbox 1863 3370 1900 3410; x_wconf 93' lang='lat' dir='ltr'><strong>a</strong></span> 
     </span>
    </p>
   </div>
  </div>
 </body>
</html>
