2150 3814
198 185 367 250 1116
762 201 1000 247 maun
1043 164 1413 246 'runi-165.

193 341 402 394 autem
458 341 519 390 et
560 331 875 391 ministros
935 328 1195 389 deorum
1239 328 1528 403 Cabiros,
1573 327 1974 408 Corybantes,

193 433 390 494 Panes
448 439 509 489 et
553 429 810 506 Satyros
825 471 844 501 ,
906 431 1014 509 qui
1057 430 1200 508 quia
1242 432 1366 511 ipsi
1409 429 1527 490 diis
1572 429 1975 490 adnumeran-

193 542 324 605 tur,
388 531 530 590 hinc
583 529 661 588 de
705 528 933 590 divina,
962 526 1255 589 Curetum
1298 539 1520 592 natura
1561 529 1710 611 quid
1751 538 1976 611 poetae

192 631 589 703 tradiderint,
633 627 933 691 disserere
957 618 1219 710 occipit.

984 859 1039 941 ξ.
1125 861 1184 920 2.

328 1037 478 1098 ἸἜτι
519 1034 588 1096 δ’
634 1035 716 1097 ἄν
756 1058 851 1103 τις
892 1031 999 1095 καὶ
1039 1039 1242 1095 ταῦτα
1284 1031 1453 1114 εὕροι
1494 1031 1795 1115 περὶτῶν
1834 1030 1976 1093 dat-

188 1133 409 1217 μόνων
459 1132 704 1198 τούτων
755 1133 862 1196 καὶ
917 1134 1013 1195 ὅτι
1069 1134 1145 1195 οὐ
1199 1129 1498 1215 πρόπολοι
1552 1137 1727 1196 θεῶν
1779 1129 1979 1213 μόνον

186 1236 350 1299 ,ἀλλὰ
403 1235 510 1298 καὶ
566 1234 772 1298 αὐτοὶ1
801 1233 945 1296 θεοὶ
985 1231 1599 1320 προςηγορεύθησαν.
1692 1231 1979 1300 Ἡσίοδος

188 1333 308 1416 μὲν
370 1334 494 1419 γὰρ
542 1332 863 1396 Ἑκαταίου
919 1334 1026 1396 καὶ
1088 1342 1198 1414 τῆς
1254 1335 1602 1417 Φορωνέως
1656 1330 1981 1418 θυγατρὸς

189 1434 369 1498 πέντε
409 1433 708 1519 γενέσθαι
750 1435 1109 1518 θυγατέρας
1152 1434 1378 1516 φησὶν,
1425 1437 1488 1504 ἐξ
1530 1428 1621 1496 ὧν

705 1555 915 1630 Οὔρειαι
949 1555 1173 1634 Νύμφαι
1205 1562 1329 1613 θεαὶ
1367 1557 1647 1629 ἐξεγένοντο

329 1649 415 1700 καὶ
450 1646 591 1718 γένος
627 1643 908 1698 οὗτιὸανῶν
943 1644 1195 1717 Σατύρων
1229 1647 1315 1699 καὶ
1351 1643 1746 1716 ἀμηχανοεργῶν

328 1731 595 1804 Κουρῆτές
629 1753 684 1785 τε
719 1733 865 1797 θεοὶ,
905 1733 1305 1802 φιλοπαίγμονες
1338 1730 1666 1802 ὀρχηστῆρες.

123 1854 128 1858 ’
182 1864 268 1928 Ὃ
311 1862 381 1926 δὲ
424 1864 541 1944 τὴν
585 1863 929 1946 Φορωνίὸα
970 1861 1225 1948 γράψας
1269 1863 1539 1942 αὐλητὰς
1580 1862 1688 1926 καὶ
1720 1859 1981 1947 Φρύγας

188 1964 336 2034 τοὺς
392 1972 718 2047 Κουρῆτας
773 1964 930 2048 λέγει
983 1981 1046 2042 Ρ.
1092 1964 1236 2023 200.
1333 1962 1579 2022 Horum
1620 1979 1766 2044 pars
1809 1962 1982 2042 prior

187 2074 322 2124 tam
378 2063 676 2123 mendose
733 2065 965 2143 scripta
1022 2072 1117 2122 est
1171 2072 1242 2122 ut
1283 2082 1397 2121 nec
1438 2070 1640 2121 mater
1685 2060 1982 2122 Curetum

186 2182 302 2224 nec
358 2165 504 2225 avia
558 2171 914 2244 compareat
970 2181 1041 2222 ac
1082 2181 1161 2221 ne
1204 2171 1383 2241 pater
1427 2161 1709 2242 quidem,
1752 2163 1887 2223 sive
1929 2162 1985 2222 is

187 2283 348 2325 unus
404 2264 525 2324 fuit
578 2265 713 2325 sive
768 2264 999 2344 plures.
1103 2263 1222 2321 Pro
1260 2262 1580 2325 Ἑκαταίου
1624 2261 1984 2322 Welckerus

188 2365 508 2426 substituit
542 2362 798 2427 Ἑκάτου
844 2364 1194 2440 conjectura
1236 2362 1576 2442 plausibili,
1622 2363 1720 2422 cui
1764 2361 1845 2421 ad
1890 2361 1982 2421 di·-

188 2465 454 2526 midium
498 2463 914 2544 adstipulatur
958 2462 1158 2522 Schol.
1183 2462 1331 2539 Lyc.
1356 2463 1459 2521 77.
1506 2460 1760 2521 Curetes
1787 2455 1984 2542 Apol-

189 2566 336 2626 linis
395 2575 458 2625 et
510 2562 816 2624 Danaidis
872 2563 1186 2642 nymphae
1244 2559 1521 2621 Creticae
1576 2563 1736 2622 filios
1778 2563 1985 2646 perhi-

187 2664 341 2726 bens
359 2659 462 2747 [‘]‚
520 2663 631 2724 sed
673 2683 752 2724 ne
795 2681 910 2744 pro
955 2671 1122 2745 certa
1162 2665 1496 2742 recipiatur
1539 2662 1747 2723 obstat
1789 2663 1982 2723 totius

188 2766 312 2826 loci
380 2764 662 2847 pluribus
731 2763 1012 2846 partibus
1081 2767 1346 2824 truncati
1416 2765 1727 2825 vitiositas
1755 2758 1873 2845 [ff]
1917 2771 1982 2823 et

191 2865 359 2948 quod
401 2864 759 2948 Apollinem
817 2865 1185 2943 Satyrorum
1237 2873 1481 2947 patrem
1524 2883 1658 2926 esse
1698 2865 1981 2924 nescitur.

313 3035 392 3109 [1]
443 3037 545 3080 Huc
584 3040 773 3081 fortasse
809 3035 966 3081 referri
1004 3036 1167 3094 poterit
1206 3037 1366 3081 Glossa
1407 3037 1489 3084 Gr.
1529 3035 1630 3079 Lat.
1669 3032 1896 3096 Κούρητες
1933 3035 1980 3083 02

193 3096 301 3154 περὶ
340 3110 420 3140 τον
463 3098 674 3153 Παιᾶνα,
724 3097 1046 3153 indigetes,
1096 3096 1465 3152 Corybantes.
1526 3094 1705 3138 Liebius
1744 3095 1790 3138 in
1829 3094 1979 3138 Gotha

194 3155 325 3199 Num.
363 3168 406 3211 p.
440 3153 539 3198 163.
589 3156 826 3199 Oaxiorum
864 3169 1034 3198 numum
1072 3155 1284 3212 Apollinis
1323 3155 1467 3212 capite
1511 3153 1760 3210 insignitum
1789 3152 1978 3196 illustrat
2019 3149 2022 3153 ’

196 3213 420 3256 Ciceronis
448 3213 544 3256 loco
574 3214 686 3257 hunc
729 3215 854 3257 deum
884 3214 1136 3271 Corybante
1172 3219 1317 3259 natum
1355 3212 1560 3266 dicentis3
1598 3214 1644 3256 in
1682 3226 1789 3269 agro
1830 3216 1974 3256 autem

196 3272 340 3315 Oaxio
371 3271 555 3315 Curetes
584 3273 670 3316 orti
699 3273 913 3317 dicuntur.

314 3355 411 3415 [Β]
461 3359 531 3403 Cf.
574 3375 611 3403 c.
645 3361 698 3405 V.
739 3364 781 3415 ς.
813 3360 856 3406 3.
898 3363 987 3405 not.
1012 3361 1047 3404 i.
