2150 3814
847 187 1369 232 ORPHICA.-
1834 176 1951 236 941

185 331 448 401 quatuor
514 327 859 382 statuerunt
927 318 1294 395 Pythagorei
1354 315 1591 378 Vitruv.
1652 318 1726 377 11.
1785 320 1842 377 2.
1904 321 1954 380 l.

185 421 407 480 deinde
474 420 916 500 principiorum
972 421 1106 478 sive
1163 419 1376 500 ἀρχῶν
1430 416 1672 499 (calidi,
1728 418 1955 495 frigidi,

178 519 437 592 humidi,
493 520 676 599 aridi)
731 520 912 578 tertio
968 519 1326 590 humorum,
1370 535 1627 598 quorum
1671 518 1959 577 similitu-

179 619 422 678 dinibus
468 619 854 700 exquirendis
898 620 1158 679 multum
1206 637 1430 699 operae
1475 627 1536 677 et
1580 617 1808 678 laboris
1843 620 1956 678 im-

171 711 464 797 pendunt.
551 718 884 800 Apponam
939 738 1168 799 pauca,
1225 738 1382 799 quae
1425 719 1776 798 speciminis
1819 719 1954 779 loco

77 898 81 903 Ι
168 838 305 878 esse
365 823 620 898 possint.
706 820 1032 882 Nemesius
1077 818 1155 878 de
1197 818 1336 879 Nat.
1381 818 1567 879 Hom.
1614 840 1660 878 c.
1704 819 1808 878 lv.
1851 818 1951 879 53.

171 939 230 998 p„
283 919 416 981 145.
465 920 562 984 ed.
606 921 823 980 Matth.
867 927 999 982 πᾶν
1040 927 1220 1000 σῶμα
1263 927 1393 983 τῶν
1430 917 1752 1001 τεσσάρων
1785 939 1951 983 στω-

162 1019 352 1100 χὲίων
420 1023 548 1085 ἐστὶ
603 1019 946 1105 σύγκριμα,
1003 1025 1308 1100 προςεχῶς
1363 1016 1432 1080 δὲ
1488 1026 1620 1080 τῶν
1676 1018 1950 1101 ἐναίμων

169 1122 347 1196 ζώων
391 1126 456 1184 ἐκ
496 1130 627 1185 τῶν
669 1118 990 1202 τεσσάρων
1025 1125 1284 1200 χυμῶν,
1331 1120 1614 1200 αἳματος,
1674 1119 1950 1204 φλέγμα-

161 1247 299 1294 τος,
357 1225 595 1301 ξανθῆς
647 1246 713 1283 τε
746 1228 949 1300 ’χολῆς
1005 1219 1110 1281 καὶ
1150 1217 1442 1300 μελαίνης
1484 1254 1570 1263 —-
1613 1217 1950 1294 Εἲκάζουσι

159 1321 230 1384 δὲ
271 1329 346 1402 τῇ
374 1321 493 1404 μὲν
526 1331 606 1408 γῇ
648 1322 763 1402 τὴν
805 1322 1105 1403 μέλαιναν
1140 1320 1352 1400 χρλὴν,
1395 1327 1486 1402 τῷ
1531 1318 1601 1382 δὲ
1644 1319 1831 1383 ὕδατι
1872 1319 1944 1382 τὸ

158 1423 434 1507 φλέγμα,
478 1431 569 1504 τῷ
612 1422 682 1485 δὲ
725 1423 878 1505 πυρὶ
918 1422 1034 1502 τὴν
1077 1421 1323 1501 ξανθὴν
1359 1418 1569 1501 χολήν.
1670 1419 1945 1480 Isidorus

157 1522 360 1601 Origg.
406 1523 473 1581 L.
508 1522 610 1582 IV.
645 1543 706 1603 p.
747 1523 841 1582 19.
888 1523 1107 1582 Sicut
1152 1530 1498 1601 quatuor
1542 1521 1942 1594 elementa,

156 1624 266 1681 sic
322 1633 396 1682 et
452 1632 790 1702 quatuor
845 1616 1238 1694 hum‘oreS‚
1284 1632 1358 1681 et
1403 1621 1943 1701 unusquisque

154 1724 425 1782 humor
495 1742 715 1783 suum
786 1724 1251 1782 elementum
1322 1723 1715 1793 imitatur,
1778 1739 1941 1780 san-

153 1824 327 1899 guis
385 1841 666 1897 aerem,
723 1824 1042 1883 cholera
1085 1824 1372 1900 ignem,
1417 1820 1940 1881 melancholia

151 1933 463 1996 terram,
533 1924 890 2003 phlegma
945 1942 1234 2004 aquam.
1348 1920 1585 1995 Quibus
1653 1921 1937 1981 omnibus

147 2026 600 2102 praetermissis
647 2025 1039 2105 Sprengelius
1084 2026 1149 2083 in
1193 2024 1356 2083 Hist.
1401 2020 1621 2081 Medic.
1670 2021 1738 2082 T.
1785 2023 1828 2081 I.
1875 2043 1934 2102 p.

146 2122 289 2183 253.
334 2125 428 2184 ed.
474 2127 654 2205 prim.
698 2124 1075 2185 medicorum
1123 2121 1522 2191 Chinensium
1568 2125 1936 2206 sententiam

146 2223 322 2283 affert
364 2226 569 2302 ignem
614 2225 784 2284 cordi
829 2235 890 2284 et
933 2225 1151 2284 aestati
1181 2221 1555 2304 respondere
1582 2223 1932 2282 existiman-

147 2325 336 2397 tium,
403 2327 672 2385 vesicam
743 2325 903 2384 fellis
970 2327 1098 2384 aeri
1167 2334 1228 2383 et
1291 2325 1423 2382 veri
1479 2332 1588 2382 etc.
1650 2341 1808 2402 quae
1863 2332 1933 2382 ut

145 2424 518 2484 Graecorum
575 2426 831 2485 somniis
885 2414 1229 2505 persimilia'
1279 2425 1370 2482 ita
1425 2422 1786 2502 Sprengelio
1855 2443 1931 2482 ex

139 2519 366 2602 graecis
421 2525 696 2586 fontibus
752 2526 971 2585 hausta
1024 2524 1330 2586 videntur.
1440 2522 1565 2583 Sed
1620 2525 1928 2606 infinitum

139 2627 285 2698 erit,
331 2628 385 2685 si
430 2628 670 2700 omnia,
715 2646 871 2708 quae
917 2627 1161 2703 Physici
1207 2626 1533 2685 oscitantes
1569 2624 1926 2684 hallucinati

137 2736 308 2797 sunt,
352 2727 415 2785 in
460 2729 731 2789 rationes
774 2728 1000 2787 referre
1044 2727 1262 2800 velim3
1322 2744 1506 2805 quare
1551 2726 1793 2783 omissis
1838 2726 1924 2783 le-

140 2828 412 2887 vioribus
456 2827 744 2902 reddam,
802 2827 966 2908 quod
1008 2828 1190 2906 hujus
1235 2825 1534 2886 sermonis
1580 2834 1919 2885 extremum

136 2937 228 2986 est
272 2927 349 2987 de
391 2929 530 3005 lyra
574 2928 902 2988 mundana.

934 3087 986 3170 ξ.
1073 3090 1131 3148 7.

298 3201 463 3262 Nota
533 3214 624 3263 est
689 3203 976 3263 omnibus
1043 3203 1265 3263 Dionis
1320 3198 1517 3262 Cassii
1573 3200 1911 3280 disputatio

132 3295 447 3360 XXXVII.
499 3304 591 3363 19.
637 3302 714 3363 de
759 3304 996 3365 dierum
1043 3301 1412 3375 nominibus,
1457 3315 1612 3382 quae
1656 3312 1801 3360 tunc
1844 3301 1909 3373 in
