2184 3840
711 230 751 249 2
803 206 1250 253 canentes
1791 194 1916 255 841²

145 343 494 421 plicationis
524 364 531 394 ι
547 338 839 418 indigent.
910 337 1110 399 *Alias
1169 335 1467 416 quasdam
1487 363 1489 371 =
1527 338 1917 417 loquutiones

145 442 514 519 symbolicas
563 438 757 500 *affert
825 437 1290 499 vanu-2rArtista
1310 457 1318 470 ’
1338 439 1421 496 ‘in
1477 438 1634 497 libro
1688 439 1755 498 M
1769 441 1919 517 agi-

145 560 173 600 s
189 562 221 600 c
232 542 272 598 h
289 560 367 598 er
408 541 464 598 Ε
477 539 516 598 d
530 559 565 599 e
577 540 764 599 lstei
778 540 846 612 n‚'
882 540 1063 618 quem
1089 537 1508 598 &hroederus
1552 537 1754 597 denuo
1773 537 1921 597 ¹<edei--

145 639 236 698 dit
288 640 354 697 in
421 638 628 699 Neue
683 638 1128 715 Sammlung'
1181 637 1317 697 der
1368 637 1561 697 B-ibl.
1618 638 1738 697 fiir
1772 637 1921 696 ·die

142 739 287 797 hiih
306 759 432 798 ere
504 737 1318 818 Naturwissenschaft
1387 737 1456 797 Τ.
1526 739 1601 797 ΙΙ.
1658 758 1722 818 p.v
1775 738 1919 798 234.

141 838 573 918 Deswegen
645 859 796 901 von
864 838 1006 897 den
1061 838 1502 897 uraltesten
1575 838 1744 898 Phil
1811 857 1918 898 so-

141 939 342 1019 phen
407 940 560 999 und
627 940 794 999 dem
865 938 1066 1017 Orph
1085 957 1170 996 eo
1216 936 1354 994 :die
1418 936 1640 995 Ste-rn
1659 855 1922 1039 engla-

141 1057 307 1098 men
351 1038 485 1097 der
526 1037 1203 1110 Himmelsfesten,
1246 1034 1400 1094 und
1445 1034 1572 1094 die
1604 1035 1921 1106 Bhlumen

140 1138 493 1197 irdis'che
549 1137 592 1197 S
610 1147 825 1197 terne
888 1136 1131 1214 seynd
1188 1134 1486 1216 genand
1504 1145 1531 1194 t
1585 1136 1920 1197 worden.

139 1236 301 1297 Num
370 1239 514 1298 ficta
575 1237 653 1297 ab
720 1237 971 1297 homine
1037 1256 1200 1299 vano
1255 1237 1365 1296 illa
1422 1237 1708 1317 exempla
1763 1235 1922 1296 dice-

138 1356 287 1398 mus·
342 1356 423 1397 an
490 1337 705 1397 Graeci
773 1336 1092 1416 cuiusdam
1166 1337 1522 1418 philosophi
1590 1337 1751 1396 libro
1823 1357 1920 1396 ex-

137 1438 385 1519 eei-pta?
429 1438 588 1498 Sunt
631 1447 792 1497 certe
836 1437 1120 1518 Orphicis
1165 1457 1460 1519 perquam
1506 1438 1752 1499 similia.
1775 1465 1777 1467 >
1799 1438 1922 1498 Sed

139 1538 218 1598 ad
271 1540 422 1599 haec
462 1538 827 1611 illustranda
869 1548 933 1597 et
973 1537 1053 1597 ad
1097 1540 1504 1616 cognitionem
1550 1540 1740 1597 totius
1785 1543 1924 1604 cau-

138 1658 242 1698 sae
285 1658 324 1698 a
367 1636 685 1698 Clemente
734 1645 1056 1717 susceptae
1099 1638 1251 1696 nihil
1286 1640 1502 1718 ‘aptius
1540 1640 1663 1697 erit
1676 1682 1694 1712 ,
1740 1657 1922 1717 quam

139 1741 191 1798 si
236 1740 485 1815 *singula
540 1737 918 1814 symbolicae
939 1761 942 1775 2
973 1735 1259 1797 dictionis
1303 1739 1640 1817 specimina
1684 1737 1763 1796 ab
1808 1739 1924 1796 hoc

138 1838 460 1918 proposita
501 1853 925 1916 percurramus
971 1844 1036 1894 et·
1075 1835 1155 1894 ad
1199 1854 1377 1896 suum
1417 1836 1704 1917 quodque
1733 1857 1922 1916 genus

138 1955 512 1999 revocemus,
530 1962 535 1968 ·
598 1937 875 1996 Primum
917 1938 1102 2015 igitur
1147 1936 1227 1996 de
1269 1939 1532 1997 oraculis·
1572 1937 1924 1999 videbimus

140 2037 286 2116 quid
343 2037 739 2098 statuendum·
798 2039 911 2112 sit,
963 2036 1142 2096 -unde
1189 2035 1471 2098 Clemens
1506 2040 1651 2119 >ipse
1696 2058 1925 2098 sermo-

142 2157 283 2196 nem
325 2138 564 2198 orditur
606 2140 703 2197 his
747 2138 955 2199 verbis
1001 2140 1066 2198 αἱ
1099 2146 1465 2220 προφητεῖαι
1499 2140 1602 2202 καὶ
1643 2143 1701 2202 οἱ
1729 2162 1892 2223 χρησ

141 2238 250 2318 μοὶ
293 2240 570 2323 λέγονται
614 2227 705 2301 δι’
754 2236 1158 2323 αἰνιγμάτων.

924 2479 975 2560 ξ.
1078 2480 1136 2538 4.

311 2681 409 2738 De
469 2681 856 2739 oraculorum
927 2681 1298 2741 obscuritate
1351 2685 1592 2761 primus
1663 2684 1923 2741 mentio-

144 2799 282 2839 nem
328 2780 513 2838 infert
567 2779 948 2855 Heraclium,
1009 2783 1115 2861 qui
1173 2782 1442 2842 breviter
1487 2794 1547 2842 et
1592 2784 1922 2842 rhetorice:

145 2882 176 2940 ὃ
225 2883 383 2951 ἄναξ
427 2881 458 2942 ὃ
507 2884 573 2943 ἐν
620 2886 880 2963 Δελφοῖς
925 2884 1064 2945 οὔτε
1112 2885 1264 2968 λέγει
1310 2886 1448 2945 οὔτε
1493 2883 1765 2965 κρύπτει,
1814 2887 1921 2947 ἀλῌ

145 3085 228 3119 etc.
258 3075 568 3127 ΙΙαλινάνθιος
597 3079 683 3121 dici
713 3085 858 3136 potest
887 3087 934 3123 ut
966 3079 1192 3139 ὀμέθνιος,
1226 3082 1345 3136 cujus
1378 3080 1515 3124 altera
1548 3087 1681 3128 forma
1699 3083 1926 3143 ὁμόεθνος

147 3141 268 3178 extat
297 3136 409 3178 sicut
439 3138 648 3194 φίλετνος
675 3139 835 3181 Anecd.
866 3139 1006 3184 Bekk.
1038 3155 1080 3195 p.
1112 3139 1182 3180 70.
1214 3147 1258 3181 et
1287 3136 1603 3197 πολύγλευκος,
1638 3140 1809 3201 ἅξιφος,
1844 3140 1921 3188 εὕ-

148 3208 259 3249 ερος.
300 3209 439 3250 neque
468 3195 689 3238 Boeckhio
719 3196 828 3240 Adn.
861 3197 969 3239 Crit.
1012 3198 1064 3240 ad
1090 3199 1211 3240 Pind.
1245 3198 1366 3242 Nem.
1397 3199 1433 3243 Ι.
1470 3201 1535 3243 13.
1568 3195 1778 3245 a'ssentior
1801 3195 1921 3260 'xal-

151 3254 322 3301 κέντεος
360 3268 454 3295 esse
496 3262 647 3297 contra
678 3255 919 3312 analogiam
949 3258 1175 3308 sermonis3
1219 3272 1313 3299 nam
1344 3257 1537 3302 similiter
1568 3261 1788 3318 εὐτείχεος·
1815 3262 1912 3304 dici-

150 3318 221 3349 tur
259 3315 305 3352 et
341 3309 553 3361 ἄιέίδεος.
614 3314 804 3358 Priorem
848 3317 1025 3358 formam
1068 3323 1274 3358 excusant
1304 3315 1554 3374 μελάνθιον
1585 3321 1743 3366 herbae
1774 3335 1921 3362 nomen

153 3375 195 3408 et
228 3365 490 3418 Μελάνθιος
521 3371 614 3414 νὶή.
