2150 3814
220 194 383 254 1304
792 208 1008 251 tumn
1066 208 1408 253 TERTIUS.

215 365 331 423 70‘·
367 389 372 395 .
442 337 605 397 Huic
677 336 946 396 Galenus
1013 338 1300 421 ψευδέων
1370 337 1635 423 ἀγορήν·
1677 349 1994 420 comparat

217 456 400 517 quam
444 436 856 515 Hippocrates
901 439 966 495 in
1009 435 1354 517 Epidemiis
1409 439 1600 498 semel
1652 440 1996 518 iterumque

217 539 444 596 omisso
489 535 658 595 urbis
703 537 954 594 nomine
998 535 1277 614 designat
1317 536 1421 596 III.
1464 536 1521 597 5.
1558 538 1702 599 242.
1746 540 1808 613 9,
1848 536 1995 598 252.

221 637 294 696 D.
348 636 419 697 τὸ
481 636 682 715 ζητεῖν
744 639 811 698 ἐν
870 636 1018 718 ποίᾳ
1084 634 1255 698 πόλει
1287 639 1591 702 καλεῖταί
1653 665 1716 702 τι
1743 668 1747 671 ·
1761 638 1998 721 χωρίον

218 735 443 818 ψευδὲς
500 735 568 817 (f.
627 735 824 820 ἀγορὴ
866 735 1180 818 ψευδέων)
1235 735 1524 820 καθάπερ
1571 737 1906 820 Ἀθήνῃσιν
1958 739 1997 817 ἡ

214 845 345 900 τῶν
389 833 744 918 Κερκώπων
789 836 986 906 οὕτως
1033 834 1394 918 ὠνόμασται
1405 883 1426 910 ,
1487 838 1602 900 οὐκ
1627 858 1629 860 ·
1657 837 1998 920 ἄν’ὗπερέ-

213 940 441 1018 βαινον
469 941 600 999 εἴτι
617 932 928 1018 χρήσιμον
954 938 1021 999 ἓν
1047 938 1259 1006 αὐτοῖς
1282 934 1497 1018 ἑώρων
1522 943 1607 1007 εἷς
1630 938 1710 1000 τὰ
1737 945 1844 1016 τῆς
1869 937 2000 1016 τέχ-

213 1061 341 1116 νης.
389 1035 593 1116 Atque
638 1036 737 1095 hic
779 1053 906 1095 non
950 1034 1265 1096 dubitasse
1308 1036 1560 1098 videtur
1602 1038 1751 1117 quin
1792 1035 2001 1097 id‘ve-

213 1155 353 1197 rum
398 1146 459 1196 et
502 1137 678 1216 quasi
727 1135 1043 1216 publicum
1087 1139 1236 1196 certi
1280 1136 1614 1214 cujusdam*
1650 1137 1782 1196 loci·
1813 1137 2003 1197 fuerit

213 1256 471 1309 nomen,
518 1236 963 1315 perspicueque
996 1236 1356 1296 Eustathius
1387 1236 1596 1298 forum
1629 1240 1998 1298 scrutariam

214 1339 349 1397 sive
371 1335 764 1396 frivolarium
788 1334 1086 1413 designat,
1112 1335 1219 1393 ubi
1246 1354 1345 1394 res
1366 1336 1635 1398 furtivae
1664 1355 1826 1398 veno
1851 1338 2002 1417 poni

214 1435 469 1498 soleant.
538 1433 962 1511 Diogenianus
1006 1453 1157 1495 vero
1200 1436 1456 1512 figurate
1499 1434 1733 1495 dictum
1779 1448 2002 1509 censet,

214 1536 347 1598 fere·
385 1544 455 1594 ut
515 1534 766 1593 forum
823 1534 1169 1594 furinum
1225 1533 1393 1614 apud
1446 1533 1769 1608 Plautum,
1831 1534 2002 1596 Cent.

220 1638 275 1698 1.
336 1636 393 1696 3.
451 1628 654 1722 ἀγορὰ
709 1632 1065 1718 Κερκώπων
1124 1635 1343 1716 ὅμοιον
1394 1642 1485 1717 τῷ
1541 1633 1763 1698 Λύκου
1821 1637 2004 1706 ὃέκας

215 1737 322 1800 καὶ
362 1735 712 1819 Κρωβύλου
761 1736 974 1820 ζεῦγος
1031 1737 1378 1813 significans
1433 1734 1752 1815 quodlibet
1806 1736 2004 1796 homi-

214 1856 362 1897 num
430 1835 967 1895 fraudulentorum
1036 1835 1508 1895 conciliabulum
1568 1838 1660 1895 ita
1714 1835 1838 1896 dici
1891 1855 2006 1916 po-

217 1939 439 2010 tuisse,
496 1938 654 1996 sicut
699 1935 900 2020 ἀγορὰ
958 1943 1204 2009 κυνῶν,
1266 1934 1432 2015 quod
1486 1937 1648 1994 inter
1689 1936 2004 1995 rhetorum

220 2035 576 2119 ὥραῖσμούς
619 2036 807 2094 refert
850 2034 1124 2094 Thomas
1168 2054 1228 2114 p.
1273 2035 1417 2094 894.
1461 2034 1809 2117 μυρμήκων
1853 2038 2005 2121 ἄγο-

218 2136 299 2220 ρά
353 2137 605 2197 Lucian.
649 2135 903 2194 Icarom.
946 2132 1111 2193 XIX.
1157 2134 1257 2193 28.
1304 2134 1374 2194 T.
1419 2132 1551 2193 vll.
1606 2134 1800 2203 Nicet.
1843 2135 2003 2195 Ann.

216 2237 358 2298 XX.
399 2238 456 2298 3.
497 2236 639 2297 379.
671 2234 746 2294 A.
793 2235 995 2320 ἀγορὰ
1037 2239 1213 2298 θεῶν
1256 2233 1511 2295 Aristid.
1551 2234 1722 2294 Grat.
1761 2235 2006 2312 Smyrn.

220 2339 290 2399 Τ.
324 2338 371 2397 I.
407 2337 650 2416 270.[1‘]
700 2329 875 2399 συῶν
918 2333 1120 2421 ἀγορά
1164 2355 1224 2396 v.
1269 2335 1550 2394 Boisson.
1595 2334 1677 2395 ad
1719 2335 2004 2396 Philostr.

218 2459 279 2519 p.
337 2437 481 2499 291.
525 2455 611 2515 sq.
678 2433 957 2518 τεράτων
1016 2438 1219 2520 ἆγορα
1271 2435 1576 2495 Plutarch.
1633 2434 1711 2494 de
1769 2433 2002 2496 Curios.

220 2559 268 2598 c.
325 2535 400 2596 X.
462 2536 601 2596 141.
670 2533 812 2596 adv.
902 2531 1102 2594 Colot.
1157 2535 1261 2594 111.
1323 2535 1462 2594 142.
1516 2535 1590 2616 [q]
1660 2555 1816 2616 quae
1876 2554 2003 2594 om—

219 2640 326 2697 nia
389 2636 578 2709 modo
645 2637 898 2716 proprie
959 2634 1037 2694 de
1103 2637 1282 2694 certis
1339 2635 1491 2695 locis
1549 2635 1737 2695 modo
1793 2643 2002 2696 autem

219 2737 513 2798 translate
571 2736 872 2797 dicuntur.
959 2733 1191 2796 Verum
1250 2745 1458 2795 tamen
1498 2735 1756 2796 Athenis
1811 2735 2005 2796 fuisse

220 2838 423 2898 locum
486 2833 793 2918 quendam
855 2856 892 2895 a
951 2834 1323 2916 Cercopibus
1380 2836 1841 2897 denominatum
1896 2847 2005 2917 ap-'

341 3008 416 3065 [Ρ]
476 3007 564 3051 Hie
612 3010 751 3051 forum
804 3007 1086 3062 Smyrnaeum
1135 3007 1354 3062 significat
1403 3006 1743 3064 splendidissime
1792 3010 2001 3059 ornatum,

225 3066 405 3109 Athenis
433 3067 504 3109 vel
533 3067 741 3110 Eleusine
770 3066 816 3108 id
846 3066 930 3107 loci
958 3080 1109 3109 nomen
1138 3067 1221 3108 fuit
1249 3067 1441 3121 Hesych.
1483 3081 1515 3107 s.
1545 3081 1587 3108 v.
1617 3066 1757 3108 Aliter
1787 3066 1999 3107 Themist.

226 3126 305 3195 Or.
335 3123 433 3167 XX.
462 3124 563 3168 244.
595 3126 647 3170 C.
689 3127 766 3169 καὶ
795 3125 846 3168 σὲ
876 3124 1055 3175 ἐδέξατο
1086 3128 1208 3168 θεῶν
1237 3123 1382 3196 οἰιγορὰ
1411 3125 1489 3168 καὶ
1518 3123 1661 3182 δῆμος
1683 3123 1879 3197 ’ἀγαθρν
1898 3123 2003 3167 δαι-

226 3197 417 3297 μονωξῖἱ]
440 3183 741 3285 Ρὲἷξὲῗῗὶέἑὸ
760 3181 1265 3298 ῗῗιᾎιῖιπᾞίιξίοξῗιξέυέ
1278 3200 1344 3284 «1τὲ
1349 3182 1896 3294 ῗοῇῗᾞξῖἶῖιοῗζῗιῖαἷὼῑ
1925 3241 2003 3282 ho-

228 3300 362 3343 mines
391 3303 618 3343 monstrosi
651 3303 977 3344 ostentabantur
1006 3301 1200 3346 curiosis.
1260 3299 1498 3344 Pausanias
1535 3302 1671 3343 refert
1700 3314 1746 3342 se
1777 3299 2000 3343 Tritonem

228 3359 387 3401 vidisse
417 3360 468 3402 ἐν
496 3364 587 3409 τοῖς
611 3357 844 3419 Ῥωμαίων
871 3356 1075 3419 θαύμασι
1104 3359 1182 3402 IX.
1213 3360 1282 3402 21.
1314 3374 1355 3401 v.
1387 3359 1588 3405 Siebelis.
