2150 3814
221 215 384 278 1184
790 221 1006 267 LIBER
1066 219 1405 265 'rssn'rms

214 369 400 438 ment.
445 357 668 419 Strom.
714 351 784 411 V.
829 350 971 411 674.
1030 347 1469 432 ἆμασιγνήτανν
1525 349 1629 411 καὶ
1689 346 1992 427 Τελχίνων

218 462 335 543 ἔφυ
378 459 415 537 ἡ
461 454 653 534 ἅλυκὴ
701 449 846 535 ζάψ.
894 449 1002 510 ubi
1046 447 1381 508 Bochartus
1410 451 1669 530 ’Ἀμμας
1705 444 1994 532 Ἰγνήτων

217 557 483 640 reponit,
526 548 851 615 commode
894 566 1042 609 usus
1079 547 1447 609 testimoniis
1482 547 1781 625 Hesychii
1799 548 1997 631 ’Ἰγνη-

217 683 314 727 τες
370 657 428 718 οἱ
480 652 637 736 μετὰ
678 650 826 720 τοὺς
886 652 1180 727 Τελχῖνας
1239 647 1667 727 ἐποικήσαντες
1717 646 1834 726 τὴν
1868 642 2001 707 Ῥό-

224 758 359 820 ὃον.
423 761 486 813 et
530 750 828 831 Stephani
870 745 1034 827 Γνής
1079 749 1267 817 ἔθνος
1313 753 1570 827 οἰκῆσαν
1611 746 1726 826 τὴν
1760 743 2000 816 Ῥόδον,

221 856 453 940 λέγεται
509 852 578 915 δὲ
635 850 741 914 καὶ
769 852 1035 935 ’Ἰγνητες
1061 842 1131 929 [¹]
1193 865 1388 926 neque
1431 865 1469 906 a
1511 846 1814 906 sententia
1855 862 2002 923 poe-

221 963 319 1014 tae
361 951 624 1013 multum
668 950 982 1010 aberrasse
1024 945 1302 1018 videtur,
1357 945 1467 1005 sed
1511 943 1702 1006 verba
1743 942 1825 1004 ad
1865 961 2004 1004 ver-

225 1071 330 1114 sus
383 1053 653 1134 speciem
711 1048 988 1127 redigere
1042 1046 1272 1107 frustra
1333 1055 1585 1106 conatus
1647 1053 1755 1103 est.
1842 1041 2003 1101 Tum

222 1151 633 1213 Callimachus
676 1148 756 1209 H.
799 1151 865 1208 in
906 1147 1046 1207 Del.
1089 1145 1191 1209 31.
1235 1144 1510 1225 Neptuni
1550 1142 1883 1204 tridentem
1927 1140 2008 1202 ab

223 1253 301 1311 iis
355 1250 719 1310 fabricatum
779 1265 914 1308 esse
968 1245 1156 1319 dixit,
1211 1247 1369 1306 sicut
1422 1245 1529 1305 alii
1582 1263 1680 1324 ap.
1722 1241 2006 1303 Eustath.

223 1348 306 1409 ad
361 1349 546 1407 Dion.
609 1347 750 1406 504.
811 1348 1044 1425 harpen
1111 1343 1386 1418 Saturni3
1455 1345 1696 1405 novitio
1765 1343 2009 1421 utrique

224 1453 602 1521 comment03
646 1465 792 1505 nam
837 1443 1169 1523 antiquitas
1214 1441 1587 1503 fabricandis
1630 1442 1888 1502 deorum
1911 1457 2009 1501 ar-

226 1549 342 1608 mis
400 1543 701 1627 Cyclopes
746 1544 1071 1626 praefecit,
1116 1543 1385 1623 primum
1432 1538 1822 1619 CaeligenaS,
1865 1549 2010 1621 post

228 1647 484 1708 Siculos.

1018 1868 1071 1952 ξ.
1157 1873 1215 1931 2.

400 2041 524 2103 Sed
581 2044 644 2102 hi
703 2060 915 2102 omnes
968 2060 1081 2101 nos
1136 2044 1399 2100 incertos
1455 2041 1838 2100 dimitterent
1890 2041 2010 2099 nisi

229 2147 293 2203 in
349 2160 576 2204 vacuas
630 2151 838 2221 partes
894 2138 1283 2201 succederent
1337 2141 1444 2199 alii
1497 2159 1701 2200 rerum
1745 2139 2010 2199 Rhodia-

231 2262 369 2303 rum
412 2243 756 2321 scriptores.
800 2241 964 2301 Zeno
1008 2239 1253 2317 Polybii
1282 2241 1573 2321 aequalis,
1619 2242 1790 2319 cujus
1817 2239 2012 2301 verba

232 2341 550 2403 Diodorus
621 2341 808 2400 refert
873 2341 946 2400 V.
1004 2338 1103 2400 55.
1160 2351 1371 2401 narrat
1426 2341 1769 2421 Telchines
1801 2358 2010 2400 recens

234 2443 390 2500 mari
459 2440 658 2499 editos
728 2441 1012 2500 Rhodum
1072 2459 1291 2519 puram
1349 2441 1548 2501 adhuc
1601 2441 1679 2500 ab
1736 2441 2009 2500 humano

236 2541 431 2612 cul-tu,
487 2538 695 2599 sedem
750 2558 821 2598 ac
876 2539 1257 2598 domicilium
1313 2541 1592 2618 elegisse3
1649 2539 1730 2600 ad
1782 2559 2010 2621 eosque

236 2639 510 2699 delatum
569 2658 607 2697 a
661 2647 857 2697 matre
911 2639 1083 2698 Rhea
1136 2638 1488 2720 Neptunum
1505 2638 1614 2720 [†]‚
1676 2652 1746 2700 ut
1799 2639 2010 2700 adole-

235 2741 454 2811 visset,
512 2737 762 2797 Haliam
819 2737 937 2797 sibi
983 2738 1338 2800 Telchinum
1383 2757 1658 2799 sororem
1705 2740 2008 2817 connubio

226 2840 532 2915 junxisse3
588 2838 729 2897 hinc
784 2857 890 2898 sex
931 2839 1088 2899 filios
1132 2849 1466 2919 prognatos
1511 2848 1573 2898 et
1614 2840 1802 2899 filiam
1844 2839 2007 2898 Rho-

285 3089 292 3095 ·
353 3019 422 3077 [f]
468 3021 678 3064 Arcadius
708 3022 775 3065 De
802 3027 965 3066 accent.
996 3037 1039 3080 p.
1073 3020 1168 3064 126.
1209 3020 1320 3080 γνής
1349 3021 1372 3067 ὁ
1399 3019 1579 3072 Ῥόδιος.

352 3118 435 3174 [†]
482 3119 616 3163 Addit
645 3121 876 3178 Caphiram
906 3122 1131 3178 nympham
1162 3123 1347 3167 muneris
1377 3122 1558 3175 sociam,
1591 3135 1702 3178 quae
1730 3122 1846 3165 haud
1876 3122 2005 3166 dubie

238 3177 411 3218 Camira
440 3175 556 3220 dicta
585 3185 651 3221 est
690 3182 745 3223 ab
784 3183 903 3223 urbe.
973 3180 1124 3223 Cabiri
1162 3182 1206 3223 iu
1243 3181 1396 3224 Rhodo
1435 3180 1540 3223 nulli
1577 3186 1700 3234 sunt,
1740 3195 1879 3237 neque
1916 3181 2004 3224 ulla

238 3233 493 3279 Cabirorum
523 3250 616 3280 cum
647 3238 928 3283 Telchinibus
957 3239 1183 3295 cognatio,
1222 3245 1396 3296 praeter
1435 3239 1549 3296 quod
1586 3238 1865 3296 Bruiningius
1903 3251 2003 3282 nar-

231 3297 309 3336 rat:
338 3292 384 3334 in
422 3292 518 3335 Act.
549 3295 708 3340 Societ.
745 3299 939 3354 Traject.
963 3297 1030 3343 T.
1061 3297 1138 3340 ΠΙ.
1170 3311 1210 3354 p.
1242 3296 1341 3342 356.
1374 3297 1605 3341 Telchines
1635 3311 1758 3342 sacra
1788 3297 2002 3342 Cabiraea

233 3350 559 3394 administrasse.
