<?xml version="1.0" encoding="UTF-8"?>
<!DOCTYPE html PUBLIC "-//W3C//DTD XHTML 1.0 Transitional//EN"
    "http://www.w3.org/TR/xhtml1/DTD/xhtml1-transitional.dtd">
<html xmlns="http://www.w3.org/1999/xhtml" xml:lang="en" lang="en">
 <head>
  <title>
</title>
<meta http-equiv="Content-Type" content="text/html;charset=utf-8" />
  <meta name='ocr-system' content='tesseract 3.04.00' />
  <meta name='ocr-capabilities' content='ocr_page ocr_carea ocr_par ocr_line ocrx_word'/>
</head>
<body>
  <div class='ocr_page' id='page_1' title='image "./aglaophamussived02lobeuoft_0355.png"; bbox 0 0 2150 3814; ppageno 0'>
   <div class='ocr_carea' id='block_1_1' title="bbox 759 211 1929 273">
    <p class='ocr_par' dir='ltr' id='par_1_1' title="bbox 759 211 1929 273">
     <span class='ocr_line' id='line_1_1' title="bbox 759 211 1929 273; baseline 0.004 -5"><span class='ocrx_word' id='word_1_1' title='bbox 759 223 1332 270; x_wconf 69' lang='lat' dir='ltr'><strong>sAMo&#39;rnRAmA.</strong></span> <span class='ocrx_word' id='word_1_2' title='bbox 1767 211 1929 273; x_wconf 83' lang='grc'>1131</span> 
     </span>
    </p>
   </div>
   <div class='ocr_carea' id='block_1_2' title="bbox 942 423 1142 505">
    <p class='ocr_par' dir='ltr' id='par_1_2' title="bbox 942 423 1142 505">
     <span class='ocr_line' id='line_1_2' title="bbox 942 423 1142 505; baseline 0 -22"><span class='ocrx_word' id='word_1_3' title='bbox 942 425 996 505; x_wconf 58' lang='grc' dir='ltr'><strong>ξ.</strong></span> <span class='ocrx_word' id='word_1_4' title='bbox 1083 423 1142 484; x_wconf 88' lang='grc'><strong>4.</strong></span> 
     </span>
    </p>
   </div>
   <div class='ocr_carea' id='block_1_3' title="bbox 134 550 1938 2947">
    <p class='ocr_par' dir='ltr' id='par_1_3' title="bbox 134 550 1938 2947">
     <span class='ocr_line' id='line_1_3' title="bbox 255 550 1936 634; baseline -0.002 -17"><span class='ocrx_word' id='word_1_5' title='bbox 255 586 259 590; x_wconf 93' lang='grc'><strong><em>·</em></strong></span> <span class='ocrx_word' id='word_1_6' title='bbox 318 556 572 617; x_wconf 86' lang='lat' dir='ltr'><strong>Curetes</strong></span> <span class='ocrx_word' id='word_1_7' title='bbox 627 553 1035 625; x_wconf 69' lang='lat' dir='ltr'><strong>Euboenses,</strong></span> <span class='ocrx_word' id='word_1_8' title='bbox 1076 569 1231 634; x_wconf 88' lang='lat' dir='ltr'><strong>quos</strong></span> <span class='ocrx_word' id='word_1_9' title='bbox 1289 550 1511 611; x_wconf 89' lang='lat' dir='ltr'><strong>Strabo</strong></span> <span class='ocrx_word' id='word_1_10' title='bbox 1566 550 1936 614; x_wconf 84' lang='lat' dir='ltr'><strong>Aetolorum</strong></span> 
     </span>
     <span class='ocr_line' id='line_1_4' title="bbox 144 651 1937 735; baseline -0.002 -18"><span class='ocrx_word' id='word_1_11' title='bbox 144 659 414 735; x_wconf 88' lang='lat' dir='ltr'><strong>majores</strong></span> <span class='ocrx_word' id='word_1_12' title='bbox 457 668 521 716; x_wconf 89' lang='lat' dir='ltr'><strong>et</strong></span> <span class='ocrx_word' id='word_1_13' title='bbox 562 656 790 716; x_wconf 84' lang='lat' dir='ltr'><strong>fabulis</strong></span> <span class='ocrx_word' id='word_1_14' title='bbox 835 662 1111 714; x_wconf 87' lang='lat' dir='ltr'><strong>exemtos</strong></span> <span class='ocrx_word' id='word_1_15' title='bbox 1156 651 1339 727; x_wconf 83' lang='lat' dir='ltr'><strong>dicit,</strong></span> <span class='ocrx_word' id='word_1_16' title='bbox 1382 652 1766 714; x_wconf 87' lang='lat' dir='ltr'><strong>fabularibus</strong></span> <span class='ocrx_word' id='word_1_17' title='bbox 1809 672 1937 714; x_wconf 88' lang='lat' dir='ltr'><strong>non</strong></span> 
     </span>
     <span class='ocr_line' id='line_1_5' title="bbox 142 751 1937 837; baseline 0 -22"><span class='ocrx_word' id='word_1_18' title='bbox 142 775 396 837; x_wconf 87' lang='lat' dir='ltr'><strong>prorsus</strong></span> <span class='ocrx_word' id='word_1_19' title='bbox 438 758 700 818; x_wconf 87' lang='lat' dir='ltr'><strong>intactos</strong></span> <span class='ocrx_word' id='word_1_20' title='bbox 755 755 951 815; x_wconf 81' lang='lat' dir='ltr'><strong>fuisse</strong></span> <span class='ocrx_word' id='word_1_21' title='bbox 994 751 1269 815; x_wconf 78' lang='lat' dir='ltr'>ostendit</span> <span class='ocrx_word' id='word_1_22' title='bbox 1310 753 1684 833; x_wconf 82' lang='lat' dir='ltr'><strong>Apollodori</strong></span> <span class='ocrx_word' id='word_1_23' title='bbox 1724 774 1937 815; x_wconf 87' lang='lat' dir='ltr'><strong>narra-</strong></span> 
     </span>
     <span class='ocr_line' id='line_1_6' title="bbox 141 854 1937 939; baseline 0.001 -24"><span class='ocrx_word' id='word_1_24' title='bbox 141 858 231 915; x_wconf 90' lang='lat' dir='ltr'><strong>tio</strong></span> <span class='ocrx_word' id='word_1_25' title='bbox 275 857 351 916; x_wconf 93' lang='grc' dir='ltr'><strong>ΙΙ.</strong></span> <span class='ocrx_word' id='word_1_26' title='bbox 403 857 454 917; x_wconf 92' lang='lat' dir='ltr'><strong>l.</strong></span> <span class='ocrx_word' id='word_1_27' title='bbox 501 858 560 919; x_wconf 82' lang='lat'><strong>3.</strong></span> <span class='ocrx_word' id='word_1_28' title='bbox 646 857 916 939; x_wconf 86' lang='lat' dir='ltr'><strong>Epapho</strong></span> <span class='ocrx_word' id='word_1_29' title='bbox 959 872 1170 915; x_wconf 87' lang='lat' dir='ltr'><strong>recens</strong></span> <span class='ocrx_word' id='word_1_30' title='bbox 1228 856 1293 914; x_wconf 91' lang='lat' dir='ltr'><strong>in</strong></span> <span class='ocrx_word' id='word_1_31' title='bbox 1352 855 1552 915; x_wconf 89' lang='lat' dir='ltr'><strong>lucem</strong></span> <span class='ocrx_word' id='word_1_32' title='bbox 1608 854 1776 916; x_wconf 90' lang='lat' dir='ltr'><strong>edito</strong></span> <span class='ocrx_word' id='word_1_33' title='bbox 1835 857 1937 916; x_wconf 91' lang='lat' dir='ltr'><strong>Iu-</strong></span> 
     </span>
     <span class='ocr_line' id='line_1_7' title="bbox 143 954 1933 1038; baseline 0.003 -24"><span class='ocrx_word' id='word_1_34' title='bbox 143 974 370 1017; x_wconf 85' lang='lat' dir='ltr'><strong>nonem</strong></span> <span class='ocrx_word' id='word_1_35' title='bbox 430 955 684 1019; x_wconf 87' lang='lat' dir='ltr'><strong>Curetes</strong></span> <span class='ocrx_word' id='word_1_36' title='bbox 740 958 1108 1019; x_wconf 84' lang='lat' dir='ltr'><strong>immissise:</strong></span> <span class='ocrx_word' id='word_1_37' title='bbox 1186 954 1282 1016; x_wconf 72' lang='grc' dir='ltr'><strong>Ἰώ</strong></span> <span class='ocrx_word' id='word_1_38' title='bbox 1347 962 1539 1038; x_wconf 75' lang='grc' dir='ltr'><em>γεννᾷ</em></span> <span class='ocrx_word' id='word_1_39' title='bbox 1612 957 1784 1036; x_wconf 75' lang='grc' dir='ltr'><em>παρὰ</em></span> <span class='ocrx_word' id='word_1_40' title='bbox 1840 964 1933 1038; x_wconf 80' lang='grc' dir='ltr'><strong>τῷ</strong></span> 
     </span>
     <span class='ocr_line' id='line_1_8' title="bbox 141 1053 1937 1142; baseline 0 -23"><span class='ocrx_word' id='word_1_41' title='bbox 141 1057 342 1141; x_wconf 83' lang='grc' dir='ltr'><em>Νείλῳ</em></span> <span class='ocrx_word' id='word_1_42' title='bbox 371 1061 688 1142; x_wconf 84' lang='grc' dir='ltr'><em>Ἔπαφον·</em></span> <span class='ocrx_word' id='word_1_43' title='bbox 745 1067 972 1121; x_wconf 85' lang='grc' dir='ltr'><em>τοῦτον</em></span> <span class='ocrx_word' id='word_1_44' title='bbox 1016 1057 1086 1128; x_wconf 65' lang='grc' dir='ltr'><strong>δὲ</strong></span> <span class='ocrx_word' id='word_1_45' title='bbox 1127 1054 1294 1135; x_wconf 45' lang='grc' dir='ltr'><em>(Ἡρα</em></span> <span class='ocrx_word' id='word_1_46' title='bbox 1350 1053 1550 1116; x_wconf 75' lang='grc' dir='ltr'><em>δεῖται</em></span> <span class='ocrx_word' id='word_1_47' title='bbox 1591 1053 1937 1139; x_wconf 76' lang='grc' dir='ltr'><em>Κουρήτων</em></span> 
     </span>
     <span class='ocr_line' id='line_1_9' title="bbox 144 1153 1938 1240; baseline -0.001 -20"><span class='ocrx_word' id='word_1_48' title='bbox 144 1160 358 1240; x_wconf 74' lang='grc' dir='ltr'><em>ἀφανῆ</em></span> <span class='ocrx_word' id='word_1_49' title='bbox 401 1167 680 1238; x_wconf 86' lang='grc' dir='ltr'><em>ποιῆσαι·</em></span> <span class='ocrx_word' id='word_1_50' title='bbox 745 1160 805 1220; x_wconf 85' lang='grc' dir='ltr'><strong>οἱ</strong></span> <span class='ocrx_word' id='word_1_51' title='bbox 859 1157 930 1220; x_wconf 72' lang='grc' dir='ltr'><strong>δὲ</strong></span> <span class='ocrx_word' id='word_1_52' title='bbox 984 1153 1306 1238; x_wconf 73' lang='grc' dir='ltr'><em>ἠφάνισαν</em></span> <span class='ocrx_word' id='word_1_53' title='bbox 1362 1153 1561 1217; x_wconf 78' lang='grc' dir='ltr'><em>αὐτὸν</em></span> <span class='ocrx_word' id='word_1_54' title='bbox 1615 1156 1722 1218; x_wconf 81' lang='grc' dir='ltr'><strong>καὶ</strong></span> <span class='ocrx_word' id='word_1_55' title='bbox 1777 1157 1938 1227; x_wconf 74' lang='grc' dir='ltr'><strong><em>Ζεὺς</em></strong></span> 
     </span>
     <span class='ocr_line' id='line_1_10' title="bbox 145 1250 1938 1339; baseline -0.001 -20"><span class='ocrx_word' id='word_1_56' title='bbox 145 1261 308 1319; x_wconf 71' lang='lat' dir='ltr'><strong>alo-9</strong></span> <span class='ocrx_word' id='word_1_57' title='bbox 320 1256 540 1339; x_wconf 78' lang='grc' dir='ltr'><em>άμενος</em></span> <span class='ocrx_word' id='word_1_58' title='bbox 582 1257 804 1321; x_wconf 82' lang='grc' dir='ltr'><em>κτείνει</em></span> <span class='ocrx_word' id='word_1_59' title='bbox 845 1250 1188 1339; x_wconf 75' lang='grc' dir='ltr'><em>Κούρητας.</em></span> <span class='ocrx_word' id='word_1_60' title='bbox 1255 1253 1421 1314; x_wconf 83' lang='lat' dir='ltr'><strong>unde</strong></span> <span class='ocrx_word' id='word_1_61' title='bbox 1485 1256 1684 1317; x_wconf 82' lang='lat' dir='ltr'><strong>miror</strong></span> <span class='ocrx_word' id='word_1_62' title='bbox 1741 1258 1938 1317; x_wconf 84' lang='lat' dir='ltr'><strong>nemi·</strong></span> 
     </span>
     <span class='ocr_line' id='line_1_11' title="bbox 137 1355 1937 1437; baseline 0.001 -21"><span class='ocrx_word' id='word_1_63' title='bbox 137 1376 280 1417; x_wconf 91' lang='lat' dir='ltr'><strong>nem</strong></span> <span class='ocrx_word' id='word_1_64' title='bbox 324 1358 527 1419; x_wconf 82' lang='lat' dir='ltr'><strong>adhuc</strong></span> <span class='ocrx_word' id='word_1_65' title='bbox 585 1356 840 1419; x_wconf 87' lang='lat' dir='ltr'><strong>Curetes</strong></span> <span class='ocrx_word' id='word_1_66' title='bbox 896 1355 1240 1437; x_wconf 82' lang='lat' dir='ltr'><strong>Aegyptios</strong></span> <span class='ocrx_word' id='word_1_67' title='bbox 1298 1356 1722 1436; x_wconf 84' lang='lat' dir='ltr'><strong>exsculpsisse.</strong></span> <span class='ocrx_word' id='word_1_68' title='bbox 1808 1357 1937 1417; x_wconf 89' lang='lat' dir='ltr'><strong>Eu-</strong></span> 
     </span>
     <span class='ocr_line' id='line_1_12' title="bbox 138 1454 1935 1535; baseline 0.001 -18"><span class='ocrx_word' id='word_1_69' title='bbox 138 1458 351 1518; x_wconf 88' lang='lat' dir='ltr'><strong>boicos</strong></span> <span class='ocrx_word' id='word_1_70' title='bbox 394 1469 606 1519; x_wconf 88' lang='lat' dir='ltr'><strong>autem</strong></span> <span class='ocrx_word' id='word_1_71' title='bbox 647 1460 766 1519; x_wconf 87' lang='lat' dir='ltr'><strong>hoc</strong></span> <span class='ocrx_word' id='word_1_72' title='bbox 807 1459 946 1517; x_wconf 87' lang='lat' dir='ltr'><strong>loco</strong></span> <span class='ocrx_word' id='word_1_73' title='bbox 997 1457 1325 1535; x_wconf 86' lang='lat' dir='ltr'><strong>significari</strong></span> <span class='ocrx_word' id='word_1_74' title='bbox 1372 1454 1626 1518; x_wconf 87' lang='lat' dir='ltr'><strong>Curetes</strong></span> <span class='ocrx_word' id='word_1_75' title='bbox 1669 1455 1935 1518; x_wconf 84' lang='lat' dir='ltr'><strong>Junonis</strong></span> 
     </span>
     <span class='ocr_line' id='line_1_13' title="bbox 138 1557 1937 1638; baseline 0.002 -22"><span class='ocrx_word' id='word_1_76' title='bbox 138 1577 367 1618; x_wconf 87' lang='lat' dir='ltr'><strong>nomen</strong></span> <span class='ocrx_word' id='word_1_77' title='bbox 410 1559 646 1620; x_wconf 88' lang='lat' dir='ltr'><strong>indicat</strong></span> <span class='ocrx_word' id='word_1_78' title='bbox 687 1558 1057 1619; x_wconf 90' lang='lat' dir='ltr'><strong>insidiarum</strong></span> <span class='ocrx_word' id='word_1_79' title='bbox 1111 1557 1466 1631; x_wconf 82' lang='lat' dir='ltr'><strong>molitrieiS,</strong></span> <span class='ocrx_word' id='word_1_80' title='bbox 1523 1577 1682 1638; x_wconf 87' lang='lat' dir='ltr'><strong>quae</strong></span> <span class='ocrx_word' id='word_1_81' title='bbox 1722 1560 1791 1619; x_wconf 83' lang='lat' dir='ltr'><strong>in</strong></span> <span class='ocrx_word' id='word_1_82' title='bbox 1836 1577 1937 1620; x_wconf 86' lang='lat' dir='ltr'><strong>ea-</strong></span> 
     </span>
     <span class='ocr_line' id='line_1_14' title="bbox 139 1656 1935 1740; baseline 0.003 -24"><span class='ocrx_word' id='word_1_83' title='bbox 139 1656 281 1717; x_wconf 86' lang='lat' dir='ltr'><strong>dem</strong></span> <span class='ocrx_word' id='word_1_84' title='bbox 349 1660 555 1720; x_wconf 89' lang='lat' dir='ltr'><strong>insula</strong></span> <span class='ocrx_word' id='word_1_85' title='bbox 623 1659 974 1722; x_wconf 83' lang='lat' dir='ltr'><strong>adolevisse</strong></span> <span class='ocrx_word' id='word_1_86' title='bbox 1042 1657 1264 1718; x_wconf 87' lang='lat' dir='ltr'><strong>dicitur</strong></span> <span class='ocrx_word' id='word_1_87' title='bbox 1292 1661 1366 1739; x_wconf 73' lang='lat'><strong>[³]</strong></span> <span class='ocrx_word' id='word_1_88' title='bbox 1435 1657 1545 1718; x_wconf 92' lang='lat' dir='ltr'><strong>ubi</strong></span> <span class='ocrx_word' id='word_1_89' title='bbox 1600 1660 1935 1740; x_wconf 82' lang='lat' dir='ltr'><strong>Epaphum</strong></span> 
     </span>
     <span class='ocr_line' id='line_1_15' title="bbox 137 1759 1935 1837; baseline 0.001 -20"><span class='ocrx_word' id='word_1_90' title='bbox 137 1769 385 1831; x_wconf 89' lang='lat' dir='ltr'><strong>natum,</strong></span> <span class='ocrx_word' id='word_1_91' title='bbox 450 1759 686 1837; x_wconf 86' lang='lat' dir='ltr'><strong>Argum</strong></span> <span class='ocrx_word' id='word_1_92' title='bbox 759 1761 1027 1819; x_wconf 82' lang='lat' dir='ltr'><strong>occisum</strong></span> <span class='ocrx_word' id='word_1_93' title='bbox 1085 1778 1220 1818; x_wconf 87' lang='lat' dir='ltr'><strong>esse</strong></span> <span class='ocrx_word' id='word_1_94' title='bbox 1290 1770 1545 1819; x_wconf 89' lang='lat' dir='ltr'><strong>constat.</strong></span> <span class='ocrx_word' id='word_1_95' title='bbox 1654 1759 1935 1819; x_wconf 91' lang='lat' dir='ltr'><strong>Primum</strong></span> 
     </span>
     <span class='ocr_line' id='line_1_16' title="bbox 139 1857 1935 1940; baseline 0.001 -22"><span class='ocrx_word' id='word_1_96' title='bbox 139 1860 304 1918; x_wconf 90' lang='lat' dir='ltr'><strong>enim</strong></span> <span class='ocrx_word' id='word_1_97' title='bbox 350 1859 663 1920; x_wconf 86' lang='lat' dir='ltr'><strong>Hesiodus</strong></span> <span class='ocrx_word' id='word_1_98' title='bbox 719 1859 823 1918; x_wconf 90' lang='lat' dir='ltr'><strong>Fr.</strong></span> <span class='ocrx_word' id='word_1_99' title='bbox 867 1857 1114 1918; x_wconf 86' lang='lat' dir='ltr'><strong>XLVII.</strong></span> <span class='ocrx_word' id='word_1_100' title='bbox 1171 1860 1440 1920; x_wconf 90' lang='lat' dir='ltr'><strong>insulam</strong></span> <span class='ocrx_word' id='word_1_101' title='bbox 1499 1861 1672 1940; x_wconf 88' lang='lat' dir='ltr'><strong>prius</strong></span> <span class='ocrx_word' id='word_1_102' title='bbox 1727 1858 1935 1920; x_wconf 89' lang='lat' dir='ltr'><strong>Aban-</strong></span> 
     </span>
     <span class='ocr_line' id='line_1_17' title="bbox 136 1959 1935 2021; baseline 0.002 -3"><span class='ocrx_word' id='word_1_103' title='bbox 136 1959 331 2019; x_wconf 88' lang='lat' dir='ltr'><strong>tidem</strong></span> <span class='ocrx_word' id='word_1_104' title='bbox 375 1959 605 2020; x_wconf 87' lang='lat' dir='ltr'><strong>dictam</strong></span> <span class='ocrx_word' id='word_1_105' title='bbox 660 1970 902 2019; x_wconf 88' lang='lat' dir='ltr'><strong>mutata</strong></span> <span class='ocrx_word' id='word_1_106' title='bbox 955 1961 1023 2019; x_wconf 87' lang='lat' dir='ltr'><strong>in</strong></span> <span class='ocrx_word' id='word_1_107' title='bbox 1079 1978 1329 2021; x_wconf 87' lang='lat' dir='ltr'><strong>vaccam</strong></span> <span class='ocrx_word' id='word_1_108' title='bbox 1386 1961 1456 2020; x_wconf 91' lang='lat' dir='ltr'><strong>Io</strong></span> <span class='ocrx_word' id='word_1_109' title='bbox 1521 1979 1751 2021; x_wconf 88' lang='lat' dir='ltr'><strong>nomen</strong></span> <span class='ocrx_word' id='word_1_110' title='bbox 1772 2014 1777 2019; x_wconf 42' lang='lat'><strong>2</strong></span> <span class='ocrx_word' id='word_1_111' title='bbox 1805 1961 1935 2021; x_wconf 85' lang='lat' dir='ltr'><strong>Eu-</strong></span> 
     </span>
     <span class='ocr_line' id='line_1_18' title="bbox 135 2060 1936 2143; baseline 0.002 -23"><span class='ocrx_word' id='word_1_112' title='bbox 135 2061 330 2120; x_wconf 90' lang='lat' dir='ltr'><strong>boeae</strong></span> <span class='ocrx_word' id='word_1_113' title='bbox 373 2064 681 2142; x_wconf 86' lang='lat' dir='ltr'><strong>accepisse</strong></span> <span class='ocrx_word' id='word_1_114' title='bbox 723 2060 1034 2141; x_wconf 85' lang='lat' dir='ltr'><strong>prodidit3</strong></span> <span class='ocrx_word' id='word_1_115' title='bbox 1097 2062 1206 2120; x_wconf 91' lang='lat' dir='ltr'><strong>alii</strong></span> <span class='ocrx_word' id='word_1_116' title='bbox 1249 2071 1458 2122; x_wconf 90' lang='lat' dir='ltr'><strong>autem</strong></span> <span class='ocrx_word' id='word_1_117' title='bbox 1503 2063 1599 2125; x_wconf 79' lang='grc' dir='ltr'><strong>ὅτι</strong></span> <span class='ocrx_word' id='word_1_118' title='bbox 1641 2070 1717 2143; x_wconf 83' lang='grc' dir='ltr'><strong>τῇ</strong></span> <span class='ocrx_word' id='word_1_119' title='bbox 1751 2063 1936 2126; x_wconf 71' lang='grc' dir='ltr'><em>Ἴσιδι</em></span> 
     </span>
     <span class='ocr_line' id='line_1_19' title="bbox 137 2159 1933 2244; baseline 0.001 -21"><span class='ocrx_word' id='word_1_120' title='bbox 137 2167 222 2231; x_wconf 76' lang='grc' dir='ltr'><strong>εἷς</strong></span> <span class='ocrx_word' id='word_1_121' title='bbox 276 2165 443 2242; x_wconf 86' lang='grc' dir='ltr'><em>βοῦν</em></span> <span class='ocrx_word' id='word_1_122' title='bbox 498 2162 963 2243; x_wconf 73' lang='grc' dir='ltr'><em>μεταβληθείσῃ</em></span> <span class='ocrx_word' id='word_1_123' title='bbox 1033 2165 1218 2224; x_wconf 77' lang='grc' dir='ltr'><em>ἐκεῖσε</em></span> <span class='ocrx_word' id='word_1_124' title='bbox 1275 2164 1505 2231; x_wconf 80' lang='grc' dir='ltr'><em>πολλὰς</em></span> <span class='ocrx_word' id='word_1_125' title='bbox 1559 2159 1841 2244; x_wconf 76' lang='grc' dir='ltr'><em>βοτάνας</em></span> <span class='ocrx_word' id='word_1_126' title='bbox 1893 2162 1933 2240; x_wconf 80' lang='grc' dir='ltr'><em>ἦ</em></span> 
     </span>
     <span class='ocr_line' id='line_1_20' title="bbox 136 2261 1932 2347; baseline -0.002 -24"><span class='ocrx_word' id='word_1_127' title='bbox 136 2269 215 2347; x_wconf 79' lang='grc' dir='ltr'><strong>γῆ</strong></span> <span class='ocrx_word' id='word_1_128' title='bbox 262 2261 598 2342; x_wconf 79' lang='grc' dir='ltr'><em>ἐβλάστησε</em></span> <span class='ocrx_word' id='word_1_129' title='bbox 642 2261 853 2337; x_wconf 87' lang='lat' dir='ltr'><strong>Etym.</strong></span> <span class='ocrx_word' id='word_1_130' title='bbox 898 2262 982 2321; x_wconf 87' lang='lat' dir='ltr'><strong>M.</strong></span> <span class='ocrx_word' id='word_1_131' title='bbox 1027 2280 1074 2322; x_wconf 87' lang='lat' dir='ltr'><strong>s.</strong></span> <span class='ocrx_word' id='word_1_132' title='bbox 1118 2264 1381 2342; x_wconf 80' lang='grc' dir='ltr'><em>Εὔβοια.</em></span> <span class='ocrx_word' id='word_1_133' title='bbox 1470 2261 1718 2321; x_wconf 84' lang='lat' dir='ltr'><strong>Deinde</strong></span> <span class='ocrx_word' id='word_1_134' title='bbox 1763 2261 1932 2321; x_wconf 81' lang='lat' dir='ltr'><strong>Stra-</strong></span> 
     </span>
     <span class='ocr_line' id='line_1_21' title="bbox 137 2359 1933 2442; baseline 0.003 -22"><span class='ocrx_word' id='word_1_135' title='bbox 137 2362 220 2420; x_wconf 92' lang='lat' dir='ltr'><strong>bo</strong></span> <span class='ocrx_word' id='word_1_136' title='bbox 277 2359 355 2420; x_wconf 93' lang='lat' dir='ltr'><strong>X.</strong></span> <span class='ocrx_word' id='word_1_137' title='bbox 413 2361 471 2421; x_wconf 88' lang='lat'><strong>9.</strong></span> <span class='ocrx_word' id='word_1_138' title='bbox 527 2371 776 2421; x_wconf 90' lang='lat' dir='ltr'><strong>antrum</strong></span> <span class='ocrx_word' id='word_1_139' title='bbox 831 2362 1145 2442; x_wconf 85' lang='lat' dir='ltr'><strong>quoddam</strong></span> <span class='ocrx_word' id='word_1_140' title='bbox 1202 2362 1497 2421; x_wconf 86' lang='lat' dir='ltr'><strong>Euboeae</strong></span> <span class='ocrx_word' id='word_1_141' title='bbox 1553 2363 1719 2432; x_wconf 86' lang='grc' dir='ltr'><em>Βοὸς</em></span> <span class='ocrx_word' id='word_1_142' title='bbox 1776 2360 1933 2441; x_wconf 81' lang='grc' dir='ltr'><em>αὐλή</em></span> 
     </span>
     <span class='ocr_line' id='line_1_22' title="bbox 135 2461 1933 2543; baseline -0.001 -20"><span class='ocrx_word' id='word_1_143' title='bbox 135 2470 429 2524; x_wconf 85' lang='lat' dir='ltr'><strong>vocatum</strong></span> <span class='ocrx_word' id='word_1_144' title='bbox 470 2461 664 2520; x_wconf 88' lang='lat' dir='ltr'><strong>refert</strong></span> <span class='ocrx_word' id='word_1_145' title='bbox 675 2489 717 2534; x_wconf 50' lang='lat'><strong>‚⁴</strong></span> <span class='ocrx_word' id='word_1_146' title='bbox 752 2461 920 2542; x_wconf 90' lang='lat' dir='ltr'><strong>quod</strong></span> <span class='ocrx_word' id='word_1_147' title='bbox 962 2463 1030 2522; x_wconf 95' lang='lat' dir='ltr'><strong>Io</strong></span> <span class='ocrx_word' id='word_1_148' title='bbox 1074 2463 1165 2522; x_wconf 92' lang='lat' dir='ltr'><strong>ibi</strong></span> <span class='ocrx_word' id='word_1_149' title='bbox 1208 2463 1541 2543; x_wconf 86' lang='lat' dir='ltr'><strong>Epaphum</strong></span> <span class='ocrx_word' id='word_1_150' title='bbox 1597 2463 1782 2521; x_wconf 86' lang='lat' dir='ltr'><strong>enixa</strong></span> <span class='ocrx_word' id='word_1_151' title='bbox 1840 2479 1933 2522; x_wconf 86' lang='lat' dir='ltr'><strong>es-</strong></span> 
     </span>
     <span class='ocr_line' id='line_1_23' title="bbox 135 2562 1935 2644; baseline 0.001 -22"><span class='ocrx_word' id='word_1_152' title='bbox 135 2571 249 2637; x_wconf 79' lang='lat' dir='ltr'><strong>set,</strong></span> <span class='ocrx_word' id='word_1_153' title='bbox 292 2562 550 2622; x_wconf 89' lang='lat' dir='ltr'><strong>minime</strong></span> <span class='ocrx_word' id='word_1_154' title='bbox 574 2563 827 2640; x_wconf 88' lang='lat' dir='ltr'><strong>ignarus</strong></span> <span class='ocrx_word' id='word_1_155' title='bbox 870 2563 938 2622; x_wconf 91' lang='lat' dir='ltr'><strong>in</strong></span> <span class='ocrx_word' id='word_1_156' title='bbox 982 2562 1269 2622; x_wconf 88' lang='lat' dir='ltr'><strong>omnibus</strong></span> <span class='ocrx_word' id='word_1_157' title='bbox 1314 2565 1493 2623; x_wconf 88' lang='lat' dir='ltr'><strong>terris</strong></span> <span class='ocrx_word' id='word_1_158' title='bbox 1538 2581 1757 2644; x_wconf 84' lang='lat' dir='ltr'><strong>specus</strong></span> <span class='ocrx_word' id='word_1_159' title='bbox 1802 2581 1935 2622; x_wconf 91' lang='lat' dir='ltr'><strong>am-</strong></span> 
     </span>
     <span class='ocr_line' id='line_1_24' title="bbox 134 2659 1932 2745; baseline 0.001 -23"><span class='ocrx_word' id='word_1_160' title='bbox 134 2663 367 2745; x_wconf 89' lang='lat' dir='ltr'><strong>pliores</strong></span> <span class='ocrx_word' id='word_1_161' title='bbox 391 2659 663 2745; x_wconf 81' lang='grc' dir='ltr'><em>βοαύλια</em></span> <span class='ocrx_word' id='word_1_162' title='bbox 696 2661 938 2743; x_wconf 89' lang='lat' dir='ltr'><strong>(Bauli)</strong></span> <span class='ocrx_word' id='word_1_163' title='bbox 984 2674 1047 2724; x_wconf 91' lang='lat' dir='ltr'><strong>et</strong></span> <span class='ocrx_word' id='word_1_164' title='bbox 1081 2682 1217 2724; x_wconf 87' lang='lat' dir='ltr'><strong>esse</strong></span> <span class='ocrx_word' id='word_1_165' title='bbox 1262 2675 1326 2723; x_wconf 89' lang='lat' dir='ltr'><strong>et</strong></span> <span class='ocrx_word' id='word_1_166' title='bbox 1350 2666 1661 2725; x_wconf 89' lang='lat' dir='ltr'><strong>nominari</strong></span> <span class='ocrx_word' id='word_1_167' title='bbox 1691 2660 1787 2745; x_wconf 62' lang='grc' dir='ltr'><strong>[Ἴ.</strong></span> <span class='ocrx_word' id='word_1_168' title='bbox 1832 2665 1932 2723; x_wconf 85' lang='lat' dir='ltr'><strong>in-</strong></span> 
     </span>
     <span class='ocr_line' id='line_1_25' title="bbox 138 2762 1930 2851; baseline -0.001 -27"><span class='ocrx_word' id='word_1_169' title='bbox 138 2763 338 2824; x_wconf 80' lang='lat' dir='ltr'><strong>sulam</strong></span> <span class='ocrx_word' id='word_1_170' title='bbox 395 2773 602 2823; x_wconf 85' lang='lat' dir='ltr'><strong>autem</strong></span> <span class='ocrx_word' id='word_1_171' title='bbox 659 2765 863 2844; x_wconf 83' lang='lat' dir='ltr'><strong>ipsam</strong></span> <span class='ocrx_word' id='word_1_172' title='bbox 920 2767 1208 2848; x_wconf 79' lang='grc' dir='ltr'><em>Εὔβοιαν</em></span> <span class='ocrx_word' id='word_1_173' title='bbox 1266 2774 1327 2823; x_wconf 82' lang='lat' dir='ltr'><strong>et</strong></span> <span class='ocrx_word' id='word_1_174' title='bbox 1387 2762 1778 2851; x_wconf 75' lang='grc' dir='ltr'><em>ἅργιβόειον,</em></span> <span class='ocrx_word' id='word_1_175' title='bbox 1850 2762 1930 2823; x_wconf 87' lang='lat' dir='ltr'><strong>ob</strong></span> 
     </span>
     <span class='ocr_line' id='line_1_26' title="bbox 140 2863 1930 2947; baseline -0.001 -24"><span class='ocrx_word' id='word_1_176' title='bbox 140 2873 559 2924; x_wconf 87' lang='lat' dir='ltr'><strong>armentorum</strong></span> <span class='ocrx_word' id='word_1_177' title='bbox 603 2863 1069 2927; x_wconf 88' lang='lat' dir='ltr'><strong>multitudinem</strong></span> <span class='ocrx_word' id='word_1_178' title='bbox 1129 2876 1191 2927; x_wconf 90' lang='lat' dir='ltr'><strong>et</strong></span> <span class='ocrx_word' id='word_1_179' title='bbox 1248 2866 1518 2947; x_wconf 86' lang='lat' dir='ltr'><strong>speciem</strong></span> <span class='ocrx_word' id='word_1_180' title='bbox 1574 2883 1635 2926; x_wconf 89' lang='lat' dir='ltr'><strong>v.</strong></span> <span class='ocrx_word' id='word_1_181' title='bbox 1690 2864 1930 2925; x_wconf 89' lang='lat' dir='ltr'><strong>Aeliau.</strong></span> 
     </span>
    </p>
   </div>
   <div class='ocr_carea' id='block_1_4' title="bbox 116 2961 1932 3044">
    <p class='ocr_par' dir='ltr' id='par_1_4' title="bbox 116 2961 1932 3044">
     <span class='ocr_line' id='line_1_27' title="bbox 116 2961 1932 3044; baseline 0.002 -21"><span class='ocrx_word' id='word_1_182' title='bbox 116 2961 222 3023; x_wconf 89' lang='lat' dir='ltr'><strong>H.</strong></span> <span class='ocrx_word' id='word_1_183' title='bbox 278 2962 394 3023; x_wconf 89' lang='lat' dir='ltr'><strong>An.</strong></span> <span class='ocrx_word' id='word_1_184' title='bbox 454 2963 591 3025; x_wconf 86' lang='lat' dir='ltr'><strong>XII.</strong></span> <span class='ocrx_word' id='word_1_185' title='bbox 650 2965 751 3025; x_wconf 85' lang='lat'><strong>36.</strong></span> <span class='ocrx_word' id='word_1_186' title='bbox 812 2965 1117 3044; x_wconf 85' lang='lat' dir='ltr'><strong>Arguram</strong></span> <span class='ocrx_word' id='word_1_187' title='bbox 1175 2965 1470 3027; x_wconf 91' lang='lat' dir='ltr'><strong>Euboeae</strong></span> <span class='ocrx_word' id='word_1_188' title='bbox 1525 2966 1732 3026; x_wconf 88' lang='lat' dir='ltr'><strong>locum</strong></span> <span class='ocrx_word' id='word_1_189' title='bbox 1790 2965 1932 3026; x_wconf 88' lang='lat' dir='ltr'><strong>Ste-</strong></span> 
     </span>
    </p>
   </div>
   <div class='ocr_carea' id='block_1_5' title="bbox 284 3132 1931 3194">
    <p class='ocr_par' dir='ltr' id='par_1_5' title="bbox 284 3132 1931 3194">
     <span class='ocr_line' id='line_1_28' title="bbox 284 3132 1931 3194; baseline 0.004 -19"><span class='ocrx_word' id='word_1_190' title='bbox 284 3132 334 3190; x_wconf 69' lang='lat'><strong>⁸²]</strong></span> <span class='ocrx_word' id='word_1_191' title='bbox 380 3132 600 3178; x_wconf 84' lang='lat' dir='ltr'><strong>Plutarch.</strong></span> <span class='ocrx_word' id='word_1_192' title='bbox 630 3135 813 3181; x_wconf 84' lang='lat' dir='ltr'><strong>Daedal.</strong></span> <span class='ocrx_word' id='word_1_193' title='bbox 855 3135 1032 3194; x_wconf 86' lang='lat' dir='ltr'><strong>Fragm.</strong></span> <span class='ocrx_word' id='word_1_194' title='bbox 1077 3138 1159 3181; x_wconf 92' lang='grc' dir='ltr'><strong>ΙΙΙ.</strong></span> <span class='ocrx_word' id='word_1_195' title='bbox 1198 3138 1298 3181; x_wconf 81' lang='grc'><strong>288.</strong></span> <span class='ocrx_word' id='word_1_196' title='bbox 1359 3136 1526 3181; x_wconf 81' lang='lat' dir='ltr'><strong>Macris</strong></span> <span class='ocrx_word' id='word_1_197' title='bbox 1560 3136 1743 3181; x_wconf 76' lang='lat' dir='ltr'><strong>Iunonis</strong></span> <span class='ocrx_word' id='word_1_198' title='bbox 1781 3137 1931 3181; x_wconf 81' lang='lat' dir='ltr'><strong>nutrix</strong></span> 
     </span>
    </p>
   </div>
   <div class='ocr_carea' id='block_1_6' title="bbox 141 3131 1927 3293">
    <p class='ocr_par' dir='ltr' id='par_1_6' title="bbox 141 3131 1927 3293">
     <span class='ocr_line' id='line_1_29' title="bbox 141 3131 1927 3293; baseline 0.004 -60"><span class='ocrx_word' id='word_1_199' title='bbox 141 3131 295 3292; x_wconf 42' lang='lat' dir='ltr'><strong>32:31¹)AE⁸2</strong></span> <span class='ocrx_word' id='word_1_200' title='bbox 319 3191 428 3293; x_wconf 48' lang='lat'><strong>5331.</strong></span> <span class='ocrx_word' id='word_1_201' title='bbox 459 3192 611 3238; x_wconf 73' lang='lat' dir='ltr'><strong>Boeot-</strong></span> <span class='ocrx_word' id='word_1_202' title='bbox 640 3209 682 3238; x_wconf 82' lang='lat' dir='ltr'><strong>v.</strong></span> <span class='ocrx_word' id='word_1_203' title='bbox 713 3191 785 3238; x_wconf 73' lang='lat'><strong>42.</strong></span> <span class='ocrx_word' id='word_1_204' title='bbox 818 3196 934 3252; x_wconf 85' lang='lat' dir='ltr'><strong>quod</strong></span> <span class='ocrx_word' id='word_1_205' title='bbox 962 3211 1188 3254; x_wconf 81' lang='lat' dir='ltr'><strong>perperam</strong></span> <span class='ocrx_word' id='word_1_206' title='bbox 1220 3200 1352 3253; x_wconf 80' lang='lat' dir='ltr'><strong>negat</strong></span> <span class='ocrx_word' id='word_1_207' title='bbox 1376 3195 1622 3254; x_wconf 76' lang='lat' dir='ltr'><strong>spanheim.</strong></span> <span class='ocrx_word' id='word_1_208' title='bbox 1653 3196 1711 3240; x_wconf 85' lang='lat' dir='ltr'><strong>ad</strong></span> <span class='ocrx_word' id='word_1_209' title='bbox 1730 3195 1845 3241; x_wconf 78' lang='lat' dir='ltr'><strong>Call.</strong></span> <span class='ocrx_word' id='word_1_210' title='bbox 1867 3195 1927 3241; x_wconf 88' lang='grc' dir='ltr'><strong>Η.</strong></span> 
     </span>
    </p>
   </div>
   <div class='ocr_carea' id='block_1_7' title="bbox 144 3326 1926 3450">
    <p class='ocr_par' dir='ltr' id='par_1_7' title="bbox 144 3326 1926 3450">
     <span class='ocr_line' id='line_1_30' title="bbox 261 3326 1926 3388; baseline 0.003 -16"><span class='ocrx_word' id='word_1_211' title='bbox 261 3326 337 3383; x_wconf 73' lang='lat' dir='ltr'><strong>[b]</strong></span> <span class='ocrx_word' id='word_1_212' title='bbox 385 3333 541 3387; x_wconf 86' lang='grc' dir='ltr'><em>Βοῦρα</em></span> <span class='ocrx_word' id='word_1_213' title='bbox 570 3358 628 3367; x_wconf 88' lang='lat'><em>-</em></span> <span class='ocrx_word' id='word_1_214' title='bbox 662 3330 901 3388; x_wconf 74' lang='grc' dir='ltr'><em>βοόστασις</em></span> <span class='ocrx_word' id='word_1_215' title='bbox 930 3334 1098 3378; x_wconf 84' lang='lat' dir='ltr'><strong>Gallim.</strong></span> <span class='ocrx_word' id='word_1_216' title='bbox 1132 3336 1189 3379; x_wconf 90' lang='lat' dir='ltr'><strong>H.</strong></span> <span class='ocrx_word' id='word_1_217' title='bbox 1223 3335 1320 3379; x_wconf 89' lang='lat' dir='ltr'><strong>Del.</strong></span> <span class='ocrx_word' id='word_1_218' title='bbox 1355 3334 1453 3379; x_wconf 81' lang='lat'><strong>102.</strong></span> <span class='ocrx_word' id='word_1_219' title='bbox 1494 3334 1717 3381; x_wconf 82' lang='lat' dir='ltr'><strong>Euboeam</strong></span> <span class='ocrx_word' id='word_1_220' title='bbox 1758 3334 1926 3385; x_wconf 83' lang='lat' dir='ltr'><strong>Lemni,</strong></span> 
     </span>
     <span class='ocr_line' id='line_1_31' title="bbox 144 3386 1537 3450; baseline 0.007 -23"><span class='ocrx_word' id='word_1_221' title='bbox 144 3386 387 3442; x_wconf 80' lang='lat' dir='ltr'><strong>Corcyrae,</strong></span> <span class='ocrx_word' id='word_1_222' title='bbox 429 3389 648 3443; x_wconf 75' lang='lat' dir='ltr'><strong>Argolidio</strong></span> <span class='ocrx_word' id='word_1_223' title='bbox 689 3392 788 3446; x_wconf 86' lang='lat' dir='ltr'><strong>(ubi</strong></span> <span class='ocrx_word' id='word_1_224' title='bbox 818 3393 1033 3437; x_wconf 81' lang='lat' dir='ltr'><strong>Heraeum</strong></span> <span class='ocrx_word' id='word_1_225' title='bbox 1065 3394 1171 3450; x_wconf 80' lang='lat' dir='ltr'><strong>suit)</strong></span> <span class='ocrx_word' id='word_1_226' title='bbox 1212 3394 1333 3437; x_wconf 74' lang='lat' dir='ltr'><strong>novit</strong></span> <span class='ocrx_word' id='word_1_227' title='bbox 1361 3393 1537 3438; x_wconf 79' lang='lat' dir='ltr'><strong>Strabo.</strong></span> 
     </span>
    </p>
   </div>
  </div>
 </body>
</html>
