2150 3814
228 201 392 263 1294
803 211 1028 257 LIBER
1085 210 1422 255 ‘rnn'rms

228 346 567 407 Homerum
625 341 959 400 decernunt
1017 341 1299 400 homines
1345 342 1747 420 elegantiores
1791 341 2009 404 adver-

227 466 330 507 sus
384 442 815 505 Delambrium
884 450 955 498 et
1014 439 1529 516 Schaubachium,
1586 445 1690 522 qui
1745 443 2012 503 Graecos

227 548 522 628 sphaerae
565 542 850 600 notitiam
893 540 1091 599 multo
1135 551 1280 621 post
1319 536 1676 601 'Homerum
1734 553 2015 624 tempore

227 648 460 725 cepisse
515 641 638 702 sibi
694 647 1149 721 persuaserunt.
1239 639 1396 698 Sunt
1439 643 1626 700 etiam
1674 645 1780 722 qui
1824 663 2015 702 annu-

228 748 320 804 los
367 742 824 804 samothracios
882 738 963 799 ad
1019 742 1317 816 mysteria
1369 741 1636 799 referant
1694 762 1922 823 eosque
1979 763 2016 802 a

229 843 650 904 sacerdotibus
718 839 798 900 ad
856 837 1437 920 obstupefaciendos
1492 851 1867 919 spectatores
1924 843 2015 902 fa-

229 945 494 1006 bricatos
539 951 792 1022 putent3
838 940 1003 1021 quod
1046 942 1170 1000 illis
1216 940 1685 1000 ariolationibus
1729 942 2017 1020 probabi-

229 1047 378 1119 liuS‚
449 1054 716 1104 ceterum
783 1061 821 1101 a
888 1041 1059 1100 nullo
1129 1052 1410 1104 veterum
1471 1050 1777 1115 testatum
1820 1053 1911 1101 est
1927 1040 2018 1120 [¹5].

227 1145 345 1205 His
389 1163 579 1204 unum
625 1154 718 1204 est
760 1142 927 1224 quod
972 1141 1259 1219 adjiciam
1301 1141 1548 1201 Libanii
1592 1128 2020 1202 testimonium

228 1245 347 1304 Pro
391 1245 706 1324 Aristoph.
751 1263 810 1323 p.
854 1242 1000 1303 447.
1045 1241 1114 1300 T.
1158 1242 1212 1300 Ι.γ
1247 1239 1447 1305 πόσου
1491 1244 1623 1305 ποτ’
1657 1241 1741 1306 ἂν
1765 1242 2017 1325 ἐπρίατο

229 1342 539 1428 Γεώργιος
583 1342 964 1424 (episcopus)
1009 1345 1235 1411 ἐκεῖνος
1279 1344 1753 1421 αὐτομολοῦντα
1793 1351 2020 1408 τοῦτον

230 1444 389 1508 ἰδεῖν
443 1443 550 1506 καὶ
605 1440 840 1506 στάντα
899 1442 998 1504 ἐπὶ
1050 1449 1163 1503 τοῦ
1219 1439 1535 1522 βήματος,
1593 1442 1750 1506 ὅθεν
1806 1447 2022 1508 ἐκεῖνοι

229 1544 342 1614 τὰς
389 1550 587 1629 γραῦς
643 1543 1166 1628 δημαγωγοῦσιν,
1232 1545 1485 1612 ἐξειπεῖν
1541 1543 1646 1604 καὶ
1701 1541 2022 1626 διασύρειν

230 1645 309 1708 τὰ
354 1642 669 1726 ἄπόρῤητα
702 1650 832 1706 τῶν
867 1640 1214 1724 δαιμόνων,
1259 1642 1339 1704 τὰ
1381 1650 1490 1712 τῦς
1526 1643 1868 1719 'hova-113(
1906 1651 2019 1707 τοῦ

230 1745 485 1818 παιδὸς,
553 1745 635 1808 τὰ
707 1742 1073 1826 Καβείρων,
1143 1742 1223 1805 τὰ
1290 1740 1634 1828 Δήμητρος.
1705 1743 1871 1805 unde
1929 1745 2022 1804 in-

229 1846 522 1923 telligitur
570 1842 938 1903 Cabirorum
993 1861 1168 1902 sacra
1222 1861 1420 1921 usque
1465 1844 1548 1904 ad
1589 1845 1740 1905 haec
1781 1856 2026 1926 tempo-

229 1965 300 2006 ra
356 1943 754 2024 perdurasse3
812 1961 934 2022 quo
990 1942 1160 2015 loco,
1216 1961 1343 2000 non
1399 1954 1656 2004 constat.
1757 1943 2021 2019 Quando

230 2045 544 2124 coeperint
598 2045 774 2122 prius
818 2044 883 2099 in
925 2044 1080 2120 ipsis
1137 2043 1320 2119 hujus
1365 2042 1805 2123 disputationis
1850 2065 2026 2106 exor-

232 2144 352 2204 diis
410 2143 736 2216 dixissem,
790 2142 847 2201 si
901 2142 1058 2199 mihi
1095 2159 1192 2200 res
1239 2142 1562 2221 explorata
1605 2131 1823 2212 esset(
1861 2144 2025 2217 Vos-

230 2247 359 2305 ⁴sius
404 2242 675 2323 quidem,
720 2243 893 2320 cujus
929 2240 1168 2319 judicio
1213 2243 1548 2322 plurimum
1594 2244 1821 2319 tribuo,
1867 2247 2028 2317 circa

231 2343 496 2404 Hesiodi
565 2354 848 2423 tempora
906 2344 1182 2402 extitisse
1239 2353 1448 2422 putat:
1510 2345 1598 2404 In
1650 2345 2024 2407 Hesiod’s

234 2445 685 2522 Theogonie
762 2446 871 2500 ist
941 2441 1109 2501 dem
1179 2442 1520 2504 Kadmos
1589 2444 2025 2522 Harmonia

233 2545 368 2604 der
436 2543 734 2623 Kypr-is
803 2540 953 2600 und
1023 2540 1161 2602 des
1218 2543 1411 2603 Ares
1471 2544 1819 2607 Tochter·
1860 2566 2022 2608 ver-

233 2644 499 2704 mahlt.
623 2642 997 2702 Damahls
1074 2642 1346 2702 hatten
1426 2644 1820 2717 Foeniker
1885 2648 2024 2706 mit

234 2742 938 2804 meerh‘andelnden
996 2742 1384 2818 Grhiechen
1440 2765 1674 2824 gegen
1718 2745 1842 2806 die
1889 2748 2021 2807 Ge-

234 2845 507 2904 fahren
577 2842 710 2902 der
778 2843 1299 2904 Pontosfarth
1368 2847 1540 2905 eine
1607 2845 1876 2907 Weihe
1943 2851 2020 2907 in

238 2943 760 3006 Samothrake
816 2941 1296 3026 gesti-ftet[¹].
1341 2983 1426 2992 —
1481 2936 2021 3007 Wahrschein-

355 3123 430 3180 [k]
475 3124 622 3182 Etym.
654 3126 717 3169 M.
747 3125 849 3170 573.
881 3127 949 3172 13.
1007 3131 1246 3186 Μαγνῗτις
1274 3131 1473 3172 καλεῖται
1498 3126 1740 3189 ἸΙράκλεια
1771 3126 1886 3173 διότι
1913 3133 2021 3207 περὶ

143 3222 146 3224 ,
231 3181 501 3245 Ἡράκλειαν
527 3187 760 3245 τοπρῶτον
788 3183 960 3244 ἐφάνη·
1001 3187 1046 3230 οἱ
1079 3187 1168 3244 μὲν
1205 3189 1314 3248 περὶ
1353 3184 1436 3241 τὴν
1474 3186 1525 3230 ἐν
1562 3184 1725 3245 Πόντῳ
1763 3190 1929 3246 φασὶν,
1975 3205 2020 3233 οι

237 3244 286 3288 δὲ
317 3244 423 3301 περὶ
451 3242 533 3298 τὴν
561 3245 612 3288 ἐν
640 3241 942 3304 Σαμοθρᾴκῃ.
1001 3246 1092 3287 Sed
1121 3250 1164 3288 et
1193 3246 1275 3289 hoc
1303 3246 1516 3289 infirmum
1551 3252 1619 3289 est.
1657 3261 1803 3304 neque¹
1837 3248 2017 3291 annulos

232 3302 556 3346 Samothracios
585 3303 631 3344 in
659 3303 801 3346 insula
830 3304 1132 3347 Samothracia
1161 3306 1400 3348 fabricatos
1429 3318 1523 3347 esse
1553 3311 1736 3350 constat.

351 3359 386 3415 [¹
409 3362 425 3416 ]
474 3361 711 3404 Phoenices
740 3367 1000 3406 mercatores
1029 3364 1372 3407 Samothraciam
1402 3365 1699 3420 frequentasse
1739 3364 1911 3407 creditu
1945 3364 2014 3407 fa-
