2150 3814
710 236 1320 309 ‚sAmojrnnAcm
1752 223 1916 285 1129

132 394 420 439 sensuros
463 372 759 442 arbitror,
802 369 857 428 si
903 364 1223 427 Cretenses
1265 365 1601 448 antiquitus
1644 363 1917 443 Cybelae

134 498 307 539 sacra
361 474 798 556 suscepissent,
861 476 1187 547 nugatores
1242 467 1386 526 illos
1440 484 1567 526 non
1622 469 1918 528 exstructi

135 598 173 637 a
217 575 539 637 Titanibus
596 569 816 650 templi
857 567 1082 628 rudera
1134 566 1404 629 evanida
1429 565 1558 627 ,sed
1613 586 1753 627 aras
1805 586 1918 649 pu-

132 677 288 736 blice
331 673 644 733 dedicatas
659 714 679 745 ,
735 668 993 730 delubra
1034 671 1271 746 integra
1313 668 1556 747 aliaque
1599 686 1917 727 sacrorum

132 774 511 852 monimenta
568 773 762 832 fuisse
821 771 1190 850 prolaturos.
1293 767 1575 828 Secundo
1629 767 1795 828 Latii
1856 775 1920 826 et

132 873 368 933 Olontii
421 874 492 951 in
531 871 782 933 foedere
815 869 1085 949 jurando
1132 867 1425 930 Curetum
1484 879 1547 927 et
1582 865 1921 945 ,Coryban-

127 983 262 1033 tum
314 975 573 1033 numina
624 973 1045 1032 testificantur.
1146 969 1408 1041 Fateor,
1469 967 1581 1027 sed
1634 987 1710 1026 eo
1766 977 1921 1029 tem-

127 1093 309 1154 pore,
355 1092 478 1153 quo
515 1074 652 1151 jam
698 1073 805 1133 diu
848 1073 1310 1131 inveteraverat
1354 1068 1567 1147 opinio
1613 1064 1921 1128 Cretensi-

127 1174 241 1233 bus
298 1172 647 1253 plausibilis
717 1180 780 1230 et
846 1171 1146 1248 gloriosa,
1202 1166 1430 1230 Jovem
1485 1168 1552 1226 in
1607 1166 1757 1227 Idae
1813 1177 1922 1228 aut

125 1274 348 1333 Dictae
393 1271 663 1353 quodam
707 1279 884 1351 antro
930 1269 1259 1330 educatum
1308 1280 1487 1328 -esse.·
1570 1267 1707 1346 *Sed
1761 1269 1921 1329 hanc

124 1377 329 1455 ipsam
375 1375 735 1454 opinionem
779 1373 978 1432 multo
1037 1381 1181 1431 ante
1234 1367 1586 1430 Hesiodum
1644 1371 1923 1450 coepisse

123 1484 304 1554 negat
347 1473 637 1547 VossiuS,
693 1492 805 1533 nec
847 1472 1187 1554 quidquam
1247 1480 1459 1530 contra
1514 1468 1637 1528 dici
1692 1478 1921 1550 potest,

125 1577 247 1635 nisi
291 1576 427 1655 quis
471 1593 647 1634 suam
692 1575 1078 1655 antiquitatis
1124 1573 1582 1643 conscientiam,
1627 1588 1808 1630 suum
1841 1569 1920 1629 de

125 1677 389 1739 vetustis
432 1674 828 1753 religionibus
871 1693 1120 1735 sensum
1176 1673 1519 1750 argumenti
1572 1671 1766 1729 instar
1809 1689 1923 1732 va-

124 1777 253 1835 lere
295 1775 450 1837 velit
493 1785 603 1834 aut
644 1793 718 1833 eo
765 1775 1094 1852 confugiat,
1137 1782 1207 1831 ut
1252 1772 1541 1843 GraecoS,
1592 1769 1761 1849 quod
1805 1771 1923 1829 ali-

123 1874 373 1957 quando
418 1873 819 1948 crediderint,
874 1892 1196 1954 nunquam
1253 1891 1379 1931 non
1436 1869 1770 1931 credidisse
1827 1870 1919 1930 af-

123 1978 340 2036 firmet.
426 1974 657 2036 Verum
701 1975 818 2035 hoc
861 1974 1031 2035 dictu
1076 1972 1414 2033 absurdum
1458 1972 1638 2032 foret.
1707 1971 1921 2031 Potest

125 2086 197 2136 ut
240 2074 562 2136 Cretenses
604 2075 828 2156 perdiu
871 2074 1095 2136 Jovem
1153 2072 1456 2134 cantando
1516 2083 1579 2133 et
1634 2071 1919 2139 saltando

129 2177 430 2235 coluerint
484 2185 815 2256 antequam
885 2176 996 2235 ulli
1046 2193 1263 2234 eorum
1317 2177 1382 2232 in
1426 2182 1699 2233 mentem
1748 2174 1920 2232 veni-

17 2287 20 2363 ᾖ
126 2286 222 2336 ret
265 2295 557 2355 quaerere
599 2294 720 2355 quo
766 2276 902 2335 loco
947 2276 1053 2334 ille
1096 2284 1278 2334 natus
1323 2276 1420 2333 sit.
1509 2274 1594 2332 Et
1637 2273 1755 2332 hoc
1798 2282 1922 2332 sta-

18 2393 21 2463 ζ
126 2377 304 2437 bilito
370 2394 493 2435 non
550 2394 796 2436 necesse
853 2386 945 2435 est
1001 2396 1034 2433 e
1096 2376 1357 2452 vestigio
1411 2372 1693 2432 fabulam
1744 2373 1920 2431 illam

18 2493 21 2545 ῥ
125 2476 204 2536 de
249 2473 546 2536 Curetum
589 2476 844 2536 salutari
899 2477 1243 2535 ministerio
1300 2476 1622 2535 inventam
1680 2483 1741 2532 et
1801 2472 1922 2532 sal-

19 2591 20 2594 ’
122 2577 459 2639 tationibus
502 2576 882 2638 solemnibus
927 2574 1459 2636 accommodatam
1505 2592 1667 2648 esse3
1733 2592 1922 2654 quam

125 2678 403 2740 fabulam
484 2676 801 2739 Hesiodus
885 2676 1138 2757 quidem
1230 2678 1295 2735 in
1377 2676 1633 2755 copiosa
1710 2692 1921 2733 narra-

130 2779 299 2838 tione
340 2798 419 2838 ne
463 2777 658 2840 verbo
715 2777 964 2859 quidem
1020 2779 1232 2856 tangit.
1321 2774 1527 2848 Quare
1582 2794 1695 2834 nec
1749 2774 1920 2852 Hey÷

129 2878 218 2936 nii
251 2878 555 2956 iudicium
581 2896 586 2907 ·’
598 2878 797 2959 probo
840 2881 908 2939 in
953 2875 1189 2939 Comm.
1236 2876 1313 2936 de
1337 2874 1734 2953 religionibus
1780 2894 1921 2936 cum

130 2976 337 3037 furore
376 2981 643 3059 peractis
698 2999 761 3061 p.
806 2980 865 3040 6.
923 2978 992 3042 Τ.
1036 2979 1198 3039 VIII.
1268 2978 1349 3037 fu
1362 2978 1383 3035 i
1397 2985 1423 3035 t
1481 2994 1573 3055 ap
1586 2995 1628 3035 u
1643 2975 1684 3035 d
1743 2973 1921 3042 Cre—,

132 3084 395 3139 tenses
438 3098 662 3141 sacru
680 3100 745 3141 m
790 3082 1195 3162 antiquum
1240 3078 1533 3155 insigni
1588 3076 1921 3155 religio-

131 3194 223 3234 ne
265 3179 417 3239 coli
472 3182 832 3256 solitum,
886 3200 1034 3263 quo
1090 3178 1528 3258 symbolico
1585 3174 1748 3236 r'itu
1805 3196 1920 3236 re-

135 3346 403 3446 nptritus.
463 3350 533 3392 Hi
572 3351 819 3397 cnosson
851 3353 1158 3396 condidere
1190 3356 1242 3393 et
1273 3350 1523 3406 Cybeles
1553 3349 1755 3393 matris
1785 3352 1911 3391 tem-

134 3419 159 3460 p
204 3419 296 3447 um.
