2150 3814
255 217 418 281 1342
821 227 1057 272 LIBER
1115 225 1481 271 TERTJUS.

247 372 374 422 tem
409 362 622 421 literae
678 361 874 440 ipsius
931 361 1395 422 universitatem
1410 404 1427 433 ‚
1497 358 1714 440 quibus
1770 357 2020 436 subjun-

247 466 335 542 git
389 479 601 521 eorum
655 460 1054 532 sententiam,
1114 461 1223 539 qui
1276 459 1485 542 ψυχήν
1541 463 2022 539 interpretantur

250 564 414 641 ζωὴν
457 557 702 642 νοεράν,
747 558 1042 638 additque
1086 577 1161 618 ex
1205 568 1486 638 quatuor,
1531 558 1762 641 quibus
1794 577 2022 619 nomen

246 660 401 720 illud
445 667 713 732 constat,
770 659 1084 719 elementis
1136 659 1405 737 intelligi·
1455 661 1724 720 animam
1780 666 2024 738 quater-

244 762 485 820 narium
554 778 720 833 esse,
786 778 1119 839 eorumque
1185 759 1627 818 elementorum
1684 767 2026 819 extremum

243 867 320 922 H
341 860 479 920 cubi
505 859 971 919 similitudinem
1004 857 1344 931 ostendere,
1388 861 1658 939 primum
1711 865 1771 921 Ψ
1806 859 2024 938 sphae-

244 979 377 1034 rae3
421 959 756 1019 secundum
790 967 843 1020 Y
870 954 1147 1023 δείκνυσι
1190 960 1304 1038 τὴν
1348 958 1573 1022 οὐσίαν
1615 959 1804 1038 αὐτῆς
1846 958 2022 1020 δυεῖν

243 1083 434 1123 τινων
477 1061 851 1144 ὀρεγομένην
893 1061 998 1122 καὶ
1036 1059 1193 1141 πρὸς
1235 1057 1352 1121 δύο
1395 1058 1736 1145 πράγματα
1779 1059 2024 1121 ἀνατει-

243 1160 544 1240 νομὲνην,
600 1158 786 1237 idque
830 1161 1017 1218 etiam
1078 1178 1116 1216 a
1157 1160 1472 1219 nonnullis
1526 1157 1791 1243 γράμμα
1845 1155 2024 1239 φιλό-

245 1279 446 1339 σοφον
488 1258 805 1336 appellari.
894 1258 1154 1316 Omissis
1211 1259 1425 1317 ceteris
1480 1259 1828 1337 paullulum
1882 1257 2026 1315 reti-

241 1374 501 1415 neamus
544 1357 701 1414 hanc
749 1356 1409 1434 philosophorum
1462 1357 1810 1428 literam,
1866 1356 2025 1416 sicut

243 1457 518 1536 appellat
565 1454 988 1528 Hieronymus
1035 1452 1377 1529 Comment.
1434 1455 1502 1512 in
1555 1455 1718 1517 Eccl.
1772 1472 1834 1532 p.
1877 1454 2024 1514 740.

242 1555 312 1614 T.
357 1557 433 1614 Π.
510 1556 625 1614 Est
680 1563 889 1614 autem
943 1553 1272 1612 notissima
1325 1553 1521 1628 fama,
1580 1552 2025 1633 philosophum

242 1654 522 1715 Samium
576 1656 746 1716 vitae
801 1655 1106 1714 humanae
1173 1668 1424 1713 cursum
1477 1654 1696 1713 literae
1755 1659 1807 1715 Y
1851 1671 2023 1719 com—

237 1773 519 1835 parasse,
577 1753 743 1834 quod
784 1755 850 1812 in
893 1755 1097 1834 prima
1150 1755 1420 1833 pueritia
1472 1755 1748 1817 omnium
1791 1754 2023 1817 eadem

182 1932 186 1935 ¹
239 1863 335 1913 est
375 1854 634 1916 vivendi
674 1856 834 1913 ratio
878 1854 1050 1913 nullo
1096 1852 1297 1913 adhuc
1337 1856 1490 1913 recti
1540 1857 1863 1936 pravique-2
1898 1855 2023 1916 dis-

236 1954 521 2026 crimine,
578 1951 795 2013 adulta
835 1972 985 2015 vero
1029 1962 1233 2012 aetate
1285 1954 1609 2014 hominum
1662 1955 1869 2016 studia
1928 1955 2021 2015 di-

235 2071 488 2112 versum
552 2062 830 2130 aguntur.
941 2050 1130 2129 Cujus
1187 2054 1525 2112 sententiae
1587 2056 1723 2133 quis
1778 2058 2018 2136 primus

234 2153 614 2222 meminerit,
668 2169 890 2230 parum
941 2160 1205 2226 constat3
1262 2156 1367 2232 qui
1422 2153 1571 2213 noti'·
1613 2166 1758 2214 sunt
1809 2164 2016 2229 testes,

231 2249 588 2310 Lactantius
604 2292 621 2321 ‚
677 2250 952 2322 PersiuS,
1008 2250 1301 2325 Virgilius
1357 2255 1385 2331 (
1397 2254 1659 2329 Epigr.)
1700 2270 1740 2311 a
1785 2255 2033 2331 Pytha-.

232 2368 416 2427 gorae
485 2358 686 2407 aetate
739 2349 920 2426 longe
973 2348 1222 2418 distant.
1333 2349 1460 2408 Sed
1513 2351 1783 2427 imagine
1837 2352 2012 2428 bivii,

232 2451 404 2525 cujus
472 2449 866 2507 simulacrum
923 2458 1016 2508 est
1077 2449 1259 2507 litera
1313 2448 1556 2523 Samia,
1613 2451 1811 2512 multo
1868 2462 2011 2513 ante

227 2547 638 2608 humanorum
680 2545 1024 2606 studiorum
1079 2546 1352 2608 divortia
1406 2547 1744 2613 declaravit
1795 2552 2011 2613 Prodi-

231 2666 335 2706 cus
389 2650 458 2707 in
521 2647 909 2709 nobilissimo
965 2646 1310 2726 epimythio
1364 2647 1569 2710 Horis,
1610 2651 1870 2727 insert03
1942 2662 2007 2712 et

230 2746 568 2806 celebratur
611 2766 850 2827 quoque
895 2746 1038 2806 Orci
1079 2747 1318 2808 bivium
1374 2767 1414 2808 a
1461 2754 1773 2812 communi
1826 2771 2003 2813 exor-

229 2843 332 2905 dio
386 2849 454 2906 in
506 2848 778 2907 maxime
829 2847 1106 2908 diversas
1158 2857 1365 2927 partes
1420 2869 1758 2911 excurrens.
1854 2853 2000 2913 Pro-

228 2945 397 3007 culus
438 2949 505 3007 in
544 2947 725 3006 Polit.
768 2967 831 3029 p.
874 2948 1019 3009 372.
1073 2947 1255 3028 δηλοῖ
1292 2949 1362 3012 δὲ
1421 2950 1651 3033 (Plato)
1708 2955 1778 3016 ἐν
1833 2954 1998 3015 Φαί-

226 3044 384 3108 δωνι
431 3048 496 3110 τὸ
541 3050 608 3110 ἐν
642 3054 771 3118 τοῖς
813 3046 1170 3129 οἷποῤῥήτοις
1225 3047 1555 3134 λεγόμενον
1609 3051 1693 3120 ὥς
1750 3054 1818 3116 ἔν
1871 3077 1996 3117 τινι

226 3153 475 3229 φρουρᾷ
518 3145 700 3226 ἐσμὲν
743 3154 885 3233 σιγῇ
927 3146 1242 3232 πρεπούσῃ
1297 3151 1536 3232 σέβων,
1592 3152 1699 3213 καὶ
1739 3151 1851 3222 τὰς
1891 3177 1991 3215 τε-

224 3244 398 3333 λετὰς
461 3247 931 3331 μαρτυρόμενος
997 3256 1127 3312 τῶν
1191 3248 1520 3333 διαφόρων
1585 3251 1810 3332 λήξεων
1881 3261 1990 3332 τῆς

220 3352 423 3424 ψυχῆς
462 3351 929 3432 κεκαθαρμένης
982 3373 1047 3411 τε
1099 3350 1204 3413 καὶ
1258 3350 1627 3435 ἀκαθάρτου
1685 3358 1770 3423 εἰς
1826 3352 1984 3434 ᾅὸυο

1273 3563 1308 3586 Q
