2150 3814
262 182 424 243 1276
805 193 1040 237 menn
1097 193 1460 238 TERTiuS.

254 325 500 385 auditur
514 345 529 399 ;
572 322 682 382 sed
725 322 800 380 de
843 322 958 382 hoc
999 324 1137 403 ipso
1181 324 1514 402 interprete
1556 343 1680 383 non
1714 325 1852 404 plus
1887 344 2023 404 con·

255 435 380 486 stat
435 442 618 503 quam
675 420 742 481 id
804 421 968 500 quod
1010 420 1360 480 Athenaeus
1415 435 1476 482 et
1518 423 1896 503 Porphyrius
1940 434 2025 483 te-

252 533 521 595 stantur,
606 540 747 580 eum
810 519 1088 597 Origines
1156 521 1412 582 Punicas
1480 522 1777 596 edidisse,
1813 512 1823 522 ⁴
1864 524 2026 584 unde

250 643 375 682 non
418 623 689 701 sequitur
731 629 801 679 ut
843 619 1239 697 Theologiam
1283 627 1661 699 cognoverit3
1722 624 1873 684 haec
1917 626 2027 702 igi-

252 734 352 781 tur
408 722 590 780 unius
647 718 900 780 Eusebii
953 715 1099 778 fide'
1127 721 1541 800 periclitatur,
1613 725 1716 802 qui
1771 735 1839 783 ut
1892 725 2027 803 ipse

251 840 385 880 eam
434 820 529 879 ad·
560 818 1007 882 convincendos
1051 822 1366 897 gentilium
1413 840 1647 881 errores
1691 823 1897 893 affert,
1940 825 2030 882 ita

251 922 592 999 argumenti
643 922 802 980 ratio
845 921 1060 998 priscis
1103 920 1496 999 religionibus
1542 940 1725 1001 quam
1765 922 2031 981 maxime

252 1022 555 1080 contraria
610 1021 1023 1101 suspicionem
1066 1019 1322 1099 praebet
1363 1030 1453 1080 ne·
1485 1020 1562 1080 ab
1608 1020 1811 1100 aliquo
1859 1017 2030 1080 Chri-

250 1122 485 1180 stianae
551 1139 769 1179 causae
838 1130 1099 1200 patrono
1167 1121 1471 1180 fallaciter
1536 1122 1618 1180 sit
1656 1121 2030 1200 composita.

253 1219 424 1292 Quae
479 1221 534 1279 si
587 1221 677 1278 ita
733 1237 800 1278 se
852 1219 1110 1291 habent,
1167 1239 1288 1298 qua
1342 1220 1588 1280 demum
1633 1220 1862 1280 fiducia,
1901 1221 2030 1299 qui-

250 1319 394 1377 dam
451 1317 754 1378 affirmant
808 1320 1134 1395 primarias
1193 1319 1746 1380 Sanchuniathonis
1791 1329 2032 1379 senten-

250 1419 367 1476 tias
412 1425 475 1475 et
515 1408 656 1496 ipsa
696 1415 1098 1477 fundamenta
1142 1420 1346 1496 operis
1383 1418 1568 1477 hodie
1602 1438 1921 1498 superesse
1938 1422 2034 1498 [y]‚

250 1528 313 1576 et
368 1536 444 1576 ex
498 1516 612 1575 hac
670 1526 957 1598 suspecta
1008 1516 1314 1594 farragine
1371 1528 1666 1596 tanquam
1701 1539 1744 1578 ‚e
1782 1518 2031 1598 publico

247 1637 440 1697 penu,
498 1615 798 1696 quidquid
839 1618 904 1674 in
947 1625 1217 1676 mentem
1273 1627 1379 1676 aut
1420 1617 1765 1692 libidinem,
1812 1617 2033 1697 depro-

247 1716 466 1777 munt'.l
536 1716 751 1776 Tacito
821 1716 1090 1795 quodam
1158 1735 1341 1776 sensu
1413 1717 1564 1796 quid
1626 1720 1695 1777 in
1750 1726 2032 1779 veterum

249 1819 642 1877 monimentis
711 1818 1031 1895 antiquum
1102 1817 1358 1890 tinniat,
1439 1836 1573 1878 sese
1642 1818 2031 1898 exploratum

246 1917 470 1976 habere
523 1918 713 1994 aJunt.
815 1916 1044 1975 Mirum
1102 1934 1251 1977 vero
1310 1915 1390 1975 de
1449 1916 1819 1996 quibusdam
1863 1914 2029 1976 Cice-

247 2019 415 2078 ronis
470 2026 531 2075 et
586 2017 858 2075 Platonis
925 2016 1098 2075 libris
1151 2018 1419 2075 infinitas
1476 2035 1610 2075 esse
1646 2013 2031 2077 ›Criticorum

249 2117 688 2190 dissensiones,
745 2116 993 2194 genuini
1049 2117 1173 2174 sint
1226 2134 1306 2174 an
1362 2117 1806 2195 suppositicii,·
1835 2135 2032 2197 neque

246 2216 314 2276 id
358 2238 392 2276 e
437 2217 650 2276 ceteris
695 2234 924 2278 eorum,
951 2216 1223 2295 scriptiS,
1292 2233 1448 2295 quae
1471 2215 1761 2295 ¹plurima
1804 2217 2031 2290 extant,

241 2318 410 2377 clare
473 2335 658 2397 posse
715 2314 1071 2393 dijudicari,
1139 2315 1247 2374 ubi
1301 2328 1451 2376 vero
1515 2314 1593 2376 de
1650 2315 2031 2376 Sanchunia-
2112 2311 2115 2314 ’

247 2417 433 2476 thone
476 2418 708 2494 agitur,
760 2415 1013 2480 homine,
1046 2415 1275 2475 nullius
1332 2415 1586 2488 coloris,
1646 2424 1780 2476 tum
1835 2417 2030 2476 maxi-

370 2573 450 2630 [5]
497 2572 647 2625 „Die
679 2572 1043 2626 Grund'lage,
1075 2570 1166 2613 die
1194 2570 1570 2626 Hauptideen
1597 2572 1784 2615 haben
1814 2572 1903 2614 die
1931 2584 2026 2627 ge-

248 2632 573 2675 lehrtesten
603 2630 898 2673 Forscher
928 2631 1017 2671 fiir
1060 2629 1163 2681 alt,
1211 2631 1303 2671 fiir
1346 2631 1762 2686 urspriinglich
1806 2631 2023 2687 phoni-

249 2691 409 2734 zisch
456 2689 766 2745 gehalten“
818 2688 1021 2730 Creuzer.
1063 2687 1210 2741 Symb.
1261 2688 1318 2730 T.
1350 2688 1408 2729 ΙΙ.
1458 2689 1524 2730 18.
1585 2689 1729 2745 Caput
1776 2694 1914 2730 autem
1960 2694 2028 2731 est

249 2751 327 2806 (ne
348 2750 444 2805 quis
474 2747 776 2803 obliviscatur)
806 2751 851 2789 et
864 2747 1182 2790 fundamentum
1210 2746 1346 2787 totius
1381 2747 1649 2802 Theologiae
1678 2747 1759 2789 hoc
1788 2747 1902 2802 quod
1931 2747 2026 2789 Eu-

250 2808 394 2851 sebius
424 2807 540 2850 clare
568 2807 759 2858 indicat,
806 2819 948 2848 omnes
978 2804 1158 2846 omnium
1188 2805 1376 2858 gentium
1406 2805 1510 2847 deos
1553 2805 1741 2847 homines
1779 2805 1914 2847 fuisse
1954 2819 2023 2847 er-

249 2881 348 2909 rore
375 2879 536 2923 nupero
568 2880 621 2907 ac
650 2864 812 2907 novitio
842 2865 887 2906 in
918 2863 1079 2907 coelum
1107 2863 1355 2916 translatos,
1385 2860 1452 2906 ὅτι
1482 2861 1510 2917 ἡ
1538 2865 1630 2905 τῶν
1657 2865 1780 2906 θεῶν
1810 2860 2024 2906 ἁπάντων

248 2921 474 2973 πολύθεος
502 2920 651 2977 πλάνη
680 2927 873 2981 μακροῖς
900 2920 1088 2979 ὕστερον
1116 2923 1248 2964 αἰῶσι
1277 2924 1504 2979 πέφανται
1549 2920 1775 2979 ἄρξαμένη
1810 2923 1899 2979 μὲν
1928 2919 2021 2965 ἀπὸ
2045 2958 2053 2963 ,

251 2987 480 3028 Φοινίκων
507 2983 586 3026 καὶ
613 2984 905 3038 Αἰγυπτίων,
954 2981 1147 3034 διαβᾶσα
1188 2979 1241 3022 δὲ
1268 2980 1332 3022 {z
1359 2976 1529 3023 τούτων
1556 2979 1632 3021 ἐπὶ
1659 2977 1714 3021 τὰ
1743 2978 1879 3022 λοιπὰ
1909 2981 2022 3033 ἔθνη

249 3043 328 3084 καὶ
354 3045 511 3099 μέχρις
540 3039 688 3084 αὐτῶν
711 3036 945 3094 Ἑλλήνων.
1005 3039 1128 3081 Haec
1156 3037 1194 3079 si
1224 3037 1450 3089 demseris,
1489 3037 1633 3079 brevis
1660 3037 1736 3080 illa
1764 3038 2020 3095 relinquitur

249 3100 309 3142 de·
333 3100 475 3142 mundi
503 3098 728 3155 principiis
757 3098 949 3140 narratio
965 3130 978 3150 ‚
1025 3110 1136 3152 quae
1178 3099 1316 3138 utrum
1358 3094 1580 3138 millesimo
1623 3102 1723 3152 post
1765 3096 1917 3139 Mosen
1961 3109 2016 3138 an

249 3161 350 3200 ante
377 3171 472 3200 eum
502 3170 612 3199 anno
644 3157 879 3213 composita
906 3155 988 3208 sit,
1027 3168 1147 3197 nemo
1186 3154 1423 3197 mortalium
1465 3153 1675 3196 hominum
1714 3155 1824 3197 scire
1860 3157 2018 3212 potest.

249 3216 317 3258 De
344 3216 543 3258 universa
572 3215 814 3271 Theologia
843 3215 954 3257 idem
985 3213 1098 3270 quod
1126 3213 1408 3255 Hissmannus
1441 3211 1607 3267 judicat
1635 3212 1786 3268 Zoega
1814 3213 1873 3255 de
1898 3213 2018 3255 Obe-

248 3274 414 3331 lismp.
445 3272 542 3315 536.
601 3273 891 3316 Philonem
921 3270 1440 3315 Sanchuniathonis
1469 3272 1685 3314 nomine
1722 3271 1787 3314 ad
1828 3270 2015 3314 conci-

249 3332 500 3376 liandam
543 3331 821 3375 Euemero
862 3331 1037 3374 fidem
1068 3330 1307 3403 jzbusum
1350 3327 1563 3372 videri.
