2150 3814
115 247 117 249 ·
220 216 348 280 978
924 225 1374 274 onrnch.

223 359 502 438 Diogene
575 367 787 417 tamen
849 354 1203 441 τραγῳδίας
1271 364 1333 414 et
1390 353 1656 440 τραγικοὶ
1710 353 2006 437 δράματα

226 471 517 541 tanquam
563 457 808 519 diversa
862 455 1212 534 tragoediae
1253 454 1482 531 lyricae
1527 463 1589 513 et
1633 452 2008 516 dramaticae

227 581 446 639 genera
491 558 783 633 distingui
824 557 1074 615 omnino
1118 572 1246 613 non
1288 564 1571 635 apparet3
1625 572 1770 615 nam
1813 574 2006 636 quum

226 671 406 721 antea
452 665 993 718 commemorasset
1036 654 1359 714 Timonem
1415 664 1709 735 poemata
1766 671 2007 736 quoque

227 758 492 819 edidisse
528 756 723 828 varia,
767 756 958 834 epica,
1001 757 1244 832 tragica,
1290 757 1574 831 satyrica,
1619 758 1870 829 comica,
1915 765 2007 815 at-

226 878 343 938 que
413 858 620 916 ultimi
689 856 924 933 generis
990 871 1314 915 numerum
1383 854 1760 933 designasset
1827 854 2006 939 τριά-

223 983 436 1041 κοντα,
479 959 622 1017 hinc
663 955 1015 1016 admonitus
1071 957 1246 1036 quasi
1302 974 1416 1036 per
1473 956 1794 1036 analepsin
1835 954 2010 1014 addit

223 1059 486 1146 τραγικοὶ
531 1057 600 1121 δὲ
645 1055 966 1137 ἑξήκοντα,
1028 1054 1488 1133 tragoedias
1532 1069 1719 1118 vero
1765 1050 2008 1135 duplo

224 1160 510 1241 plures

407 1598 1592 1677 EPIMETRUM
1704 1601 1816 1723 'V-

583 1768 660 1819 ad
712 1767 772 1821 P.
823 1767 863 1822 I.
924 1767 983 1822 C.
1032 1767 1137 1822 IV.
1196 1774 1242 1834 ξ.
1290 1772 1339 1822 2.
1401 1778 1532 1824 not.
1571 1786 1648 1821 cc.

407 1953 506 2013 Ab
563 1955 658 2014 his
716 1956 982 2034 antiquis
1031 1954 1484 2040 χρησμολόγοις
1542 1955 1774 2017 diversi
1833 1957 2005 2016 suere

218 2057 590 2114 recentiores
634 2059 969 2115 memoriae
1015 2056 1224 2129 arioli,
1284 2058 1388 2136 qui
1444 2074 1522 2114 ne
1583 2057 1778 2116 risum
1819 2071 2004 2137 prae-

163 2220 165 2222 ·
215 2154 431 2213 herent
486 2156 885 2215 astutioribus
946 2155 1207 2214 furendo
1267 2166 1328 2215 et
1381 2157 1812 2230 vaticinando,
1861 2175 2004 2223 *non

217 2269 330 2314 sua
373 2254 484 2314 sed
528 2265 808 2316 veterum
851 2266 1067 2318 vatum
1123 2257 1369 2317 oracula
1410 2256 1752 2316 recitabant
1796 2266 1858 2316 et
1899 2273 2003 2316 ex-

214 2355 548 2434 plicabant.
662 2357 765 2416 Sic
824 2356 1252 2443 χρησμολόγος
1308 2356 1560 2438 quidam
1625 2356 1813 2437 apud
1861 2355 2004 2417 Ari-

216 2455 418 2534 stoph.
461 2455 624 2515 Avv.
670 2448 812 2514 963.
857 2455 999 2515 975.
1067 2457 1310 2517 Bacidis
1356 2459 1677 2518 oraculum
1722 2471 1798 2537 ex
1839 2459 1998 2518 libro

215 2554 477 2633 profert3
544 2554 712 2634 apud
765 2555 1241 2636 Xenophontem
1297 2568 1390 2618 est
1445 2558 1776 2640 Diopi-thes
1830 2555 2000 2640 μάλα

211 2653 639 2739 χρησμολόγος
684 2657 840 2739 ἀνὴρ
899 2657 1088 2721 εἰπών
1142 2659 1226 2728 ὥς
1274 2657 1649 2730 Ἀπόλλωνος
1701 2664 1790 2739 εἴη
1842 2684 1997 2742 χρη-

221 2755 376 2836 σμὸς
430 2753 836 2838 φυλάξασθαι
893 2758 1008 2836 τὴν
1056 2759 1265 2838 χωλὴν
1311 2759 1638 2843 βασιλείαν
1680 2759 1844 2820 Hell.
1888 2755 1992 2818 ΠΙ.

218 2853 277 2912 3.
328 2853 465 2915 150.
526 2854 712 2935 idque
757 2857 1072 2917 oraculum
1130 2860 1571 2946 ἀνεγίνωσκεν,
1632 2869 1702 2919 ut
1754 2859 1993 2919 Plutar-

219 2951 364 3013 chus
422 2954 571 3014 dicit
613 2956 838 3035 Agesil.
894 2979 943 3017 c.
1000 2959 1102 3017 111.
1161 2960 1262 3019 73.
1320 2963 1425 3042 qui
1486 2974 1626 3020 eum
1679 2967 1993 3042 μαντειῶν

217 3062 499 3120 παλαιῶν
541 3057 866 3123 ὖπόπλεων
909 3070 1106 3120 vocat.
1178 3059 1279 3121 Sic
1323 3063 1509 3121 etiam
1555 3060 1989 3120 Ono'macr‘itus

214 3151 448 3215 Herod.
493 3155 621 3215 VII.
667 3159 725 3218 6.
787 3160 1061 3246 κατέλεγε
1115 3169 1243 3224 τῶν
1286 3168 1591 3245 χρησμῶν
1634 3197 1719 3206 -
1761 3160 1842 3223 τοὶ
1885 3157 1989 3222 εὔιε

213 3255 555 3334 τυχέστατα
594 3259 1000 3346 ἐκλεγόμενος.
1090 3261 1401 3335 Stilbides,
1441 3257 1986 3341 expeditionis&-

212 3354 385 3414 culae
428 3357 762 3438 impulsor,
806 3372 962 3421 unus
1005 3361 1194 3422 fuisse
1235 3362 1460 3423 dicitur
1503 3370 1635 3427 τῶν
1675 3361 1821 3430 τοὺς
1861 3377 1981 3421 πα-
