2150 3814
203 208 366 269 1062
744 219 961 265 menn
1027 218 1426 265 SECUNDUS.

197 352 295 413 bis
339 351 508 412 mille
552 368 743 411 annos
787 351 1200 429 unusquisque
1254 349 1377 410 fori
1432 352 1678 431 pistorii
1735 354 1980 416 institor

200 451 633 533 quaerentibus
702 448 1105 522 reddidisset,
1173 448 1359 509 hodie
1416 470 1707 531 quaerere
1777 471 1983 515 serum

201 562 312 612 est.
410 551 540 616 Nos
596 568 747 610 vero
809 569 886 609 ex
943 568 1191 610 summa
1257 550 1439 629 huJus
1509 554 1745 631 generis
1804 555 1986 634 copia

198 661 438 712 tantum
483 648 922 724 delibabimus,
989 658 1282 729 quantum
1327 650 1409 710 ad
1451 655 1848 733 antiquitates
1891 672 1989 713 sa-

198 739 331 810 cras
384 750 682 830 pertinet3
738 768 884 809 nam
943 748 1111 828 quod
1166 748 1354 808 hodie
1411 751 1648 811 obtinet
1702 764 1772 812 ut
1829 753 1988 813 aliae

195 851 626 932 placentarum
670 850 904 930 species
950 848 1051 908 die
1093 851 1442 909 nativitatis
1488 849 1716 911 Christi
1759 855 1989 930 fingan-

196 960 328 1024 tur,
374 950 532 1009 aliae
576 959 857 1030 tempore
902 950 1216 1022 Paschali,
1263 950 1422 1009 aliae
1465 951 1695 1028 vigiliis
1740 951 1866 1010 diei
1910 953 1993 1025 cif

196 1068 448 1123 nerum,
504 1051 656 1110 item
714 1050 883 1130 apud
910 1051 1197 1112 ¹Graecos
1254 1051 1565 1132 plerisque
1620 1050 1992 1110 solemnium

196 1167 310 1210 sua
353 1160 415 1209 et
455 1151 714 1230 propria
757 1162 933 1210 erant
975 1151 1120 1210 liba.
1167 1210 1171 1214 ff

361 1252 691 1333 Ὰιιφιφῶν
732 1260 1002 1322 πλακοῦς
1039 1253 1346 1334 Ἀρτέμιδι
1391 1251 1806 1333 ἀνακείμενος·
1872 1253 1990 1331 ἔχει

199 1349 268 1410 δ’
327 1352 395 1410 ἐν
453 1347 658 1430 κύκλῳ
719 1350 930 1431 δᾴδια.
1000 1388 1083 1395 —-
1170 1350 1545 1432 μνημονεύει
1602 1351 1860 1433 Δίφιλος
1927 1355 1995 1414 ἐν

192 1445 430 1527 Ἑκάτῃ.
535 1447 880 1531 Φιλόχορος
936 1450 1004 1512 δὲ
1068 1452 1457 1532 ἀμφιφῶντα
1525 1454 1836 1528 κληθῆναι
1889 1451 1996 1512 καὶ

200 1552 286 1616 εἷς
328 1547 410 1609 τοὶ
441 1555 549 1625 τῆς
587 1549 938 1629 Ἀρτέμιδος
982 1550 1114 1630 ἱερὰ
1160 1552 1486 1632 φέρεσθαι,
1535 1553 1619 1611 ἔτι
1663 1548 1732 1611 δὲ
1765 1550 1883 1611 καὶ
1911 1557 1995 1620 εἷς
2074 1614 2081 1620 ,

199 1647 312 1716 τὰς
338 1643 647 1727 τριόδους,
695 1649 821 1710 ἐπεὶ
865 1653 932 1712 ἐν
977 1649 1172 1729 ἐκείνῃ
1216 1658 1291 1730 τῇ
1336 1651 1534 1733 ἡιιιέρᾳ
1580 1655 1994 1732 ἐπικαταλαμ-

200 1743 465 1827 βάνεται
518 1747 556 1825 ἡ
604 1744 822 1827 σελήνη
867 1750 964 1809 ἐπὶ
1006 1755 1142 1818 ταῖς
1187 1751 1457 1831 δυσμαῖς
1501 1750 1641 1813 ὑπὸ
1668 1757 1775 1830 τῆς
1816 1750 1992 1829 ἡλίου

205 1847 509 1925 ἀνατολῆς
551 1848 657 1908 καὶ
701 1848 732 1909 ὃ
795 1849 1062 1930 οὐρανὸς
1120 1849 1423 1931 οξιιφίφως
1477 1850 1716 1934 γίνεται
1770 1849 1995 1910 Athen.

203 1941 367 2004 XIV.
427 1943 570 2004 645.
628 1946 703 2006 A.
797 1947 1025 2026 Ἐκείνη
1083 1949 1120 2027 ἡ
1177 1950 1375 2030 ἡμέρα
1401 1992 1404 1994 -
1432 1957 1526 2007 est
1584 1949 1716 2009 dies
1772 1949 1997 2026 Muny-

203 2043 439 2103 chionis
499 2044 773 2105 decimus
827 2049 1044 2106 tertius
1087 2048 1330 2107 Dianae
1373 2048 1746 2125 Munychiae
1790 2068 1997 2109 conse-

202 2152 402 2202 cratus
447 2145 651 2224 ἐπειδὴ
695 2151 825 2215 τοῖς
852 2147 1095 2225 Ἕλλησι
1148 2150 1288 2230 περὶ
1345 2155 1686 2229 Σαλαμῖνα
1739 2139 2000 2213 νικῶσιν.

202 2244 548 2326 ἐνὲλοιμψεν
589 2245 625 2324 ἡ
666 2244 817 2315 θεός
858 2245 1017 2304 Plut.
1063 2246 1232 2307 Glor.
1260 2247 1486 2308 Athen.
1514 2248 1646 2312 VII.
1671 2246 1774 2308 96.
1802 2248 1875 2308 Τ.
1888 2248 1996 2312 ΙΧ.

202 2341 602 2403 Philochorus
671 2347 858 2423 igitur
912 2347 1184 2406 Dianam
1243 2348 1506 2408 eandem
1563 2349 1806 2409 Lunam
1864 2367 1998 2410 esse

206 2442 525 2502 contendit
565 2455 926 2521 argumento
965 2447 1408 2523 infirmissimo,
1453 2449 1621 2529 quod
1655 2434 1896 2508 faculae
1939 2453 1997 2508 ei

205 2542 709 2619 accenderentur3
754 2564 902 2604 nam
946 2547 1348 2607 luminarium
1392 2567 1540 2608 usus
1571 2551 1636 2609 in
1681 2551 1852 2607 omni
1891 2569 1997 2627 ge-

203 2658 350 2700 nere
419 2661 735 2704 sacrorum
806 2653 869 2704 et
939 2645 1090 2704 olim
1149 2646 1550 2709 creberrimus
1607 2649 1729 2708 fuit
1785 2660 1848 2708 et
1905 2659 1998 2709 est

209 2741 585 2818 etiamnun03
650 2746 717 2802 in
774 2745 1140 2825 quibusdam
1198 2747 1511 2808 Ecclesiae
1571 2750 1844 2810 Graecae
1896 2769 1996 2810 so-

207 2840 512 2902 lemnibus
555 2863 749 2923 panes
796 2848 984 2906 cereis
1028 2845 1371 2908 lucentibus
1417 2862 1669 2911 ornatos
1717 2853 1789 2910 in
1842 2860 1995 2910 tem-

205 2939 379 3020 plum
423 2943 636 3003 inferri
689 2964 824 3011 mos
884 2956 975 3005 est
1031 2965 1089 3006 v.
1150 2948 1364 3007 Goetz.
1424 2949 1502 3009 de
1558 2952 1801 3011 Pistrin.
1859 2950 1994 3011 Vet.

207 3057 266 3117 p.
314 3040 455 3100 317.
513 3043 799 3124 idemque
846 3045 1013 3127 apud
1058 3066 1171 3106 nos
1216 3050 1347 3107 fieri
1405 3049 1564 3108 solet
1620 3051 1764 3110 libis
1822 3062 1994 3110 nata-

205 3253 272 3306 μα
304 3243 409 3280 ma?
389 3252 441 3286 ις’
476 3240 738 3298 ὀνομάζεται
770 3244 820 3288 d&
851 3240 967 3304 ἴτριά
989 3259 1034 3287 ιε
1065 3247 1142 3286 καὶ
1172 3243 1384 3305 ρύιιμαῐα
1415 3246 1468 3289 τὰ
1492 3252 1675 3292 τοιαῦτα
1700 3247 1848 3293 πάντα
1871 3253 1992 3294 πλα-

206 3291 410 3394 Ϊᾳύσματά
432 3312 484 3398 [τε
517 3303 591 3342 καὶ
621 3305 862 3360 πέμματα·
908 3317 984 3359 pro
1017 3301 1231 3360 ῥύμματα
1261 3306 1528 3348 scribendum
1560 3305 1836 3367 θρύμματα
1881 3309 1990 3351 unde

245 3368 428 3411 ρυμματ
450 3373 470 3404 ς
