2150 3814
680 205 1242 277 SAMo'rnnAclA.
1702 193 1865 257 1225

15 423 17 426 Α
84 343 479 424 inquisivisse
519 324 795 410 videtur,
838 355 952 396 nec
993 334 1167 395 deest
1207 333 1566 396 Herodotus
1609 337 1674 395 in
1715 339 1870 417 ipsis

84 444 398 520 mysteriis
429 441 665 502 nescio,
687 434 835 516 quid
872 436 958 496 ‘de
998 435 1304 495 Mercurio
1349 434 1513 496 tradi
1572 435 1870 512 referens3

84 563 231 604 nam
272 543 328 602 is
373 541 524 600 deus
567 558 609 599 a
637 536 918 614 Phrygiis
963 537 1150 596 sacris
1195 520 1430 596 alienus
1464 536 1869 616 Proserpinae

85 661 235 705 vem
262 699 265 701 a
291 639 827 717 conjunctissimus
884 647 994 696 est.
1097 635 1274 696 Haec
1326 655 1475 697 sane
1531 638 1649 696 erit
1688 637 1872 714 [longi

85 740 359 803 subsellii
405 738 790 811 deliberatio,
836 740 891 797 si
932 736 1270 815 litigatores
1312 738 1407 796 illi
1450 755 1694 798 summo
1730 739 1873 816 jure

82 838 452 901 contendere
497 839 823 898 obstinent.
922 837 1047 898 Sed
1088 838 1354 898 fortasse
1397 837 1479 897 ad
1521 839 1874 918 pactionem

83 939 454 1001 descendere
518 940 766 1004 malent.
879 938 1127 997 Etenim
1198 938 1370 1008 Rhea
1426 947 1611 1017 atque
1669 935 1873 1017 Ceres,

80 1059 433 1122 quanquam
494 1040 689 1101 altera
743 1049 941 1098 mater
997 1048 1158 1110 erat,
1215 1038 1412 1097 altera
1465 1037 1623 1109 filia,
1653 1046 1875 1104 ,tamen

81 1151 210 1201 tam
251 1141 655 1203 multainter
696 1157 764 1198 se
806 1138 1160 1202 communia
1200 1136 1546 1195 habuerunt
1587 1145 1658 1194 ut
1686 1136 1876 1195 Grae-

84 1243 170 1314 ci,
223 1259 423 1320 parva
477 1258 690 1298 curare
743 1238 965 1310 nescii,
1020 1236 1252 1297 deabus
1308 1236 1638 1309 matroniS,
1696 1254 1876 1316 prae-

84 1342 297 1401 sertim
348 1340 718 1420 peregrinis,
777 1336 967 1403 modo
1024 1338 1143 1398 hoc
1179 1337 1388 1414 ⁴modo
1446 1335 1604 1396 illud
1646 1355 1876 1396 nomen

84 1442 631 1514 communicarent3
676 1455 796 1519 quo
842 1439 1129 1518 exemplo
1166 1437 1506 1519 Euripides
1549 1437 1877 1497 inillustri

86 1542 354 1602 carmine
407 1540 549 1600 Hel.
599 1538 782 1608 1304.
871 1535 1110 1598 Cereris
1155 1537 1234 1597 de
1277 1548 1458 1619 rapta
1501 1537 1663 1596 filiae
1705 1556 1876 1597 moe-

84 1661 290 1702 rorem
347 1650 410 1700 et
462 1641 878 1721 placationem
934 1640 1022 1698 sic
1077 1648 1355 1712 enarrat,
1410 1646 1482 1697 ut
1536 1638 1680 1696 huic
1724 1637 1877 1698 deae

83 1759 213 1802 non
275 1739 478 1802 solum
543 1758 774 1800 nomen
838 1737 1040 1820 μήτηρ
1096 1738 1299 1819 ὀρεία,
1376 1737 1545 1817 quod
1607 1735 1877 1813 Cybelae

84 1843 411 1923 proprium
454 1847 566 1913 est,
609 1837 723 1899 sed
763 1840 955 1898 etiam
998 1837 1370 1917 crepitacula
1394 1837 1679 1897 bacchica
1698 1839 1771 1919 [¹]
1818 1849 1879 1898 et

207 2025 281 2084 [Χ]
326 2024 499 2069 Cereris
532 2025 691 2068 teletas
719 2024 935 2083 tympanis
965 2029 1011 2067 et
1039 2023 1250 2080 cymbalis
1279 2037 1514 2081 personare
1543 2024 1735 2081 exemplo
1768 2025 1876 2068 deae

92 2085 227 2128 filiam
258 2085 529 2142 quaerentis,
568 2084 793 2141 ipsamque
821 2085 878 2126 ob
906 2083 953 2126 id
984 2096 1011 2124 a
1034 2082 1225 2125 Pindaro
1254 2078 1562 2140 χαλκόκροτον
1600 2083 1688 2125 dici
1726 2084 1873 2127 lsthm.

90 2144 214 2188 VIII.
243 2143 286 2188 3.
327 2143 600 2187 Scholiastae
640 2142 882 2194 affirmant3
928 2141 1084 2197 quibus
1121 2140 1327 2196 Lampius
1356 2140 1410 2182 de
1450 2141 1604 2196 Cymb.
1633 2141 1692 2184 II.
1724 2141 1767 2185 5.
1799 2143 1878 2186 ad-

86 2202 234 2259 jungit
259 2202 421 2258 Velleji
448 2200 736 2244 testimonium
764 2198 801 2242 Ι.
831 2200 874 2243 4.
907 2198 1252 2241 Cerealibus
1282 2198 1466 2240 sacris
1497 2199 1650 2242 aeris
1685 2215 1877 2244 sonum
1910 2236 1914 2241 .

92 2260 251 2304 cieri.
303 2260 423 2313 Quin
451 2259 635 2303 Vossius
664 2259 722 2302 ad
748 2259 808 2301 H.
837 2259 895 2300 H.
925 2258 970 2300 in
1002 2257 1102 2300 Cer.
1134 2273 1176 2314 p.
1207 2257 1277 2300 21.
1307 2257 1415 2300 illud
1443 2257 1488 2300 in
1517 2257 1753 2301 Eleusiniis
1781 2260 1878 2302 fac-

89 2325 181 2363 tum
210 2333 306 2362 esse
333 2322 463 2376 putat
489 2318 534 2360 in
562 2318 852 2375 Phrygiorum
882 2316 1200 2359 similitudinem
1230 2316 1469 2373 corruptis,
1510 2321 1651 2360 motus
1689 2320 1877 2361 fortasse

93 2379 358 2422 auctoritate
386 2377 532 2421 Schol.
561 2377 698 2421 Arist.
739 2377 849 2420 Ach.
888 2374 989 2418 716.
1036 2375 1238 2418 Cererem
1280 2375 1499 2418 Achaeam
1535 2378 1876 2432 cognominatam

93 2451 190 2479 esse
229 2434 319 2480 ἀπὸ
350 2438 432 2480 τοῦ
459 2431 574 2494 ἤχου
604 2432 659 2480 ὃν
687 2440 910 2496 παρεῖχον
937 2435 989 2478 ἐν
1017 2439 1111 2483 τοῖς
1139 2435 1245 2493 περὶ
1274 2431 1356 2488 τὴν
1385 2437 1602 2493 Γέφυραν
1641 2438 1704 2484 εἰς
1736 2433 1878 2491 Ἀθή-

95 2510 178 2544 νας
214 2493 452 2550 ἀπιοῦσιν,
491 2493 570 2548 ubi
606 2495 751 2551 pontis
792 2492 907 2537 sacri
938 2493 1096 2535 mentio
1126 2492 1406 2548 suspicionem
1447 2493 1630 2549 praebet
1665 2495 1878 2538 excidisse

95 2554 147 2600 ἐν
173 2558 268 2603 τοῖς
290 2551 576 2603 Ἐλευσινίοις
612 2555 707 2604 τοῖς
741 2577 802 2587 --
842 2550 1020 2595 ἀνιοῦσι
1062 2551 1134 2593 vel
1173 2551 1325 2608 plura,
1365 2551 1443 2593 sed
1483 2552 1537 2593 de
1575 2555 1794 2610 tympanis
1833 2560 1879 2597 et

96 2612 305 2669 cymbalis
336 2612 408 2655 hic
436 2611 541 2654 nihil
580 2603 766 2664 dicitur,
810 2626 862 2654 ac
898 2610 996 2652 fieri
1035 2615 1181 2668 potest
1202 2614 1268 2652 ‘ut
1306 2610 1414 2651 nihil
1451 2610 1569 2652 aliud
1610 2612 1879 2668 significetur

96 2682 222 2728 quam
253 2671 367 2727 quod
395 2669 683 2728 Apollodorus
709 2669 847 2713 tradit
874 2669 1051 2725 Fragm.
1082 2683 1125 2725 p.
1154 2666 1256 2710 402.
1299 2669 1643 2726 Hierophantam
1673 2673 1751 2726 τῆς
1777 2668 1876 2716 Κό-

98 2746 177 2789 ρης
204 2730 562 2831 ἔπικοιλουέένης
587 2724 845 2787 ἔπικρούειν
872 2726 922 2773 τὸ
953 2723 1206 2786 λεγόμενον
1233 2726 1412 2783 τίχεῖον·
1453 2728 1567 2770 unde
1609 2743 1693 2772 non
1732 2731 1878 2787 sequi-

98 2793 170 2830 tur
210 2791 374 2845 mystas
458 2788 662 2831 leusinios
697 2794 904 2845 tympana
942 2792 987 2830 et
1028 2785 1228 2842 cymbala
1267 2792 1477 2841 gestasse.
1536 2786 1599 2829 Et
1642 2793 1691 2832 ut
1732 2788 1878 2832 demus

100 2846 440 2949 §simma
470 2847 546 2950 23¹
560 2846 673 2949 §23¹3
704 2861 819 2949 ³53⁸
839 2846 1177 2948 ssssmri¹³⁸11i⁰¹¹⁰
1207 2845 1803 2950 iisi‘ffissssssbssessssc‘i‘ssniusst
1832 2863 1876 2896 v·

234 2935 246 2948 .
442 2939 453 2950 .
673 2938 682 2948 .
799 2937 810 2948 .
910 2937 920 2948 .
999 2936 1009 2946 .
1103 2936 1113 2946 .
1176 2935 1188 2947 .
1309 2934 1319 2944 .
1778 2922 1876 2950 cco—

101 2962 258 3015 luisse,
296 2969 436 3008 tamen
466 2965 519 3010 ad
550 2963 778 3009 Eleusinia
806 2964 912 3013 nihil
941 2963 1041 3007 hinc
1065 2919 1303 3014 redgndau
1347 2918 1443 3005 iliam
1485 2963 1657 3007 Cereris
1693 2966 1876 3023 Gephy-

101 3035 232 3064 raeae
262 3020 353 3064 sive
380 3024 580 3067 Achaeae
609 3038 736 3066 sacra
767 3022 1040 3080 Gephyraeis
1075 3021 1257 3078 gentilia
1287 3028 1410 3064 erant
1439 3037 1579 3079 neque
1609 3038 1702 3067 cum
1732 3025 1879 3070 Athe-

101 3080 321 3123 niensibus
349 3083 594 3128 communia.
633 3083 803 3126 Nomen
828 3082 970 3140 ipsum
994 3080 1151 3139 Ἀχαία
1179 3095 1214 3123 S.
1241 3077 1424 3137 Ἀχαιοὶ,
1467 3083 1589 3138 cujus
1618 3083 1756 3140 prima
1786 3083 1878 3141 syl-

101 3138 206 3183 laba
230 3139 390 3194 brevis,
419 3140 477 3195 ab
637 3141 811 3185 ductum
839 3155 923 3184 non
951 3154 1047 3184 esse
1071 3141 1160 3196 jam
1189 3144 1360 3182 veteres
1387 3140 1626 3185 docuerunt
1653 3157 1695 3185 v.
1711 3142 1875 3187 Anecd.

103 3194 243 3240 Bekk.
282 3211 324 3255 p.
352 3197 452 3241 474.
480 3210 485 3216 ’
580 3200 682 3257 ‘que
711 3214 737 3243 a
766 3213 959 3244 moerore
987 3202 1201 3256 repetunt,
1231 3197 1343 3241 unde
1371 3198 1521 3243 eadem
1544 3198 1728 3257 ’Λχθεία
1757 3202 1876 3245 dicta

102 3262 171 3299 est
196 3258 434 3312 μυστικῶς,
466 3263 515 3300 ut
539 3257 762 3315 Hesychio
790 3259 949 3316 placet,
981 3265 1025 3301 et
1054 3259 1242 3300 fortasse
1272 3254 1438 3318 Ἀχερώ
1454 3291 1467 3311 ,
1512 3260 1666 3316 quibus
1695 3261 1874 3303 nomini-

103 3315 186 3357 bus
214 3314 358 3357 nescio
386 3328 442 3357 an
469 3315 603 3359 Ceres
639 3317 808 3362 inferna
845 3316 1090 3373 significata
1118 3316 1198 3368 sit,
1241 3315 1309 3358 cui
1339 3315 1514 3361 Feralia
1542 3318 1876 3364 instituebantur

103 3387 197 3417 cum
227 3373 340 3416 aeris
369 3374 550 3432 strepitu
578 3382 781 3421 consueto
799 3376 1004 3421 .Maniu1n
1034 3375 1330 3419 delenimento.
