2150 3814
189 198 351 256 1202
745 206 978 250 Lmen
1024 205 1387 250 TERTIUS.

186 340 473 419 ticipant‚
530 355 721 415 neque
764 335 859 394 his
904 336 1188 395 solertiae
1230 335 1466 394 fabrilis
1508 333 1756 394 laudem
1783 352 1962 395 -com-

192 440 516 498 municant.
605 433 729 494 Sed
774 434 851 492 ab
897 433 1179 493 omnibus
1224 434 1572 512 longissime
1616 433 1966 513 discrepant

191 538 541 607 Telchines,
601 535 706 612 qui
762 544 979 592 natura
1034 540 1096 591 et
1155 535 1357 611 specie
1408 536 1676 594 immites
1733 533 1971 611 ferique

190 655 386 715 neque
440 651 706 713 unquam
764 634 955 710 geniis
1015 631 1309 712 adscripti
1362 632 1667 694 beneficiis
1713 633 1792 693 ob
1835 633 1971 692 nul-

194 737 318 793 lam
387 734 574 792 aliam
639 751 886 792 causam
956 734 1116 790 inter
1171 732 1437 792 familias
1487 734 1809 792 hieraticas
1862 751 1972 791 nu-

194 836 423 892 merari
467 840 831 912 potuerunt,
875 850 1058 912 quam
1104 833 1248 911 quia
1290 850 1503 891 eorum
1548 832 1822 904 deorum,
1863 834 1974 911 qui

194 933 269 992 ab
313 933 466 1013 ipsis
513 932 812 993 Telchinii
855 932 1235 992 denominati
1277 942 1450 1006 sunt,
1508 949 1680 1010 sacra
1721 940 1786 990 et
1827 931 1976 991 ceri-

194 1034 434 1092 monias
478 1034 814 1093 instituisse
858 1032 1261 1093 crederentur.
1960 1048 1963 1051 ·

913 1303 1256 1363 cmxv.

548 1430 1624 1488 DeCabiriS.

992 1628 1044 1707 ξ.
1140 1627 1189 1685 l.

370 1794 675 1869 Quoniam
713 1799 778 1856 in
808 1796 1145 1856 referendis
1176 1810 1455 1855 veterum
1482 1796 1800 1855 sententiis
1826 1804 1983 1856 tem-

199 1912 422 1974 porum
468 1895 748 1955 ordinem
793 1915 1155 1958 conservare
1199 1896 1658 1968 constituimus,
1711 1897 1983 1974 primum

200 1993 453 2054 Aretino
509 1998 933 2054 testimonium
990 1996 1370 2067 deferamuS‚
1429 2013 1608 2073 quem
1653 1994 1734 2053 ad
1775 2005 1983 2075 partes

201 2095 452 2154 vocavit
520 2093 894 2154 Welckerus.
1004 2096 1252 2154 Etenim
1312 2095 1654 2169 Dionysius
1708 2093 1879 2158 Antt.
1936 2096 1983 2154 I.

199 2193 300 2251 68.
360 2192 436 2251 de
491 2192 821 2253 Penatibus
878 2195 1170 2255 Romanis
1216 2194 1520 2254 disserens
1565 2214 1599 2252 e
1643 2192 1862 2272 Troja,
1916 2204 1988 2254 ut

200 2302 412 2371 putat,
458 2293 764 2367 advectiS‚
808 2305 992 2372 negat
1035 2314 1101 2355 se
1144 2315 1277 2355 rem
1319 2296 1383 2353 in
1429 2294 1665 2359 occulto
1708 2294 1987 2355 habitam

203 2393 502 2452 curiosius
546 2402 956 2454 scrutaturum
1003 2415 1136 2455 esse
1179 2395 1290 2455 sed
1347 2413 1421 2453 ea
1473 2413 1630 2473 quae
1675 2392 1987 2454 Callistra-

203 2500 320 2563 tuS,
367 2491 629 2568 Satyrus
673 2494 973 2573 aliique
1015 2497 1242 2554 multi
1286 2506 1347 2553 et
1391 2496 1664 2553 omnium
1698 2495 1987 2557 vetustis-

205 2592 396 2649 simus
439 2591 726 2653 Arctinus
769 2592 1168 2668 tradiderint,
1225 2596 1356 2653 sine
1402 2596 1758 2674 quusquam
1803 2594 1988 2653 offen-

205 2692 379 2749 sione
424 2694 649 2771 exponi
692 2712 893 2773 posse.
962 2695 1089 2754 Eos
1134 2703 1341 2755 autem
1384 2695 1535 2755 haec
1575 2713 1824 2755 narrare
1869 2696 1989 2772 (λε’-

204 2812 386 2874 γουσι
443 2792 514 2855 δὲ
559 2790 735 2875 ὧδε)ε
796 2792 1070 2871 Chrysen
1113 2796 1411 2855 Pallantis
1452 2796 1646 2856 filiam
1687 2794 1984 2854 Dardano

210 2909 395 2969 quum
451 2892 708 2952 nuberet
763 2893 925 2953 dotis
979 2895 1114 2954 loco
1161 2897 1439 2956 attulisse
1482 2893 1759 2955 Palladia
1804 2904 1865 2954 et
1906 2894 1984 2957 τὰ

208 2992 340 3071 ἱεροὶ
382 3000 512 3055 τῶν
555 2992 843 3079 μεγάλων
884 2998 1058 3058 θεῶν
1074 2997 1154 3076 [*]
1212 3015 1403 3076 eaque
1446 3014 1617 3055 sacra
1661 3014 1698 3053 a
1740 2993 1987 3053 Darda-

209 3107 290 3146 no
335 3092 399 3148 in
446 3091 933 3154 Samothraciam
980 3096 1276 3155 translata
1320 3115 1470 3170 esse,
1513 3095 1676 3155 unde
1707 3114 1894 3174 quum
1922 3096 1988 3153 in

328 3286 383 3342 [⁴]
437 3288 677 3332 Pausanias
708 3291 804 3334 VII.
846 3293 913 3334 19.
955 3297 1103 3334 narrat
1144 3292 1391 3335 Dardanum
1436 3308 1462 3335 a
1502 3293 1611 3335 Jove
1651 3292 1802 3335 Liberi
1841 3291 1985 3334 Patris

210 3344 521 3399 imagunculam
553 3349 771 3406 accepisse
803 3351 911 3394 cista
940 3351 1162 3405 inclusam,
1201 3358 1354 3408 postea
1385 3352 1439 3394 ad
1471 3352 1700 3394 Patrenses
1729 3350 1925 3394 delatam.
